4159 6184
243 299 302 361 S'll
975 297 1008 359 S.
1030 295 1218 360 amaruan
1780 239 1786 254 ,
1888 290 1947 353 272

244 427 387 488 terribilia
410 424 487 498 aliis,
513 425 580 484 eliis
603 426 775 486 meticulose
804 428 873 484 sint.
907 428 958 484 liet
987 427 1066 484 enim
1080 429 1109 497 Α
1124 426 1308 496 mulieribus,
1326 425 1384 484 nisi
1398 425 1508 496 enims,
1524 439 1588 498 que
1602 425 1634 482 in
1648 426 1774 496 utroque
1788 437 1949 498 seeupre·

245 519 353 580 donate
374 515 567 589 prerogativa
590 517 724 590 quadem
751 516 876 592 singulis
904 517 1066 574 creaturis:
1122 517 1261 574 stantiam
1278 515 1408 589 possidet
1420 512 1674 588 pulchritudinis?
1688 511 1949 572 Etmeritodecore

245 610 278 672 ut
291 606 473 680 quibusdem
499 605 658 680 privilegiis
672 605 799 680 propriis
813 606 981 665 fulciantur.
999 606 1067 663 For·
1122 609 1176 672 set,
1194 622 1259 678 quae
1274 622 1334 662 non
1348 609 1464 662 terrene
1489 605 1541 661 sod
1570 602 1708 675 coelestia,
1729 617 1789 660 non
1805 598 1949 673 corrupti·

245 695 395 754 midabilie
418 696 513 754 tauris
535 695 720 768 elephantus,
753 713 869 754 murem
894 696 987 752 timet.
1012 695 1068 750 Leo
1122 694 1194 750 bilia
1208 694 1259 752 sed
1287 695 1460 767 incorrupte
1485 692 1642 762 desiderat,
1667 692 1697 748 in
1727 691 1835 763 quibus
1857 689 1950 746 decus

245 784 560 858 quidemrexiorarum
582 784 686 858 exiguo
699 785 863 857 scorpionis
885 784 986 842 eculeo
1001 800 1068 840 exe·
1123 785 1217 857 perire
1241 800 1299 840 non
1328 783 1430 840 soleat.
1461 781 1630 855 Corporalie
1655 779 1736 838 enim
1759 778 1860 836 omnia
1881 795 1951 851 pro·

245 874 365 947 gitatur,
381 877 411 931 et
423 888 533 930 veneno
549 873 694 946 serpentis
711 874 866 930 occiditur.
883 873 997 930 Eximio
1009 872 1069 929 leo·
1122 890 1208 930 cessu
1224 872 1329 942 etatis,
1344 877 1396 929 eut
1408 871 1590 945 egritudinis
1606 868 1802 943 inaequalitate
1821 881 1951 927 marces-

245 962 293 1021 nie
306 961 493 1036 pulchritudo
519 964 670 1018 eumentes
699 963 808 1019 cervice
839 966 919 1018 toros
949 961 1068 1025 excutit,
1123 968 1203 1019 cunt.
1221 962 1293 1018 Huic
1307 962 1435 1031 attende,
1458 960 1530 1017 dicit
1553 961 1677 1033 Moyses,
1699 959 1729 1014 in
1751 963 1856 1030 quatu
1871 959 1952 1014 totus

245 1051 290 1108 vol
305 1050 420 1108 sublato
444 1054 560 1122 pectore
583 1050 692 1107 attollit
706 1068 766 1108 ore.
786 1052 842 1108 Sed
858 1051 999 1123 quianon
1013 1049 1069 1104 mi·
1124 1069 1166 1120 es,
1182 1053 1210 1107 in
1235 1068 1295 1122 que
1320 1050 1424 1108 melior
1446 1050 1490 1106 tui
1517 1049 1610 1123 portio
1635 1052 1689 1108 est.
1710 1047 1841 1119 Denique
1857 1046 1951 1104 iuter-

246 1143 396 1198 rsturtsm
420 1137 500 1194 brevi
515 1139 679 1212 scorpionis
694 1139 805 1206 eoulso,
818 1144 851 1195 ut
865 1139 1068 1210 incorporeum
1123 1143 1256 1214 pretetus
1271 1143 1316 1196 est
1331 1140 1474 1196 Dominus
1488 1140 1554 1212 quis
1574 1138 1615 1195 sis
1630 1142 1672 1206 tu,
1690 1135 1800 1194 dicens.
1815 1135 1953 1194 Attendite

245 1231 343 1302 putes,
355 1227 518 1299 ingentium
530 1244 686 1300 corporum
704 1229 781 1283 exire
797 1228 945 1283 mortem?
1124 1231 1229 1285 vobisc
1256 1229 1336 1300 salsis
1361 1229 1502 1300 prophetis
1530 1226 1634 1301 (idalii.
1659 1240 1710 1294 ver,
1724 1225 1787 1296 lbi:
1804 1224 1854 1282 isti
1869 1223 1952 1280 enim

279 1317 323 1374 38.
350 1316 409 1374 Noc
432 1315 487 1373 hoe
512 1317 661 1389 quispiam
687 1317 882 1389 reprehendat
907 1317 975 1388 (78),
990 1315 1069 1388 quod
1124 1318 1253 1375 enimam
1280 1316 1443 1386 debilitent,
1474 1320 1602 1374 mentem
1631 1315 1788 1374 subruunt.
1813 1313 1876 1370 Non
1891 1312 1951 1386 igi-

245 1406 364 1465 uersor
377 1409 528 1480 serpentes
549 1407 690 1464 creaturis
715 1407 789 1475 suis,
815 1406 930 1477 aliaque
946 1403 990 1461 vel
1007 1403 1070 1461 eni·
1123 1411 1172 1464 tur
1187 1423 1253 1462 caro
1282 1410 1314 1462 tu
1343 1423 1385 1462 es.
1416 1406 1490 1472 Ouid
1517 1406 1596 1462 enim
1621 1408 1747 1461 estoero
1766 1402 1953 1461 sineauimae

246 1493 615 1554 mentiumvelherbarum
639 1499 899 1568 generavenenete
908 1494 1067 1550 miscuerit
1124 1495 1331 1569 gubernaculo,
1357 1495 1465 1552 mentis
1485 1493 1605 1568 vigurat
1620 1493 1693 1550 Caro
1708 1491 1795 1550 hodie
1810 1490 1951 1558 sumitur,

244 1583 320 1642 Nate
345 1586 415 1640 sunt
440 1582 520 1639 enim
542 1583 603 1638 haee
628 1583 666 1639 ad
691 1584 903 1656 correptionem
925 1586 1068 1651 nostram,
1125 1601 1189 1640 cres
1202 1583 1367 1656 deponitur.
1384 1585 1458 1642 Caro
1481 1581 1663 1656 temporalis,
1686 1580 1786 1640 aalma
1800 1579 1953 1638 diuturna.

246 1689 306 1729 non
320 1672 357 1729 ed
373 1672 624 1730 deformationem.
649 1671 723 1728 Nem
738 1688 802 1744 queo
822 1671 946 1745 ignavis,
959 1675 1011 1727 aut
1025 1671 1069 1726 in·
1124 1673 1196 1730 Caro
1216 1673 1343 1729 amictus
1368 1676 1413 1730 est
1436 1672 1551 1740 enimes,
1577 1686 1640 1744 quae
1657 1686 1688 1727 se
1710 1668 1808 1726 induit
1821 1668 1954 1741 quodam

247 1761 352 1834 firmis,
366 1765 418 1821 aut
440 1760 540 1833 impiis
555 1760 729 1833 plerumque
744 1759 896 1817 offensioni
911 1763 999 1832 atque
1010 1764 1069 1816 ter·
1084 1801 1110 1868 Β
1125 1761 1255 1834 eorporis
1283 1761 1467 1817 vestimento.
1498 1760 1560 1815 Non
1578 1759 1669 1833 igitur
1693 1762 1727 1814 tu
1741 1757 1956 1814 vestimentum

247 1849 306 1907 rori
330 1852 409 1917 sunt,
436 1848 501 1905 eliis
526 1850 593 1906 usui
617 1850 660 1906 ite
684 1853 755 1906 sunt
781 1849 853 1917 hec,
869 1853 902 1905 ut
921 1848 1072 1922 pedagogi
1127 1867 1169 1917 es,
1185 1851 1235 1906 sed
1251 1849 1301 1922 qui
1316 1849 1491 1906 vestimento
1507 1848 1608 1905 uteris.
1625 1845 1759 1904 ldeotibi
1774 1844 1893 1917 dieitur,
1909 1849 1955 1913 ut,

248 1938 388 2012 parvulis.
413 1939 511 1996 Ameri
532 1940 680 2008 videntur,
706 1939 802 1996 ecerbi
818 1942 847 1995 et
872 1938 996 2007 molesti,
1013 1937 1072 1994 ior·
1127 1938 1293 2011 exspolians
1320 1942 1444 1994 veterem
1470 1937 1620 1996 bominem
1647 1951 1714 1994 cum
1736 1935 1854 1992 ¹sortibus
1875 1934 1955 2006 ejus,

248 2027 403 2085 midebiles
428 2028 557 2098 verbere,
583 2027 748 2084 libertatem
770 2026 938 2084 lasciviendi
953 2029 1072 2099 negent,
1128 2045 1234 2084 novum
1250 2028 1368 2093 indues,
1392 2027 1442 2099 qui
1458 2042 1517 2082 non
1541 2025 1571 2082 iu
1593 2024 1723 2098 corporis
1733 2023 1885 2096 qualitate,
1901 2024 1958 2080 sed

248 2116 452 2174 necessitatem
477 2115 641 2189 discipline
655 2114 785 2190 exigunt,
804 2115 931 2188 pueriles
945 2115 1070 2183 animos,
1128 2117 1157 2172 in
1173 2115 1277 2188 spiritu
1294 2115 1411 2184 mentis,
1446 2119 1474 2172 et
1497 2114 1645 2188 agnitione
1668 2117 1826 2170 renovatur
1840 2113 1956 2184 (wiese.

248 2203 370 2262 neluau
396 2205 536 2275 defluent,
562 2210 673 2262 terrore
696 2201 922 2278 constringunt:
949 2204 1073 2276 ideoque
1127 2223 1168 2274 111,
1193 2205 1246 2276 10).
1276 2204 1350 2273 Non,
1380 2204 1511 2277 inquam,
1541 2220 1608 2260 cere
1637 2218 1668 2259 es
1683 2207 1715 2260 tu
1734 2219 1741 2272 ;
1758 2217 1853 2274 nsque
1872 2201 1957 2258 enim

247 2293 354 2352 borum
368 2294 539 2352 austeritate
553 2294 628 2367 frugi
644 2295 780 2363 evadunt,
797 2293 897 2361 sobrii,
922 2294 1072 2350 continen-
1127 2293 1208 2350 eerni
1236 2294 1372 2350 dieitur:
1403 2293 1541 2366 Templum
1565 2293 1641 2348 euim
1666 2293 1864 2348 liettardum
1901 2297 1957 2357 est,

248 2386 303 2452 tas,
318 2382 400 2440 laudi
414 2383 510 2456 magis
524 2399 615 2456 quem
630 2383 700 2440 ludo
716 2384 816 2439 dediti.
833 2384 922 2440 Vides
934 2383 1005 2456 quid
1015 2387 1072 2438 ter-
1128 2383 1198 2456 quod
1224 2385 1288 2440 estis
1315 2399 1360 2439 uos
1389 2383 1414 2455 (l
1441 2385 1503 2440 Gor.
1519 2398 1562 2454 111,
1581 2381 1637 2453 17).
1667 2379 1796 2449 litelibi,
1813 2380 1958 2454 amplam

248 2471 345 2538 ribilia
370 2472 429 2528 isle
456 2471 571 2544 flagella
598 2472 775 2545 proficiant?
801 2471 847 2528 Sic
877 2476 906 2528 et
925 2479 1074 2545 serpentes
1127 2474 1177 2529 Dei
1202 2488 1247 2528 cos
1270 2473 1345 2541 ertia,
1368 2475 1394 2527 ct
1418 2470 1537 2542 Spiritus
1562 2477 1670 2526 sauctus
1692 2468 1798 2526 laabim
1819 2469 1851 2524 ia
1878 2467 1959 2524 vobis

249 2560 365 2634 bugella
378 2564 449 2618 eunt
462 2561 689 2641 eoruquuibus
704 2561 822 2616 infirme
843 2560 934 2616 animi
949 2564 1029 2628 atas,
1045 2564 1074 2616 et
1128 2561 1206 2632 [ibid.
1224 2561 1267 2633 16)
1280 2579 1286 2617 :
1302 2560 1353 2618 sed
1370 2558 1514 2616 renovetis
1530 2558 1637 2615 dieitur
1651 2561 1681 2614 et
1695 2556 1830 2614 fidelibus
1845 2555 1876 2612 in
1890 2556 1960 2628 qui-

248 2651 382 2722 quadem
397 2648 518 2722 puerilis
533 2650 641 2706 mentis
656 2654 701 2705 est
714 2649 825 2717 virtus;
850 2653 987 2706 ceterum
1012 2650 1073 2705 for·
1128 2651 1184 2705 bus
1199 2653 1352 2721 pormanet
1375 2648 1503 2721 Spiritus
1517 2647 1580 2704 Dei.
1609 2647 1641 2704 ln
1661 2644 1826 2704 carnalibus
1851 2649 1959 2702 autem

249 2736 374 2796 tionibus
389 2754 492 2795 nocere
516 2755 575 2794 non
600 2742 736 2810 possunt.
764 2738 892 2810 Denique
917 2737 1074 2795 confidenti
1129 2755 1186 2796 non
1202 2742 1364 2812 permanet,
1380 2736 1451 2810 quie
1465 2737 1608 2808 seriptum
1623 2741 1689 2792 est:
1711 2736 1770 2790 Nou
1782 2733 1962 2806 pemmusbit

248 2826 279 2884 iu
293 2826 536 2884 dominodietum
552 2830 614 2882 est:
641 2826 728 2897 Super
741 2826 861 2897 aspidem
874 2831 901 2882 ct
916 2827 1075 2882 basiliscum
1127 2829 1241 2900 spiritus
1266 2844 1343 2884 meus
1366 2829 1397 2882 ia
1418 2826 1575 2882 bominibus
1605 2826 1677 2890 istie,
1707 2824 1839 2896 quoniam
1860 2837 1962 2880 carnes

240 2915 424 2988 ambutabit,
440 2914 646 2971 etceneuleobia
661 2914 767 2970 leonem
786 2923 812 2969 et
826 2914 971 2971 draconem
986 2915 1072 2987 (Paul.
1127 2921 1191 2972 sunl
1205 2915 1282 2989 (Gen.
1297 2933 1336 2986 vr,
1353 2916 1392 2988 3).

249 3018 295 3071 xe,
322 3003 376 3075 13).
407 3001 532 3058 Paulum
560 3003 719 3058 momordit
744 3003 852 3075 vipera,
882 3008 911 3059 et
930 3003 1074 3076 putebant
1442 3003 1558 3062 CAPUT
1579 3002 1638 3058 Vll.

249 3107 317 3148 eum
333 3090 418 3162 quasi
432 3094 614 3164 peecatorem
629 3091 677 3148 vir
690 3091 725 3148 de
741 3093 893 3166 naufragio
914 3097 1072 3162 serratum,
1128 3095 1250 3150 Hominis
1282 3094 1449 3156 creationem
1471 3109 1489 3148 a
1502 3091 1719 3149 consideratiore
1743 3091 1874 3152 creatcrit
1888 3105 1960 3146 aas·

247 3195 358 3236 veneno
379 3195 443 3236 esec
463 3180 656 3237 moriturum:
682 3181 732 3238 sed
747 3186 938 3254 posteaquem
953 3182 1071 3239 inviola·
1086 3168 1108 3239 G
1159 3165 1959 3306 &glire-0³Fssmtessatffitigcnmen'zuffi„awa”

248 3267 318 3326 bilis
332 3267 442 3324 mansit
461 3285 583 3326 excussa
602 3270 632 3325 in
657 3269 756 3343 ignem
780 3272 890 3342 vipera,
912 3269 1071 3344 plusepud
1162 3255 1305 3364 anstrat.
1337 3307 1457 3378 Denique
1486 3306 1624 3360 hommem
1648 3311 1680 3360 u,
1707 3311 1849 3376 coquom,
1880 3305 1961 3360 me

248 3356 395 3415 intuentes
417 3357 612 3415 venerationis
636 3358 755 3416 invenit.
779 3359 835 3415 Sed
851 3360 956 3432 etipse
970 3359 1072 3418 Domi·
1161 3381 1278 3446 magum
1302 3379 1411 3449 cujusve
1432 3379 1594 3449 imaginem,
1616 3381 1642 3432 ,p
1666 3377 1695 3432 p,
1721 3391 1775 3447 qm,
1798 3382 1877 3448 pam
1892 3389 1959 3431 eam

247 3464 305 3502 nus
328 3446 365 3503 ed
379 3462 482 3504 omncs
510 3448 581 3505 tet
609 3447 669 3503 eit:
686 3449 740 3516 Qui
761 3448 917 3517 crediderit,
942 3454 968 3505 ct
983 3450 1071 3522 bapti·
1160 3453 1246 3522 perat,
1262 3449 1397 3506 admouet.

246 3537 324 3592 actus
337 3536 433 3608 fucrit,
449 3536 599 3592 bicaeluur
612 3537 687 3601 erit;
703 3538 752 3607 qui
766 3553 828 3592 raro
842 3553 898 3592 eoa
912 3537 1070 3604 crediderit,
1160 3541 1204 3596 ⁴0.
1218 3539 1274 3596 Sed
1288 3538 1382 3611 ipsius
1395 3536 1552 3596 creationis
1566 3540 1672 3594 nostrae
1695 3534 1801 3593 seriem
1816 3535 1960 3594 oonmde-

245 3622 424 3680 damnabitur
446 3624 540 3697 (liare.
563 3642 621 3694 xvr,
648 3626 702 3696 16).
726 3625 816 3698 Signa
838 3629 936 3682 eutem
951 3627 1070 3683 creden·
1125 3644 1235 3684 remus.
1272 3629 1425 3694 Faciamus,
1459 3625 1567 3698 inquit,
1601 3625 1739 3682 bominem
1772 3623 1809 3680 ad
1831 3632 1962 3682 eatbam

245 3712 395 3769 tiumheo
413 3712 616 3780 dinitiarum
637 3719 787 3787 serpentes
799 3731 889 3770 manu
910 3714 1068 3783 mulceant,
1124 3719 1287 3789 imaginem,
1300 3726 1326 3774 et
1339 3716 1374 3774 ad
1396 3714 1609 3772 similitudieem
1622 3723 1745 3772 uestram
1760 3713 1836 3786 (Ger.
1853 3729 1878 3779 -ι,
1894 3713 1956 3786 26).

244 3817 358 3860 venena
373 3801 418 3860 bis
432 3806 521 3875 atque
535 3819 621 3860 omne
643 3803 839 3871 mortiferum,
855 3803 971 3860 etiamsi
985 3804 1070 3860 bibe·
1124 3806 1195 3872 Quis
1209 3805 1257 3860 hic
1267 3805 1362 3860 dicit?
1382 3804 1484 3860 Nonne
1500 3803 1588 3874 Deus,
1602 3803 1654 3876 qui
1669 3806 1699 3860 te
1713 3801 1803 3858 fecit?
1818 3801 1893 3868 Quid
1908 3807 1961 3858 ost

244 3889 313 3961 rint,
330 3907 434 3948 nocero
448 3909 506 3949 non
521 3892 646 3965 possint.
662 3894 725 3948 lire
745 3891 835 3965 igitur
846 3892 899 3948 tibi
914 3892 1010 3965 magis
1023 3893 1068 3948 in·
1124 3895 1225 3952 Deus?
1248 3897 1332 3961 Caro,
1357 3911 1393 3950 an
1419 3892 1566 3965 spiritus?
1590 3892 1654 3948 Nou
1678 3907 1746 3948 earo
1769 3890 1882 3962 utique,
1900 3892 1959 3948 sed

161 4040 164 4045 ,
243 3979 444 4050 eredulites,o
467 3981 566 4050 homo,
592 3997 682 4053 quum
705 3997 817 4038 venena
837 3982 1069 4038 metuendeser·
1123 3982 1256 4057 spiritus,
1272 3983 1358 4054 eujus
1382 3981 1490 4038 similis
1513 3997 1581 4040 earo
1596 3996 1734 4038 essenon
1752 3979 1959 4052 potest3quis

243 4069 376 4142 pentium
391 4073 471 4125 sunt.
487 4069 571 4126 Time
580 4068 741 4143 igiturille,
755 4074 789 4126 ut
803 4070 906 4127 saltem
923 4071 993 4126 dum
1010 4070 1068 4126 lor·
1123 4072 1186 4146 ipse
1196 4072 1385 4144 incorporeus
1400 4076 1430 4128 et
1441 4069 1597 4128 invisibilis
1612 4073 1665 4137 est,
1676 4069 1754 4126 128
1769 4083 1836 4126 oeno
1848 4073 1957 4124 eutem

243 4158 394 4214 midantur
418 4156 468 4214 ille
481 4157 549 4230 (79),
566 4159 603 4214 ed
623 4158 711 4215 fidem
728 4176 884 4230 provocare
898 4164 925 4215 te
941 4160 1067 4232 possint.
1122 4161 1380 4234 comprehenditur
1404 4164 1434 4216 et
1455 4159 1581 4216 videtur.
1607 4157 1659 4213 Cui
1686 4156 1780 4214 dicit?
1803 4155 1868 4212 Non
1892 4155 1956 4214 sibi

243 4246 323 4312 Quod
340 4246 365 4303 si
379 4246 473 4304 Deum
487 4263 546 4303 non
561 4247 658 4315 times,
674 4246 719 4303 vel
743 4247 860 4304 ultricia
880 4249 1007 4322 perfidie
1019 4265 1067 4304 ve·
1123 4249 1234 4321 utique,
1252 4249 1322 4322 quie
1344 4265 1401 4305 non
1429 4247 1499 4304 dicit
1519 4245 1636 4312 taciem,
1658 4245 1710 4304 sad
1723 4246 1868 4316 [micum
1885 4243 1956 4302 Non

242 4350 319 4391 nens
332 4335 484 4392 formides.
1122 4337 1244 4411 engolis,
1262 4337 1331 4410 quie
1346 4335 1475 4394 ministri
1500 4339 1570 4392 sunt
1587 4353 1594 4404 ;
1610 4335 1685 4392 servi
1701 4338 1798 4392 eutem
1814 4347 1882 4390 cum
1898 4332 1957 4392 do·

276 4423 321 4480 39.
337 4423 420 4481 Nune
435 4424 575 4498 quoniam
589 4430 619 4482 et
643 4425 814 4499 elephantos
829 4427 911 4484 rides
925 4427 978 4482 tibi
994 4427 1065 4483 sub·
1121 4427 1211 4494 mino,
1228 4431 1257 4484 et
1272 4442 1360 4498 opera
1385 4441 1452 4482 cum
1478 4429 1596 4482 auctore
1622 4440 1681 4482 non
1706 4426 1832 4496 possunt
1846 4437 1957 4498 opara-

243 4509 329 4580 ditos,
345 4515 374 4566 et
388 4510 486 4570 leones
501 4530 565 4571 esse
585 4514 753 4586 subjectos:
770 4531 857 4571 nosce
879 4519 908 4571 te
921 4515 1031 4587 ipsum,
1049 4531 1065 4572 o
1081 4541 1105 4606 D
1120 4515 1209 4572 tionis
1230 4515 1339 4572 hebere
1353 4513 1554 4572 consortium:
1570 4512 1623 4570 sed
1635 4511 1710 4570 dicit
1725 4510 1814 4569 Filio:
1832 4510 1957 4569 etiamsi

240 4598 340 4669 homo,
357 4600 435 4674 quod
450 4618 519 4668 non,
545 4607 578 4658 ut
600 4602 708 4671 serunt,
733 4603 876 4675 Apollinis
892 4603 996 4676 Pythii,
1013 4604 1065 4660 sed
1120 4604 1214 4660 iudei
1239 4603 1352 4671 nolint;
1375 4601 1491 4660 etiamsi
1512 4599 1612 4658 Ariani
1635 4603 1809 4675 repugnent.
1839 4599 1897 4656 Sed
1923 4603 1958 4657 st

241 4687 406 4746 Salomonis
430 4691 523 4746 sancti
550 4695 605 4758 est,
631 4691 680 4762 qui
705 4692 764 4747 eit:
790 4694 854 4749 Nisi
871 4695 942 4748 aciae
957 4702 992 4762 te,
1007 4695 1066 4765 sor·
1119 4693 1213 4750 ludaei
1236 4691 1442 4758 conticescent,
1466 4695 1496 4748 ot
1518 4690 1617 4748 Ariani
1643 4706 1711 4748 eum
1735 4687 1797 4747 suis
1816 4688 1957 4762 peranti-

240 4795 317 4838 mma
336 4780 368 4836 ia
392 4779 558 4836 mutieribus
581 4780 671 4851 (Gom.
686 4797 705 4847 1,
720 4782 760 4854 7),
776 4798 946 4855 quenquam
972 4781 1065 4839 multo
1120 4783 1177 4838 bus
1192 4783 1248 4854 (80)
1275 4781 1491 4852 obmutescent,
1506 4779 1558 4852 qui
1574 4779 1645 4836 dum
1660 4777 1957 4836 uuumaeonsortio

240 4873 326 4928 antee
339 4868 454 4942 Moyses
469 4868 500 4924 in
514 4868 739 4926 Deuteronomio
762 4871 931 4943 scripserit:
952 4871 1067 4927 Atreum
1121 4870 1224 4928 divinas
1246 4869 1438 4943 operationis
1470 4866 1641 4940 excludunt,
1665 4865 1765 4940 plures
1789 4865 1954 4936 inserunt;

240 4959 299 5028 tibi,
312 4974 328 5016 o
342 4957 432 5016 tuma
458 4958 571 5016 Atmrde
599 4958 651 5013 tibi
679 4958 768 5030 (beat.
798 4976 837 5026 m,
852 4959 890 5032 9),
907 4959 948 5015 eit
961 4959 1016 5018 lor.
1033 4961 1067 5016 lit
1120 4963 1150 5016 et
1163 4959 1383 5033 prerogativam
1408 4973 1498 5031 quam
1518 4956 1591 5014 lilio
1616 4959 1734 5030 negent,
1757 4954 1882 5014 servulis
1897 4955 1955 5012 do-

239 5046 384 5122 Prophete
409 5047 468 5105 eit:
494 5049 557 5106 Nisi
582 5047 654 5103 ocior
681 5056 716 5104 te.
746 5049 798 5104 Cui
823 5048 878 5106 hoc
893 5048 986 5106 dicit?
1002 5055 1067 5107 For·
1121 5052 1202 5106 nent.

239 5150 326 5206 outa,
350 5137 458 5212 inquit,
487 5139 519 5198 ia
541 5137 716 5194 mulieribus.
742 5138 810 5204 Qua
834 5141 879 5196 eet
895 5139 1020 5210 pulchre
1034 5139 1065 5196 in
1156 5137 1199 5195 lt.
1217 5138 1272 5194 Sed
1288 5141 1368 5196 esto:
1392 5135 1809 5195 utedminiculoservulorum
1831 5131 1867 5191 ed
1881 5149 1956 5208 ope-

259 5330 333 5412 ·(78)
343 5331 413 5389 Mes.
425 5350 527 5393 novem
540 5333 825 5407 setisprobeti,qaod
835 5338 943 5391 meatur
953 5351 1065 5407 serpen·
1155 5336 1212 5409 (80)
1226 5335 1302 5392 Edit.
1318 5337 1375 5391 vet.
1389 5338 1419 5390 et
1432 5349 1504 5392 mss.
1518 5334 1659 5408 quinque,
1670 5351 1733 5390 cum
1750 5335 1809 5390 suis
1817 5333 1952 5406 paritas.

242 5403 276 5457 tu
288 5406 435 5487 creaturae·
448 5408 506 5462 auia
534 5407 605 5463 tatio
617 5407 670 5474 vel,
695 5411 751 5462 ete.
765 5406 821 5461 Alii
836 5409 935 5464 temen
951 5411 980 5462 et
993 5407 1063 5464 edit.
1120 5408 1204 5465 Rom.
1217 5411 1328 5464 ctmss.
1353 5407 1436 5472 lien,
1451 5423 1514 5464 cum
1527 5409 1586 5464 suia
1598 5407 1733 5478 penites.
1750 5405 1809 5461 Alii
1824 5403 1952 5476 aliquot,

242 5474 309 5527 ente
331 5475 447 5531 ouandi.
1119 5496 1182 5536 mm
1193 5481 1250 5536 suta
1259 5478 1396 5553 patribus.
1417 5477 1515 5547 darn,
1526 5478 1612 5536 Corb.
1633 5481 1728 5550 vetus,
1739 5480 1768 5535 ct
1786 5476 1854 5545 Th,
1869 5475 1954 5532 utin

286 5488 333 5616 78)
348 5545 468 5631 Codices
492 5547 590 5618 Cere,
606 5549 688 5633 corb:
705 5549 870 5633 vetus,·'l¹h.
886 5564 919 5612 aa
934 5550 1018 5626 Rege
1033 5555 1065 5610 ut
1120 5554 1211 5612 tortu.
1291 5557 1292 5562 ’

239 5629 271 5684 aa
284 5622 357 5676 mem
368 5631 505 5696 acquiras,
519 5617 586 5680 dum
598 5619 785 5699 semideum
799 5622 860 5682 tile.
