4159 6184
149 296 204 358 psa
538 279 845 345 uuaauarlouas
868 281 907 342 ΙΝ
930 280 1110 344 PSAhthS
1132 274 1198 338 llll.
1215 306 1254 322 -
1269 273 1501 339 aunouttlu.
1811 275 1870 336 eeu

151 427 309 487 consentes
321 417 518 481 aemorum
533 416 825 476 cantuasermenem
840 411 997 480 babuisse;
1014 427 1066 470 nec
1080 428 1138 469 oon
1154 425 1214 466 una
1228 405 1377 465 numellis
1391 407 1576 464 auditoribus
1596 406 1765 464 interfuisse
1793 411 1870 464 cate·

152 518 327 577 chamenun.
343 507 430 580 Quod
447 506 524 564 torta
543 519 604 560 non
618 501 700 564 mals
714 502 813 577 arguit
826 502 963 572 eumdem
975 517 1027 574 per
1040 495 1302 570 Quadragesimnm
1318 511 1384 553 esse
1398 495 1629 569 pronuntiatum.
1645 494 1737 565 Culus
1759 511 1871 553 annum

155 607 210 667 etsi
226 608 306 664 emta
318 618 379 660 uon
391 591 669 671 deprehendamus,
685 593 784 651 umen
798 588 926 648 adillius
942 589 1139 666 cognitionem
1154 584 1290 642 accedere
1306 587 1465 658 utcumque
1482 599 1651 659 possumus.
1667 581 1781 638 Etenim
1805 597 1873 639 sam

157 696 327 756 concionem
342 697 401 747 nou
417 689 537 744 tantum
552 679 643 738 libris
658 683 696 738 lle
710 682 785 738 obita
801 681 901 753 notu
915 678 1010 752 Satyri
1023 693 1058 735 ao
1070 678 1108 734 be
1116 675 1170 748 pide
1185 674 1392 732 rnemoetionie
1406 673 1457 746 qui
1473 673 1502 729 ln
1518 673 1619 730 eadem
1648 671 1785 736 citantur,
1804 685 1872 726 eon-

158 789 218 846 atat
232 780 422 858 posteriorem
437 787 523 842 esse;
539 769 745 828 verumetiam
752 772 818 844 post
824 767 996 842 popularem
1007 768 1127 824 cantum
1140 760 1310 818 luitcolesia
1318 760 1530 819 Mediolanensi
1547 759 1714 816 institutum
1729 755 1871 814 habitam.

158 874 286 949 coepisse
300 869 379 927 anim
394 861 498 941 populi
513 862 642 917 nantum
659 859 834 932 priusquam
849 856 895 913 hie
912 845 1046 914 Psalmue
1057 855 1094 911 ab
1104 849 1259 910 Ambrosio
1273 850 1476 922 explicaretur,
1487 848 1631 923 ipsesatis
1641 846 1788 915 deelarat3
1804 863 1874 903 eum

159 970 226 1040 pust
246 959 440 1018 memoratam
454 949 631 1016 mulierum,
649 946 810 1020 virginum,
829 961 946 1013 senum,
970 943 1259 1014 infantiumregum,
1276 939 1409 998 miletum
1424 938 1620 1012 psalmodiam
1636 937 1678 994 ita
1692 936 1872 1010 subjungit:

161 1055 229 1111 dnm
241 1049 366 1107 Protinus
381 1045 494 1116 leptim,
510 1041 571 1112 ipae
583 1036 647 1094 aibr*
659 1037 769 1110 effoetcr
783 1034 1049 1094 stannaturam
1058 1033 1219 1104 loquemur,
1234 1036 1261 1085 ct
1270 1045 1349 1086 nemo
1364 1029 1492 1100 obstrepit
1506 1025 1631 1099 (Praelat.
1648 1040 1730 1081 num.
1750 1024 1789 1095 9).
1806 1024 1875 1091 Quas

160 1154 231 1199 eane
246 1135 323 1194 haud
337 1134 465 1190 obscure
478 1125 643 1198 designant
654 1123 757 1180 studia
769 1119 896 1180 recentis
905 1119 1033 1178 instituti
1043 1119 1141 1176 adhue
1154 1115 1295 1175 terrentia
1311 1135 1318 1184 ;
1336 1117 1412 1172 unde
1426 1113 1459 1170 tlt
1474 1117 1506 1169 ut
1520 1111 1653 1169 eamdem
1662 1109 1789 1185 opellam
1797 1110 1877 1170 ultra

160 1241 273 1286 annum
286 1237 373 1280 cccxc
389 1215 579 1291 rejiciendam
592 1221 662 1268 nou
675 1215 826 1284 putemus.
1865 1185 1868 1188 ’

199 1312 305 1374 Psalmi
319 1325 395 1367 mv
410 1311 440 1364 et
454 1303 547 1362 alioru
555 1299 725 1374 mquinque
735 1297 926 1372 aequantium
935 1296 1138 1355 enarrationes
1147 1295 1284 1352 eumdem
1293 1293 1636 1352 orationisrharaeterenr
1652 1307 1710 1363 pre
1724 1305 1756 1348 se
1766 1290 1877 1350 lerunt.

164 1409 252 1464 littra
266 1394 499 1458 conhovarsiam
511 1395 556 1449 ast
570 1399 745 1449 aesomnes
759 1387 798 1445 ad
813 1385 956 1461 papalum
974 1384 1064 1442 luisse
1078 1382 1302 1458 pronuntiatam
1318 1382 1373 1440 hoe
1387 1382 1465 1439 enim
1480 1380 1712 1452 scripturaque
1731 1379 1762 1436 in
1775 1378 1877 1436 Scele-

166 1497 212 1553 sta
239 1490 338 1550 mam
366 1485 416 1542 die
436 1482 511 1540 leole
523 1480 622 1537 luerat
636 1474 815 1550 priusquam
830 1474 939 1532 diceret
952 1472 1139 1541 Ambrosius,
1154 1472 1292 1544 frequens
1307 1468 1417 1528 mentio
1431 1468 1503 1525 satis
1515 1466 1643 1524 ostendit
1655 1467 1780 1540 (aneni.
1792 1483 1875 1536 cuv,

168 1603 197 1641 n.
214 1583 250 1639 20
261 1598 267 1650 ;
278 1579 309 1636 in
320 1575 399 1633 Pani.
415 1587 511 1641 mvn,
526 1586 556 1626 n.
569 1570 588 1623 2
601 1570 632 1624 et
643 1563 739 1635 alibi).
757 1562 832 1621 Cum
845 1565 945 1619 eutem
960 1559 1027 1634 pius
1040 1565 1141 1634 pastor
1156 1559 1240 1616 unioe
1253 1554 1352 1633 ‘gregis
1367 1557 1413 1613 aui
1442 1556 1602 1628 protectum
1627 1554 1658 1612 in
1686 1542 1878 1615 concionibus

165 1667 309 1747 sperneret
322 1664 406 1732 suis;
423 1660 534 1718 idcireo
548 1657 578 1714 ia
594 1655 643 1712 bis
658 1652 810 1728 prmoipua
825 1649 953 1724 quedem
968 1664 1039 1704 cura
1053 1646 1196 1704 moralem
1220 1662 1341 1704 mesum
1359 1644 1485 1715 vestiget
1504 1647 1533 1699 et
1557 1645 1751 1717 prosequitur.
1776 1648 1879 1705 Sicubi

167 1767 268 1819 tamen
282 1751 398 1828 mystici
417 1745 570 1808 evolvendi
580 1745 719 1801 occurrat
737 1741 902 1808 lernaeum
916 1737 974 1794 sihi
988 1735 1112 1792 minime
1125 1735 1321 1792 omittendum
1333 1736 1429 1807 putat.
1447 1731 1663 1788 verumtamem
1673 1751 1738 1806 qun
1747 1752 1803 1792 aua
1815 1751 1878 1792 mo-

170 1847 267 1907 deetia
280 1847 333 1913 est,
349 1841 421 1898 dum
434 1838 464 1894 in
481 1838 708 1906 utroquesensu
725 1828 852 1886 aliorum
869 1824 984 1900 plueilis
997 1839 1082 1881 suam
1097 1839 1215 1896 quoque
1234 1822 1335 1896 adjicit
1363 1816 1551 1888 sententiam,
1575 1819 1742 1878 auditorum
1768 1816 1880 1895 judicia

172 1935 314 2011 quidnam
330 1932 468 2004 prestere
481 1924 628 1989 videatur,
645 1930 800 1991 nunquam
817 1931 876 1974 non
892 1912 1048 1988 permittit.
1075 1910 1148 1967 ilinc
1172 1910 1312 1983 preclara
1339 1905 1408 1963 illa:
1436 1906 1563 1962 Nestum
1589 1912 1629 1964 cst
1655 1910 1731 1965 emm
1757 1925 1882 1983 querare

172 2027 327 2091 emirum,
348 2025 431 2076 bium
443 2023 485 2072 nat
498 2013 603 2086 stipere
615 2006 682 2083 quta
694 2007 820 2080 maaria
836 2004 878 2078 (in
889 2002 966 2060 Paul.
982 2016 1100 2069 saevae,
1116 2017 1145 2054 n.
1161 2000 1219 2071 22).
1235 2001 1273 2057 ht
1286 2013 1353 2055 vero
1368 1992 1428 2051 illic
1444 2012 1501 2051 non
1516 1994 1612 2052 solum
1628 2013 1724 2056 mores
1735 1988 1772 2055 ad
1787 1998 1883 2058 virtu.

172 2121 233 2176 tem
247 2104 428 2170 talemundi
438 2101 572 2161 studium
587 2097 702 2166 cluam
718 2109 839 2154 summa
852 2092 974 2165 insuper
988 2087 1147 2148 adhibetur
1161 2087 1326 2161 diligentie,
1344 2087 1378 2141 nt
1393 2087 1506 2140 mentre
1520 2084 1685 2143 orthodoxe
1712 2084 1782 2144 ildei
1809 2088 1881 2163 dog·

174 2201 264 2262 matis
276 2195 460 2257 imbuantur.
476 2191 516 2250 aa
528 2191 563 2249 ds
578 2195 671 2246 eausa
685 2183 781 2242 verim
795 2178 961 2248 hereticae,
977 2182 1009 2234 at
1024 2179 1096 2250 puts
1109 2175 1222 2243 Nerati,
1237 2171 1447 2250 appollinaris,
1465 2189 1497 2229 ae
1510 2172 1701 2246 potissimum¹
1711 2175 1773 2231 arii
1788 2180 1885 2245 seem·

174 2287 432 2361 eneaeimpugnai.
449 2280 559 2338 ibidem
574 2275 666 2336 etiam
680 2283 739 2332 nou
754 2272 841 2332 medo
856 2266 1011 2330 Trinitatis
1035 2268 1124 2336 atque
1138 2259 1356 2320 incarnationis
1385 2261 1522 2333 mysteria
1540 2262 1648 2320 enodat
1673 2266 1701 2320 et
1728 2263 1885 2325 canaram

176 2375 319 2455 singulari
333 2369 561 2448 perspicuitate:
576 2359 818 2436 sedetmminsm
827 2355 936 2416 Christi
951 2353 1130 2412 voluntatem
1145 2354 1237 2422 atque
1249 2346 1450 2425 operationem
1464 2349 1505 2408 ita
1514 2347 1638 2426 explicat
1647 2353 1688 2425 (in
1697 2352 1771 2412 Paci.
1784 2370 1884 2426 mix,

176 2483 205 2528 a.
222 2461 400 2532 restalini),
416 2462 449 2515 nt
462 2449 712 2528 vixpratstanlius
728 2447 893 2522 quidquem
908 2445 975 2516 poet
989 2443 1105 2498 axomes
1126 2437 1343 2496 Menotharum
1369 2444 1559 2511 exspectares.
1589 2440 1670 2501 Perit
1695 2447 1795 2502 autem
1823 2442 1886 2502 haec

178 2554 352 2634 mysterium
366 2553 429 2607 tam
442 2542 618 2604 sublimium
631 2538 790 2614 expostum·
803 2539 835 2594 ut
849 2534 876 2592 ei
890 2530 970 2590 soles
985 2526 1155 2588 interfuisse
1166 2527 1339 2599 baptizatos
1352 2524 1541 2588 existimanus
1553 2546 1560 2599 ;
1576 2529 1700 2588 Mamme
1728 2547 1796 2588 cum
1819 2532 1887 2592 istic

179 2644 253 2707 nihil
269 2641 451 2706 bbaervshm
466 2632 545 2707 quod
559 2633 627 2703 apte
641 2627 679 2686 ad
691 2625 921 2686 catechumenos
936 2621 1024 2692 queat
1034 2614 1148 2674 reterri.
1164 2613 1316 2673 Ceterum
1331 2630 1384 2672 aee
1397 2615 1436 2674 ihi
1450 2633 1504 2690 pro
1513 2619 1664 2678 omasioae
1691 2619 1888 2694 pretermittit

176 2735 263 2795 tritas
277 2729 422 2806 maedam
437 2720 593 2782 retundere
606 2715 830 2776 idololatrarum
844 2707 1076 2769 criminationes.

214 2819 357 2894 Quisquis
367 2813 486 2876 easdam
500 2797 934 2876 mannaaneamprimis
948 2799 1047 2856 aulam
1061 2794 1410 2867 ipsarumexordiaiutar
1419 2812 1518 2857 esaon
1528 2796 1722 2871 perfunctorie
1735 2813 1889 2874 compare·

179 2912 266 2980 terit,
277 2911 394 2966 tantum
407 2902 439 2959 in
454 2893 721 2958 atrnnhenenttan
735 2888 999 2966 cognationemque
1013 2882 1223 2957 deprehendet,
1249 2888 1285 2941 ut
1298 2885 1411 2943 renato
1428 2891 1535 2960 quotue
1558 2903 1655 2945 annus
1678 2886 1730 2944 uni
1758 2886 1889 2963 cuipiam

181 2997 303 3059 inscribi
318 2995 432 3062 debeat,
448 2987 614 3048 crediturus
630 2983 669 3041 sit
682 2986 797 3041 ertatem
817 2975 951 3036 omnium
967 2973 1024 3032 sibi
1039 2988 1104 3029 asse
1116 2971 1396 3044 exploratissimum.
1413 2975 1515 3048 ltaque
1528 2974 1595 3034 illas
1610 2991 1668 3033 uon
1686 2975 1743 3034 nisi
1757 2982 1825 3050 post
1838 2995 1891 3038 rur

184 3092 254 3149 ldus
267 3087 346 3160 Sept.
363 3078 433 3140 anni
446 3077 500 3134 393
527 3074 697 3131 lucubratae
712 3073 763 3130 aut
777 3068 929 3144 peroratus
943 3061 1034 3120 luisse
1048 3061 1128 3118 haud
1144 3075 1253 3132 magno
1268 3063 1386 3136 negotio
1406 3079 1635 3137 cognoscemus3
1653 3081 1721 3121 cum
1731 3064 1891 3126 svidemis·

184 3167 538 3236 metmenhusen
549 3161 584 3219 ia
595 3158 711 3218 Psalmo
725 3152 885 3215 mathai
903 3149 1029 3208 victorias
1043 3149 1156 3222 (Sum.
1177 3149 1210 3204 in
1233 3150 1312 3217 Paci,
1339 3167 1436 3218 mar,
1460 3169 1544 3209 num.
1562 3152 1607 3224 te)
1621 3168 1709 3225 quam
1728 3153 1823 3212 codis
1832 3171 1893 3230 apa

185 3264 284 3323 divim
298 3262 334 3319 de
347 3255 477 3331 Saganis
487 3257 612 3326 tyranno
626 3245 784 3322 reportavit
796 3238 988 3301 Theodosius.
1004 3239 1040 3293 lit
1053 3237 1130 3294 banc
1144 3235 1287 3308 temporis
1302 3236 1503 3297 definitionem
1519 3240 1773 3299 conflrmantbene
1784 3243 1889 3301 multa.

186 3353 317 3414 Primum
332 3346 412 3405 enim
424 3343 549 3400 Sanctus
563 3335 725 3410 uiuaciter
739 3332 775 3392 de
788 3324 983 3390 Sarmaticus
1000 3340 1035 3382 eo
1050 3322 1217 3382 barbatiani
1246 3322 1407 3382 delectione
1421 3344 1440 3383 a
1467 3328 1628 3386 monastico
1656 3328 1778 3387 instituo
1804 3331 1891 3404 quasi

186 3443 224 3500 de
237 3454 269 3498 re
283 3436 405 3495 minime
419 3427 530 3498 recenti
544 3423 695 3498 loquitur:
710 3406 829 3490 mmm,
845 3405 944 3489 iuquit
957 3411 1051 3486 (Enar-
1063 3414 1095 3468 ia
1106 3409 1181 3468 Psal-
1198 3427 1293 3481 xxxvl,
1308 3423 1391 3468 uum.
1419 3414 1476 3488 ⁴9),
1491 3415 1524 3472 de
1549 3418 1725 3474 monasteriis
1752 3421 1890 3477 aaroni.

186 3531 297 3588 Horum
312 3520 624 3593 autemapoataterum
639 3496 786 3586 iugamad
802 3509 914 3564 annum
943 3495 996 3558 389
1021 3500 1109 3557 relert
1137 3499 1301 3556 accuratior
1328 3502 1510 3574 supputatio.
1534 3504 1646 3562 Deinde
1659 3506 1709 3564 ubi
1723 3507 1813 3566 dicit:
1840 3511 1893 3568 lia-

186 3620 315 3676 stiternnt
329 3611 429 3670 irioni
442 3605 532 3678 repuli
546 3603 661 3660 rainice·
671 3600 804 3674 paunus,
820 3595 869 3668 poi
888 3590 1020 3663 templana
1036 3589 1148 3648 Domini
1169 3595 1299 3660 poterent
1322 3588 1378 3644 ribi
1403 3605 1461 3646 esre
1487 3577 1663 3665 tradendum,
1677 3600 1893 3666 perterritionem

188 3706 286 3764 neeric
298 3702 457 3759 minitantes
468 3695 580 3768 (Errare.
596 3692 628 3748 in
640 3689 716 3747 Psoi.
731 3685 934 3755 xxx'vn,nuri1.
951 3665 985 3734 19
999 3681 1028 3734 'et
1042 3685 1125 3733 num.
1140 3675 1205 3746 t3);
1222 3686 1409 3749 nequaquam
1420 3677 1580 3736 obscurum
1600 3685 1645 3737 est
1659 3685 1893 3754 persecutionem

187 3793 310 3854 iustine
325 3784 482 3861 designari.
498 3779 604 3849 tertio,
620 3769 924 3835 nouna‘l'heodosium
943 3765 980 3822 ab
994 3763 1300 3821 thessalonicensium
1315 3763 1425 3820 eedem
1449 3766 1607 3824 admonere
1622 3767 1737 3827 ridetur
1750 3772 1810 3830 illia
1828 3791 1892 3831 ver-

189 3883 254 3941 bis:
283 3877 446 3944 imitamini,
461 3871 650 3944 imperotores,
665 3863 822 3938 cenapum
839 3855 975 3924 aeirem
991 3855 1046 3910 etc.
1063 3849 1106 3927 (ln
1128 3851 1203 3911 Ptol.
1219 3864 1265 3925 xc,
1280 3867 1364 3909 aum.
1377 3853 1448 3926 salt
1468 3853 1524 3911 Sed
1548 3871 1645 3927 neque
1669 3857 1754 3915 nobis
1771 3860 1893 3918 absurdi

191 3975 290 4030 notem
306 3965 409 4024 merite
424 3961 582 4036 quisquam
597 3954 747 4026 inusserit,
763 3950 789 4008 si
800 3939 959 4006 dixerimus
973 3939 1087 3999 ibidem·
1098 3949 1163 3999 esse
1176 3940 1328 4014 nonnulla,
1343 3952 1408 4013 quar
1431 3942 1504 4000 scita
1531 3942 1561 3999 in
1588 3943 1721 4014 ejusdem
1750 3947 1893 4021 principis

191 4071 343 4131 nunquam
358 4051 430 4112 setis
445 4048 594 4106 laudatam
606 4040 807 4128 penitentiam
821 4036 938 4096 eadunt.
964 4031 1030 4088 Hae
1045 4034 1143 4088 autem
1156 4030 1256 4088 omnia
1269 4033 1337 4088 ante
1351 4046 1464 4089 aunum
1486 4032 1539 4088 389
1554 4031 1686 4090 evenisse
1710 4034 1740 4090 in
1759 4037 1893 4096 coalesco

191 4151 245 4206 est.
257 4145 405 4204 Postremo
420 4133 630 4196 commentaria
644 4129 738 4191 aualn
752 4129 860 4186 hetam
876 4119 946 4180 citet
957 4119 1041 4194 quasi
1057 4135 1116 4178 non
1130 4119 1172 4176 ita
1186 4119 1301 4192 pridem
1314 4120 1477 4192 composita
1504 4120 1549 4193 (in
1562 4120 1637 4177 Part.
1664 4138 1780 4191 marin,
1808 4141 1892 4183 num.

192 4237 241 4308 l);
265 4227 501 4307 quandoquidem
515 4221 669 4282 memorati
683 4218 740 4278 loel
754 4212 964 4290 expositionem
978 4209 1092 4282 repetit,
1108 4215 1139 4264 ut
1153 4223 1243 4280 quam
1257 4209 1425 4265 auditorum
1440 4206 1548 4266 animis
1570 4209 1704 4283 desperet
1718 4211 1814 4270 adhue
1828 4229 1893 4272 esse

216 4325 380 4382 recentem.

193 4342 262 4482 gua
277 4425 345 4468 cum
360 4407 403 4466 sic
422 4405 559 4471 habeant,
573 4399 777 4459 existimamus
791 4391 854 4450 fore
871 4385 1018 4448 nemiuem
1035 4387 1086 4460 qui
1101 4386 1219 4448 amdam
1229 4385 1429 4442 enarrationes
1444 4385 1481 4445 ad
1508 4385 1633 4444 iustine
1660 4391 1894 4461 persecutionem

193 4497 369 4560 obstinatius
385 4490 553 4551 referendas
568 4489 632 4546 esee
644 4475 810 4543 euenere.
825 4473 888 4535 Neu
903 4477 1075 4551 ignoramus
1094 4479 1194 4536 teman
1209 4473 1442 4546 Ripamontinm‚
1457 4475 1557 4531 itiner.
1585 4473 1694 4534 limini.
1711 4495 1729 4536 a
1756 4497 1788 4537 se
1815 4482 1895 4540 besti

193 4587 287 4648 Caroll
298 4587 386 4659 jussu
400 4580 546 4639 editarum
559 4574 667 4632 decede
682 4590 701 4642 1,
717 4570 864 4629 affirmare
878 4566 933 4624 sub
947 4563 1026 4622 idem
1040 4568 1158 4653 tempus
1173 4561 1273 4635 prelia
1287 4561 1422 4634 quadam
1447 4561 1524 4619 inter
1538 4563 1714 4623 orthodoxos
1726 4571 1755 4626 et
1771 4569 1894 4626 arianos

191 4693 256 4735 esse
269 4671 439 4739 commissa,
455 4668 485 4724 iu
505 4664 615 4739 quihus
637 4659 730 4719 multa
758 4657 786 4714 in
803 4654 934 4732 priorum
950 4651 1076 4728 gratiam
1090 4648 1233 4713 miracula
1246 4648 1293 4705 his
1309 4666 1372 4723 que
1386 4650 1417 4707 iu
1440 4650 1557 4709 Psalmo
1571 4655 1893 4726 xxxvrdescrihuntur,

194 4765 282 4840 platie
293 4759 406 4820 similia
419 4752 603 4828 renuerint.
618 4749 728 4808 Verum
743 4745 833 4820 hujus
847 4741 974 4801 auctoris
988 4755 1056 4798 cum
1066 4756 1124 4796 nan
1144 4737 1202 4795 nisi
1215 4737 1362 4796 veteribus
1376 4739 1557 4812 quibusdem
1571 4740 1716 4810 iconibus,
1727 4741 1893 4814 inscriptio·

193 4854 294 4922 nibus,
307 4859 359 4909 aut
372 4844 501 4918 denique
524 4844 672 4900 certorum
685 4835 816 4901 locorum
829 4828 1079 4907 appellationibus
1092 4827 1214 4896 nitatur,
1227 4824 1387 4884 auctoritas
1400 4843 1458 4884 noa
1474 4832 1519 4885 eat
1542 4828 1626 4900 tanti,
1655 4832 1688 4885 ut
1715 4829 1893 4902 scriptorum

196 4939 330 4999 amnium
344 4934 399 4996 aeli
414 4931 489 4992 bello
500 4930 531 4988 in
547 4927 709 5003 Eugenium
720 4930 879 5000 tyrannum
891 4924 974 4995 gesto
998 4918 1100 4976 eadem
1121 4914 1255 4991 prodigia
1269 4915 1464 4974 tribuentium
1493 4916 1650 4974 consensui
1677 4921 1895 4991 anteponantur

195 5031 270 5088 Nam
285 5025 363 5101 quod
378 5024 498 5082 rannus
511 5017 562 5074 Vir
575 5015 746 5091 petitionem
761 5013 937 5072 arianorum
947 5024 1011 5082 quae
1022 5004 1133 5080 aliquot
1146 5009 1213 5062 ante
1227 5021 1319 5062 annae
1329 5005 1407 5062 laeta
1416 5005 1521 5074 luerat,
1537 5009 1755 5074 commemoret,
1771 5004 1799 5062 id
1816 5011 1894 5068 carta

197 5131 257 5176 nan
270 5113 373 5188 magis·
381 5109 489 5168 mirum
502 5104 592 5164 videri
607 5103 703 5174 debet,
718 5115 809 5174 quam
820 5097 899 5172 quod
913 5093 1058 5154 librorum
1067 5093 1101 5151 de
1113 5095 1283 5152 Paenitentia
1298 5093 1392 5152 multo
1407 5091 1607 5166 antiquiorum
1622 5093 1664 5166 (in
1681 5096 1758 5151 Pani.
1785 5112 1833 5166 xc,
1862 5114 1892 5155 n.

195 5205 254 5278 24),
268 5203 369 5260 imost
391 5191 677 5266 eventuscajusdam
700 5203 789 5263 quem
819 5199 893 5260 puer
920 5183 1016 5242 adhuc
1048 5183 1113 5258 ipse
1139 5186 1341 5256 conspexerat,
1368 5181 1549 5238 menuonam
1576 5180 1747 5255 neutiquam
1774 5188 1893 5258 prater.

198 5291 322 5350 miserit.

233 5382 316 5439 Nunc
328 5377 481 5437 veniamus
495 5371 532 5429 ad
546 5365 770 5443 explicationem
784 5361 894 5422 Psalmi
907 5375 988 5428 xmrr,
1003 5360 1083 5433 qnod
1093 5377 1129 5418 ex
1143 5359 1280 5434 operibus
1294 5357 1427 5415 Doctoris
1455 5356 1547 5414 nostri
1572 5356 1710 5418 ultimum
1739 5366 1794 5418 est.
1823 5363 1893 5425 Sam

195 5470 247 5528 llls
268 5466 390 5527 Partim
407 5463 529 5522 marono
540 5473 596 5519 suo¹
608 5460 697 5530 alque
710 5450 884 5539 amanuensi
898 5450 1175 5525 paucisantaquam
1199 5447 1259 5505 leto
1274 5447 1456 5521 iungeretur,
1476 5446 1581 5503 diebus
1606 5447 1737 5520 dictavit,
1748 5451 1812 5523 iam
1836 5455 1913 5511 uso·

198 5575 257 5635 quo
272 5571 362 5631 prope
384 5553 463 5611 diem
476 5549 625 5626 potiturus
638 5547 711 5614 erat,
727 5543 832 5616 plenus
849 5543 901 5609 ;ut
914 5537 1119 5613 clypeoignse,
1134 5551 1222 5611 quem
1237 5533 1325 5607 capiti
1335 5534 1400 5606 ejus
1420 5533 1496 5591 idem
1514 5533 1653 5595 Paulinus
1674 5537 1894 5612 impendentem

195 5647 281 5716 vidit,
291 5641 527 5721 paesciebatur.
539 5636 572 5696 ln
585 5633 642 5694 bae
656 5631 784 5709 prolecto
798 5627 1000 5689 lucubratione
1016 5624 1180 5702 singularia
1203 5623 1338 5699 mam
1360 5621 1506 5686 vittatam
1520 5624 1684 5702 specimina
1694 5665 1698 5672 -
1710 5628 1894 5707 maatgnavit
1908 5683 1911 5688 Α

196 5735 322 5828 (Pontia.
333 5735 365 5796 in
381 5731 440 5794 lito
453 5725 590 5800 inhesit
604 5725 631 5804 tr
647 5735 700 5787 aaa
714 5720 793 5787 amm
807 5721 923 5783 tantum
938 5716 1114 5784 modestiam
1128 5712 1287 5778 maximam
1300 5711 1399 5792 prodit
1412 5728 1481 5776 aum
1495 5715 1526 5775 ia
1538 5714 1718 5796 axpltaandla
1732 5715 1892 5796 seripturis
