4159 6184
262 295 323 356 sss
993 283 1027 347 S.
1049 280 1238 360 aureosi!
1887 290 1939 367 tet

262 424 357 498 magis
367 417 1082 496 quamambulsrevidaantur.Ergovenenntcruni
1097 420 1125 485 A
1174 420 1219 475 sl.
1235 418 1316 483 Quod
1330 421 1428 477 sutem
1440 417 1476 476 ad
1487 417 1619 477 altiorem
1628 432 1749 475 sensum
1758 419 1881 490 pertinet,
1892 420 1939 477 boc

261 512 410 585 reptilium
422 506 536 567 similes
550 507 720 566 immundas
734 505 764 562 in
777 520 899 579 corpore
908 505 1005 578 accipe
1015 522 1084 577 pas·
1140 512 1194 573 est,
1211 509 1289 565 unde
1312 506 1407 581 magis
1435 508 1548 563 dictum
1574 510 1619 564 est
1642 507 1719 581 quod
1746 506 1943 567 irrationabiles

261 602 359 658 mones
372 598 441 670 (ll),
459 603 681 655 mansuetorum
703 600 803 652 autem
823 596 954 651 decoras.
980 593 1085 650 Omnis
1141 596 1292 669 passiones
1303 596 1344 653 ita
1353 596 1479 653 debcant
1490 596 1580 653 menti
1590 594 1777 669 sapientiem
1786 594 1859 653 olera
1868 597 1943 653 msti-

258 690 338 747 enim
350 689 472 747 affectus
482 687 534 761 qui
548 688 706 758 estprater
720 684 862 741 deformis
881 682 1085 741 delectationis
1140 702 1174 741 ce
1200 702 1264 743 csse
1290 685 1436 757 subierim
1461 688 1549 757 atque
1572 686 1612 741 ita
1627 684 1673 743 hir
1687 688 1801 741 utamur
1813 688 1941 757 tanquam

259 778 440 845 illecebram,
465 773 564 849 passio
585 773 706 845 quidem
729 777 786 840 etl,
808 774 859 831 sed
882 774 960 829 bona
974 770 1083 843 passio.
1140 773 1295 847 reptilibus
1308 772 1544 847 cogitationibus,
1556 779 1588 831 ut
1603 771 1731 847 agricola
1742 772 1874 842 oleribus,
1888 789 1944 845 que

260 866 412 941 Cupiditas
435 862 561 927 mollior,
577 862 674 929 stirs,
691 864 719 917 et
734 861 832 930 timor,
853 860 897 917 hs
914 857 1005 916 noxie
1020 859 1084 915 ani·
1139 862 1207 921 licet
1221 863 1324 921 obesse
1349 878 1408 919 non
1431 867 1565 935 possunt,
1581 861 1638 918 cibi
1658 865 1755 917 tamen
1780 877 1834 917 nou
1848 860 1946 917 babent

261 954 475 1028 mapassicnes
485 954 555 1008 sunt
566 969 573 1019 ;
585 950 706 1007 allectus
721 953 821 1006 sutem
836 948 960 1017 innoxii,
975 947 1085 1021 passio-
1140 951 1266 1023 gratiam
1282 950 1420 1008 fortioris.
1437 950 1578 1009 Generale
1589 951 1668 1007 enim
1688 950 1824 1006 omnibus
1837 952 1865 1005 et
1876 965 1945 1005 com·

260 1062 313 1100 nes
323 1043 407 1099 bons
429 1044 506 1097 sunt
533 1040 568 1095 Et
583 1038 630 1095 bis
644 1038 759 1095 visendi
773 1038 893 1110 quidam
909 1037 995 1094 nobis
1010 1052 1084 1093 usus
1139 1056 1228 1097 mune
1244 1044 1431 1113 praeceptum,
1448 1056 1505 1097 non
1521 1038 1624 1095 altiora
1638 1036 1740 1094 indicit
1753 1052 1857 1111 genera
1869 1036 1946 1107 virtu·

260 1131 457 1194 ministratur,
472 1134 502 1185 et
515 1144 623 1185 causa:
640 1127 745 1184 harum
761 1126 826 1184 cibo
841 1128 953 1183 utimur
967 1126 1003 1182 ad
1017 1126 1084 1180 vita
1138 1132 1213 1195 tum,
1230 1144 1293 1199 quae
1318 1128 1420 1201 utique
1445 1143 1605 1200 paucorum
1630 1130 1708 1183 sunt.
1734 1126 1790 1183 Sed
1811 1130 1840 1181 st
1851 1126 1874 1181 si
1888 1124 1948 1197 quis

259 1220 395 1295 gratiam,
412 1218 518 1275 barum
532 1216 629 1291 epulis
642 1216 833 1274 delectamur.
1137 1216 1280 1273 virtutum
1295 1216 1397 1290 epulas
1412 1216 1547 1274 tortiores
1561 1216 1617 1273 sibi
1631 1215 1767 1273 exhibere
1780 1230 1837 1270 nco
1855 1212 1946 1285 possit,

1139 1304 1310 1377 hujusmodi
1326 1310 1423 1363 tamen
1439 1306 1546 1363 babeat
1560 1305 1724 1378 passiones,
1739 1320 1802 1375 quer
1825 1318 1880 1358 nen
1903 1318 1948 1359 nc·

1139 1398 1234 1466 ceant,
1248 1395 1297 1451 sed
1313 1394 1458 1453 delectent
1468 1394 1536 1467 (76).

518 1360 594 1418 2θὸ
611 1359 728 1416 CAPUT
742 1358 824 1415 XXV.

258 1455 300 1509 ,trs
313 1452 433 1511 cleribus
456 1467 544 1522 mcprs
569 1466 651 1521 quam
666 1448 795 1504 cornibus
816 1446 977 1503 vesoendum
991 1446 1084 1502 Domi-

294 1540 345 1580 nus
363 1524 525 1597 preceperit
545 1541 554 1588 ,·
577 1529 603 1577 ct
625 1520 853 1592 quemadmodum
875 1534 925 1574 nos
953 1516 1085 1572 marturii
1320 1572 1325 1583 ,
1400 1573 1405 1583 ,
1449 1572 1454 1583 ,
1480 1571 1486 1583 ‚
1798 1568 1803 1579 ,
1933 1567 1938 1578 ‚

294 1596 396 1667 uepres
409 1602 505 1650 costra
530 1593 672 1664 opiniones
695 1590 920 1662 pbilosophorum
940 1589 975 1645 tle
988 1589 1085 1643 anima
1174 1573 1219 1629 92.
1237 1572 1303 1629 ldeo
1319 1588 1347 1628 in
1363 1588 1506 1645 principio
1529 1574 1648 1629 sanctus
1667 1570 1786 1643 Moyses
1796 1568 1951 1625 informavit

245 1712 250 1719 .
294 1682 411 1739 queram
424 1666 505 1721 veria
523 1662 632 1736 placita
655 1662 836 1733 deferrentur:
852 1662 916 1717 item
930 1675 985 1731 quc
997 1660 1083 1715 rctr'o·
1139 1678 1194 1717 nos
1206 1665 1294 1733 atque
1305 1660 1428 1717 intrusit
1439 1660 1474 1716 de
1489 1658 1688 1717 insufflatione
1708 1657 1823 1727 anime,
1839 1657 1911 1715 2⁸⁸
1923 1658 1953 1713 ut

293 1755 329 1795 Μ
341 1740 379 1793 δῑῑ
399 1734 626 1820 restinguendum
640 1735 712 1789 ‘'tle''
725 1735 829 1816 “nim
842 1732 1083 1814 dammim·
1139 1750 1370 1807 conlaberemur
1381 1748 1697 1821 opinionibusdiversis
1708 1745 1951 1820 pbilosophorum,

294 1810 347 1867 lem
361 1814 390 1863 et
402 1815 580 1873 sencticam
603 1804 703 1878 qurdrc
721 1820 816 1859 curnis
840 1802 1082 1874 consumerentur.
1098 1784 1123 1851 Β

1139 1840 1189 1913 qui
1206 1838 1335 1912 sibiipsi
1361 1841 1495 1895 constare
1515 1854 1573 1894 non
1586 1840 1722 1909 possunt.
1739 1834 1869 1907 Plerique
1882 1832 1952 1891 anim

263 1938 268 1959 ¹
294 1932 340 1988 89.
356 1930 431 1996 Ouid
445 1933 493 1986 est
516 1928 605 1985 etiam
630 1927 708 2000 quod
724 1926 780 1983 ait:
807 1928 883 1984 Sicut
897 1927 973 1983 clerc
984 1925 1084 1999 pabuli
1136 1928 1217 1984 varis
1231 1930 1396 1992 senserunt,
1423 1930 1455 1982 ut
1479 1925 1583 1982 Critias
1599 1930 1627 1981 et
1650 1926 1717 1997 ejus
1733 1922 1879 1997 discipuli,
1893 1938 1954 1979 san·

258 2019 411 2077 &dirutis
424 2020 519 2075 omnic
532 2016 609 2089 (Gerr.
626 2034 665 2083 rx,
681 2016 732 2087 'dli
747 2016 779 2072 ln
794 2032 853 2087 que
867 2020 897 2071 et
911 2014 931 2070 ii
945 2013 1083 2088 quisim·
1137 2016 1256 2089 guinem
1271 2016 1478 2073 esseanimam
1503 2016 1643 2081 dicentes,
1665 2015 1755 2071 istam
1780 2013 1879 2085 utique
1897 2011 1954 2069 sui-

259 2108 376 2183 plicitsr
398 2106 575 2179 intelligunt,
600 2109 634 2160 ut
658 2119 717 2160 non
741 2104 907 2176 expendant
937 2102 1084 2159 sermonis
1138 2122 1216 2161 mam
1232 2104 1441 2177 quesivimus,
1465 2121 1529 2177 quur
1556 2108 1603 2161 est
1624 2102 1787 2169 sensibilis,
1811 2118 1867 2159 non
1882 2098 1954 2157 illam

258 2212 390 2266 examen,
416 2212 475 2252 nen
500 2194 586 2251 nobis
607 2194 744 2250 videnlur
762 2208 827 2249 esse
842 2192 992 2249 contrarii.
1008 2193 1084 2248 Sunt
1138 2194 1350 2266 animamque
1374 2191 1555 2249 rationabilis
1579 2194 1608 2248 et
1631 2189 1829 2264 intelligibilis
1847 2187 1955 2245 interic-

260 2287 339 2343 enim
354 2285 405 2358 qui
429 2282 637 2358 putantquod
661 2280 741 2337 olera
765 2281 801 2337 ad
816 2296 913 2338 escam
930 2280 1016 2337 nobis
1030 2279 1083 2336 Dei
1138 2282 1178 2339 ris
1204 2283 1333 2341 bominis
1361 2282 1531 2341 estimetur.
1557 2281 1751 2353 Hippocrates
1786 2282 1882 2336 nutem
1907 2274 1956 2333 etsi

261 2378 335 2431 nutu
346 2372 487 2431 attributa
496 2371 738 2442 rideantur‚qucs
753 2369 801 2425 his
815 2370 910 2442 magis
920 2386 1009 2441 quem
1019 2386 1085 2426 car·
1138 2371 1233 2427 Critian
1262 2388 1320 2427 nou
1349 2370 1526 2444 improbabit
1553 2368 1720 2442 ingenium,
1751 2384 1806 2425 nee
1837 2366 1957 2439 disputa·

260 2463 378 2521 nulibus
392 2460 488 2536 epulis
504 2458 546 2518 uti
573 2459 754 2515 debeamus:
770 2473 823 2531 ego
846 2462 944 2515 autem
960 2458 1085 2515 libenter
1139 2460 1250 2519 tionem
1265 2460 1330 2533 ejus
1355 2458 1520 2533 redarguit;
1546 2463 1645 2515 tannen
1668 2457 1826 2515 sententia
1849 2472 1903 2513 nun
1918 2470 1959 2511 ac

260 2552 309 2609 bis
321 2550 548 2623 acquiescerem,
573 2553 606 2604 ut
627 2547 727 2620 generi
749 2546 917 2615 bominum,
939 2547 975 2603 ad
989 2546 1085 2620 parci·
1139 2549 1257 2622 quierit.
1272 2548 1442 2605 Aristoteles
1457 2555 1611 2621 ὲνειλιχιίαν
1627 2547 1700 2603 dixit
1733 2546 1798 2618 (lib.
1818 2562 1839 2614 ι,
1858 2545 1890 2601 ds
1903 2544 1961 2599 Arri·

261 2640 391 2697 moniam
406 2634 787 2708 mapisettemperantiam,
807 2634 1084 2692 olerumususino·
1139 2655 1195 2707 mc,
1211 2642 1281 2695 test.
1305 2638 1340 2693 29
1362 2642 1392 2693 et
1414 2638 1480 2705 30):
1509 2636 1610 2710 Ignem
1636 2634 1685 2692 alii
1714 2651 1782 2693 esse
1804 2632 1958 2693 voluerunt

259 2729 381 2786 tescerct
391 2744 399 2793 ;
410 2726 605 2783 nisividerem
629 2724 666 2779 ab
676 2722 783 2796 bisqoi
799 2739 857 2780 non
870 2723 995 2781 libenter
1009 2724 1084 2781 acci·
1138 2726 1198 2783 Nos
1215 2725 1484 2799 igiturbujusmodi
1498 2724 1668 2783 divisionem
1681 2730 1862 2792 teneamus;
1879 2725 1909 2778 ut
1920 2737 1960 2777 ss-

260 2817 358 2890 piunt,
369 2830 456 2888 posse
466 2814 567 2870 reterri
578 2811 651 2869 mibi
665 2812 997 2885 quianonomaiaclera
1011 2828 1084 2869 esce
1140 2832 1279 2888 paremus
1303 2815 1381 2887 quod
1398 2819 1442 2871 est
1467 2814 1639 2871 rationabile
1662 2814 1788 2883 anime,
1802 2813 1888 2885 cuius
1900 2811 1962 2867 aub-

261 2904 415 2962 bominum
441 2902 629 2958 inveniantur
651 2901 849 2957 accommoda.
883 2900 994 2958 Deinde
1016 2901 1086 2973 quie
1139 2904 1247 2961 similia
1262 2903 1379 2961 divinus
1408 2908 1453 2959 est
1475 2902 1607 2976 spiritus,
1634 2902 1718 2959 siout
1738 2902 1781 2961 ait
1803 2900 1961 2973 Scriptura:

262 3010 321 3049 non
337 3008 424 3050 omne
433 2990 588 3047 hominum
599 2988 849 3062 genussspisntire
860 2993 888 3046 et
897 2989 1084 3047 continentis
1139 2995 1206 3065 quio
1219 2994 1374 3064 imafllcvit
1388 2994 1419 3048 ic
1432 2993 1532 3063 faciem
1548 2993 1606 3065 ejus
1620 2992 1757 3064 spiritum
1769 2992 1836 3049 citae
1848 2988 1920 3062 (Ger.
1934 3002 1963 3058 ri,

262 3098 362 3139 amors
375 3079 503 3151 ducitur,
525 3085 558 3134 ut
580 3078 791 3135 continentiam
815 3078 898 3150 sequi
923 3079 1026 3151 possit.
1051 3079 1086 3135 ut
1138 3083 1177 3155 7).
1194 3084 1263 3139 Esse
1278 3086 1376 3139 sutem
1400 3084 1458 3153 (77)
1481 3082 1511 3137 in
1526 3096 1561 3137 ea
1585 3078 1808 3137 nutrimentum
1825 3078 1963 3153 quoddam

223 3158 232 3168 ’
262 3171 329 3227 ideo
343 3168 421 3243 qued
435 3167 570 3241 generale
584 3170 760 3241 preceptum
775 3171 830 3233 est,
854 3167 891 3222 ad
913 3150 1119 3239 portianos-G
1138 3170 1225 3227 vitale
1250 3185 1307 3243 quo
1330 3170 1386 3226 bec
1400 3186 1507 3243 corpus
1527 3168 1685 3234 animetur,
1705 3184 1774 3227 esse
1788 3170 1877 3225 etism
1892 3164 1964 3222 dele·

261 3258 321 3316 lam
336 3274 496 3332 paucorum
511 3256 666 3313 hominum
680 3255 810 3311 derivare
834 3272 892 3312 non
913 3272 1083 3328 possumus,
1138 3259 1253 3317 clabile.
1270 3258 1390 3315 illarum
1406 3258 1494 3332 igitur
1505 3264 1534 3314 st
1547 3257 1644 3314 vitalis
1660 3260 1688 3313 et
1707 3254 1894 3315 delectabilis
1909 3253 1965 3311 ani·

262 3348 401 3405 omnibus
415 3346 493 3404 enim
510 3344 680 3401 bominibus
694 3344 749 3401 hoc
762 3348 940 3417 preceptum
951 3345 1047 3402 datur.
1139 3366 1192 3405 mas
1208 3349 1336 3422 partium
1358 3347 1522 3403 substantie
1545 3346 1666 3420 sanguis
1688 3346 1863 3421 appellatur
1875 3362 1893 3401 a
1905 3341 1964 3416 qui·

296 3437 484 3510 90.1deoque
509 3433 730 3490 consideremus
754 3432 826 3505 quid
849 3433 954 3489 dixerit
972 3452 979 3490 ε
1008 3434 1085 3491 Sicut
1138 3438 1275 3505 busdam,
1291 3437 1359 3493 licet
1373 3439 1461 3495 etium
1476 3436 1627 3509 Scriptura
1635 3437 1768 3493 dixerit:
1783 3434 1966 3493 rumorosus

260 3526 455 3599 cterc,inquit,
462 3523 559 3597 potati
568 3522 633 3579 dedi
641 3523 715 3579 ectu
724 3523 888 3588 omnicmcn
897 3521 977 3580 clera
985 3522 1086 3579 omnis
1138 3528 1242 3595 cornis,
1256 3527 1369 3597 scepsis
1382 3530 1421 3582 cst
1449 3525 1545 3597 (teuit.
1572 3540 1641 3595 xvir,
1669 3525 1728 3595 11).
1746 3524 1870 3597 Proprie
1884 3522 1966 3595 igitur

262 3617 329 3674 dedi
347 3615 431 3672 rubis
450 3613 486 3670 sd
505 3628 611 3669 escam.
634 3610 760 3668 Utantur
777 3611 867 3684 igitur
885 3612 937 3683 qui
960 3615 1086 3669 utuntur
1139 3616 1266 3673 animam
1292 3614 1390 3671 carnis
1419 3613 1593 3687 sanguinem
1620 3613 1795 3686 appellavit.
1832 3614 1969 3671 Incarus

263 3720 360 3773 carne,
381 3707 522 3776 tanquam
550 3700 690 3770 oleribus,
722 3716 781 3756 oon
809 3700 844 3755 ad
865 3700 1084 3769 distentionem,
1140 3706 1218 3762 enim
1234 3701 1388 3761 delectatio
1401 3706 1431 3759 el
1446 3702 1543 3775 passio
1558 3705 1612 3770 est,
1628 3718 1688 3757 noo
1710 3718 1802 3759 mana
1818 3696 1969 3759 strationi-

263 3808 317 3849 nec
331 3793 366 3847 ad
392 3791 522 3848 arvinam
544 3790 676 3861 corporis
702 3789 769 3861 (15),
794 3804 883 3861 quam
906 3787 999 3862 epulae
1018 3806 1085 3846 car·
1140 3793 1228 3849 natio.
1241 3791 1386 3849 Tomcnsi
1403 3790 1777 3863 diligentcrintendas,bic
1792 3790 1878 3849 lucus
1892 3786 1971 3845 illum

263 3882 311 3939 nis
336 3883 429 3938 lacere
453 3881 676 3937 consueverunt.
701 3878 755 3933 Sed
780 3878 1029 3950 quemadmodum
1057 3882 1086 3935 et
1140 3882 1285 3955 explanat.
1301 3879 1374 3937 Cum
1398 3878 1477 3936 enim
1497 3878 1629 3936 hocloco
1644 3878 1784 3937 animam
1800 3877 1970 3952 sanguinem

262 3969 342 4027 olera
356 3986 414 4026 non
435 3970 535 4026 omnia
558 3968 593 4023 ad
615 3983 687 4024 esea
711 3982 799 4023 usum
826 3965 936 4022 habilia
948 3971 1029 4039 seint,
1046 3969 1087 4025 ita
1140 3970 1256 4037 dixerit,
1268 3966 1638 4042 utiquesigsitlcavitcliud
1651 3968 1883 4037 esseanimam,
1899 3962 1972 4023 aliud

262 4053 1086 4127 etiamnunomnarirumreptilsaccommodumadusum
1140 4054 1971 4133 sanguinsru,utsitanimoesubstantiaspiritusvitulis:

182 4162 191 4179 ·
262 4147 411 4223 epulandi.
422 4144 573 4218 Siquidem
584 4144 621 4199 ab
633 4142 929 4200 omnibussencnatis
939 4144 1087 4202 abstinere
1140 4148 1190 4205 sed
1205 4147 1304 4221 ipsum
1320 4145 1455 4219 spiritum
1479 4146 1597 4203 vitalem
1613 4161 1671 4201 non
1687 4162 1743 4218 per
1760 4162 1795 4203 se
1818 4144 1975 4203 tautumet

262 4239 414 4303 dehemus.
429 4235 498 4291 ¹5⁰⁰*
511 4233 569 4288 ¹¹⁰⁰
583 4248 700 4305 queque
723 4233 899 4305 Pffloeswtii
912 4233 1037 4305 luxurie,
1054 4238 1087 4291 ut
1140 4238 1204 4295 sine
1214 4237 1358 4311 sanguine
1366 4236 1562 4293 usnmatlcrre
1574 4234 1703 4301 vivendi,
1722 4236 1779 4291 sed
1792 4228 1975 4292 commisceri

263 4326 358 4400 magis
371 4320 559 4381 delectationi
582 4319 717 4377 consulat
730 4337 821 4394 quum
845 4322 985 4396 periculo,
1011 4328 1040 4379 et
1055 4324 1085 4381 in
1140 4325 1300 4399 sanguini3
1326 4326 1397 4398 quia
1415 4328 1486 4381 sunt
1510 4340 1573 4396 que
1595 4325 1740 4381 vocantur
1766 4324 1887 4381 arteris
1902 4318 1976 4379 velut

172 4432 176 4440 ⁴
263 4414 411 4487 plerisque
419 4414 531 4469 resecto
542 4409 620 4481 qued
635 4407 742 4467 dicitur
755 4415 931 4468 venenatum
947 4410 1086 4469 naturali·
1140 4412 1323 4488 receptacula
1334 4413 1467 4487 spiritus,
1479 4429 1543 4485 que
1559 4428 1616 4469 non
1632 4411 1734 4471 selum
1752 4430 1858 4473 aerem
1874 4424 1976 4487 purum

263 4502 418 4567 terinesse,
429 4499 574 4572 reliquom
584 4502 697 4571 partem
707 4499 743 4556 ad
754 4498 853 4555 cibum
865 4500 1007 4571 vindicet;
1020 4518 1084 4573 qus
1099 4519 1123 4585 Ι)
1141 4502 1369 4577 amplectuntur,
1385 4501 1436 4558 sed
1452 4501 1541 4558 etiam
1557 4501 1750 4574 sanguinem,
1763 4502 1821 4559 sed
1836 4502 1977 4559 minorem

263 4590 318 4647 etsi
343 4605 401 4647 non
416 4589 502 4662 plena
516 4587 648 4661 periculi,
662 4592 762 4645 tamen
776 4587 871 4646 vicim
885 4589 1014 4662 periculo
1028 4594 1084 4659 est,
1140 4594 1225 4667 longe
1235 4592 1389 4666 sanguinis
1400 4590 1721 4664 portionem.Germina
1732 4593 1821 4649 enim
1833 4608 1904 4649 cum
1915 4600 1979 4645 vass

262 4684 293 4737 et
304 4677 469 4751 corruptela
492 4675 591 4749 aliqua
616 4692 734 4733 necesse
755 4676 844 4733 estin
860 4678 950 4735 tetius
965 4694 1085 4737 succum
1140 4683 1209 4750 aiut,
1226 4680 1305 4739 uliud
1332 4684 1376 4737 est
1403 4696 1480 4737 vene
1510 4687 1654 4753 quesite
1669 4680 1778 4738 Graece
1804 4680 1978 4755 appellatur.

264 4786 295 4826 sa
309 4768 405 4825 carnis
420 4765 569 4823 infuderit.
585 4764 720 4837 Plerique
730 4766 818 4822 etiam
832 4766 947 4840 sagittis
961 4784 1086 4824 venena·
1141 4771 1220 4827 aliud
1245 4770 1366 4827 arteriae.
1392 4769 1472 4824 Vena
1496 4768 1562 4841 plus
1586 4768 1674 4825 babet
1694 4770 1879 4843 sanguinis,
1896 4781 1981 4841 quam

263 4859 302 4916 tis
315 4856 495 4929 transfigunt
508 4870 607 4912 cervos
622 4858 652 4911 et
666 4853 835 4923 hujusmodi
850 4853 960 4913 velocia
975 4856 1087 4913 animu—
1142 4860 1274 4934 spiritus,
1302 4858 1354 4915 hcc
1378 4862 1422 4914 est
1436 4864 1518 4931 pite:
1546 4856 1652 4915 arteris
1678 4858 1788 4917 minus
1806 4859 1902 4916 habet
1917 4872 1981 4913 ssu·

264 4948 472 5019 lia,etpostea
494 4948 608 5000 resecta
621 4943 749 5023 quadam
765 4948 848 5015 parts
874 4946 1085 5017 membrorum,
1142 4946 1487 5021 guinis,multoamplius
1502 4946 1634 5020 spiritus.
1650 4946 1718 5003 tam
1738 4949 1983 5023 temperatiopro

263 5038 377 5111 reliquo
390 5048 510 5107 corpore
524 5032 559 5087 ad
575 5031 674 5087 cibum
688 5036 822 5087 utuntur.
1142 5036 1309 5094 diversitate
1328 5040 1438 5092 natura
1452 5040 1498 5092 est
1512 5036 1666 5093 bominum
1680 5035 1897 5110 singulorum.

300 5173 357 5247 (74)
369 5170 413 5225 lta
437 5167 501 5223 cod.
527 5167 637 5249 Vat3et
661 5164 736 5249 idea.
761 5182 828 5221 cum
843 5167 913 5223 edit.
935 5168 1005 5225 Mes.
1021 5187 1089 5229 vero
1178 5171 1234 5243 (77)
1258 5170 1331 5227 ildit.
1348 5187 1411 5242 qua
1423 5168 1585 5227 itomanam
1597 5172 1704 5226 secutas
1717 5176 1809 5239 sunt,
1828 5182 1986 5245 reposuere

264 5244 350 5304 (lorb.
371 5244 404 5296 ct
421 5238 515 5306 eote..
537 5238 641 5294 similes
654 5254 685 5293 m
702 5237 804 5293 mundo
818 5254 928 5312 ccrpcrc
939 5243 1088 5311 pmsicnes.
1144 5244 1260 5315 partim,
1282 5244 1329 5299 Est
1342 5244 1467 5298 autern...
1491 5244 1530 5297 cst
1551 5242 1654 5309 ctiam;
1678 5242 1839 5311 partim...
1858 5246 1925 5301 iisse
1940 5254 1984 5294 ce·

266 5320 326 5375 Lon
351 5310 490 5375 metius,
516 5310 622 5366 similes
644 5308 786 5364 immundo
808 5325 919 5382 corpore
936 5314 1086 5382 passiones.
1143 5318 1230 5370 lem...
1246 5318 1286 5371 est
1299 5316 1393 5369 ctiam.
1414 5312 1540 5369 Sederat.
1555 5326 1747 5369 omnescum
1765 5330 1848 5373 mss.
1864 5320 1989 5384 utroque

301 5330 357 5459 (ig)
372 5382 443 5464 Mes.
459 5382 555 5463 Cerb,
570 5379 663 5464 Valc3,
679 5379 878 5465 Celbetldaa.
888 5397 955 5437 oum
968 5384 1092 5456 quibus·
1143 5385 1206 5468 loeo
1216 5385 1400 5469 leguntcssc:
1416 5382 1467 5441 ubi
1481 5383 1601 5457 aliquod
1615 5400 1631 5441 e
1645 5380 1757 5440 verbis·
1777 5386 1926 5459 superius
1942 5398 1989 5455 po·

267 5460 336 5513 dam
351 5454 442 5533 Paris.
458 5453 542 5535 edat...
556 5451 591 5508 cd
601 5468 715 5535 rursum
725 5466 858 5523 corperis.
1143 5461 1220 5527 artis,
1236 5472 1376 5515 nimirum
1390 5457 1546 5526 votuerunt,
1560 5454 1606 5513 vel
1620 5462 1784 5527 creemus,
1803 5462 1909 5515 mente
1924 5468 1990 5527 sup·

303 5527 359 5601 (76)
374 5522 427 5579 llic
445 5522 556 5597 aliquid
571 5539 715 5579 omissum
737 5538 802 5580 esse
823 5522 867 5581 vel
887 5540 962 5581 carco
981 5530 1088 5599 pateat.
1145 5528 1295 5603 piendum.

266 5599 341 5661 vida
353 5610 418 5673 qua
431 5593 463 5653 in
478 5592 647 5656 mmctiooe
660 5594 697 5655 de
709 5592 766 5655 bec
780 5593 919 5657 dirimas.
