4159 6184
245 372 306 434 235
973 379 1006 440 S.
1029 373 1218 442 AMBROSII
1892 379 1948 442 236

246 507 344 580 gentis
357 505 418 564 illio
432 510 461 564 et
488 507 609 565 inlinitaa
623 506 835 582 magnitudinis
860 510 935 566 cete!
952 511 1019 575 Oua
1042 511 1067 566 si
1082 513 1110 578 Α
1125 516 1277 568 ventorum
1294 510 1483 585 spiramima:
1500 511 1551 568 ubi
1580 527 1666 568 nemo
1695 509 1869 585 refragatur,
1900 513 1950 568 sad

246 598 364 669 quando
394 602 586 670 supernatant
613 598 761 669 fluetibus,
778 598 928 656 ambulare
958 599 1071 656 insulae
1126 617 1228 656 omnes
1239 601 1368 658 lautores
1380 605 1466 658 sunt:
1484 601 1535 658 ubi
1546 617 1636 658 nemo
1648 599 1776 656 vincitur
1787 599 1953 672 quicunque

246 689 342 759 putes,
359 692 476 744 mentes
490 686 651 743 altissimos
665 686 791 744 summis
805 689 842 744 ad
857 687 963 744 coelum
983 689 1070 744 verti·
1125 690 1297 761 pervenerit,
1313 690 1363 746 aad
1379 706 1480 746 omnes
1496 705 1610 764 puppes
1635 705 1700 762 que
1728 692 1868 761 pervecta
1891 688 1952 745 lue·

246 774 330 832 cibus
345 776 483 833 eminere.
500 779 566 843 Qua
582 793 639 832 non
655 775 684 831 in
710 782 775 833 acta
802 777 852 848 (9),
882 795 935 833 nec
963 778 993 832 in
1021 777 1070 832 lit·
1126 777 1194 848 rint,
1211 779 1471 836 coronantur:ubi
1501 778 1601 852 palma
1625 794 1738 835 merces
1767 776 1884 845 salutis,
1912 777 1953 832 vi·

246 863 371 935 toribus,
387 866 437 923 sed
454 865 483 920 in
499 863 637 920 Atlantici
652 866 742 922 maris
764 866 908 939 profundo
938 866 1072 922 teruntur
1126 867 1218 922 aterio
1234 868 1360 940 pretium
1390 867 1580 941 regressionis
1608 870 1663 923 est.
1694 867 1842 932 Quantum
1874 866 1954 922 enim

245 953 348 1020 videri,
364 959 511 1009 uteorum
527 958 683 1026 conspectu
701 959 796 1011 nautae
823 973 840 1011 a
868 955 1023 1029 navigandi
1042 955 1069 1010 in
1125 955 1215 1011 distat
1229 954 1309 1012 inter
1325 956 1451 1013 directos
1463 973 1568 1012 cursus
1583 972 1616 1011 ac
1631 954 1776 1012 rellexosi
1792 954 1845 1011 Isti
1857 971 1956 1027 perpe·

246 1041 401 1107 illisloois,
417 1042 645 1114 praesumptione
674 1047 852 1113 revocentur,
883 1061 937 1100 nec
960 1051 1072 1100 secreta
1126 1049 1257 1112 tuantur,
1271 1044 1301 1099 hi
1318 1044 1512 1101 resolvuntur.
1528 1045 1662 1116 adjunge
1678 1042 1809 1116 remigiis
1822 1047 1955 1099 contexta

246 1129 456 1186 elementorum
476 1129 557 1187 adire
571 1131 635 1188 sine
663 1148 800 1205 supremo
828 1136 939 1189 terrore
968 1133 1071 1188 mortis
1126 1131 1233 1200 littora,
1250 1133 1359 1205 quibus
1372 1133 1508 1190 vexillum
1525 1132 1650 1190 exeundi
1666 1149 1738 1190 aura
1752 1133 1788 1188 de
1804 1131 1875 1188 coelo
1901 1136 1955 1188 est.

246 1223 398 1291 usurpent.
1126 1221 1225 1293 ltaque
1241 1222 1349 1294 aurigae
1364 1221 1502 1295 plausum
1517 1222 1635 1278 inanem
1659 1221 1804 1276 raserunt:
1836 1220 1866 1275 bi
1897 1219 1956 1276 sol·

279 1308 325 1364 33.
341 1307 397 1363 Sed
408 1309 472 1380 jam
487 1324 679 1381 assurgamus
693 1309 749 1382 ipsi
762 1310 797 1365 de
808 1310 952 1383 protunda
969 1309 1069 1376 maris,
1124 1315 1197 1365 vunt
1211 1315 1279 1366 vota
1293 1312 1411 1367 servati.
1830 1371 1831 1374 ,

245 1398 274 1452 61
286 1395 503 1469 aliquantulum
518 1413 615 1453 sermo
628 1401 727 1453 noster
749 1403 889 1472 emergat,
919 1402 1008 1470 atque
1034 1399 1071 1454 ad
1161 1399 1205 1454 35.
1223 1399 1297 1463 Quid
1313 1400 1348 1455 de
1363 1398 1569 1472 ionadignum
1586 1398 1704 1471 loquar,
1719 1413 1806 1470 quern
1820 1401 1958 1454 aeluser-

245 1484 397 1557 superiora
412 1502 444 1541 se
458 1485 609 1558 subrigat:
635 1491 850 1558 spectemusea
869 1504 933 1560 quae
963 1488 1073 1543 usitata
1126 1488 1368 1560 cepitadvitam,
1385 1487 1511 1544 reddidit
1540 1489 1575 1543 ad
1592 1486 1787 1560 prophetandi
1803 1485 1957 1560 gratiam‘i

246 1573 359 1642 multis,
372 1578 400 1630 et
414 1573 502 1647 plena
517 1575 577 1630 sint
591 1575 700 1647 gratiae,
712 1577 858 1647 quomodo
869 1576 985 1649 aquain
1001 1574 1072 1632 salis
1129 1573 1960 1650 liniendavitaqua,quemterreuadellexerant:psallebat

246 1667 378 1719 vertatur
391 1662 578 1732 soliditatem,
595 1667 627 1719 ut
648 1664 723 1720 terro
739 1681 814 1738 sape
829 1666 977 1734 cadatur3
994 1664 1072 1737 quod
1126 1665 1155 1720 in
1172 1671 1253 1721 utero
1269 1667 1334 1733 cati,
1353 1667 1401 1740 qui
1419 1665 1557 1722 merebat
1572 1665 1601 1721 in
1618 1663 1713 1722 terris.
1739 1665 1774 1720 lit
1798 1667 1832 1720 ut
1845 1664 1959 1721 utrius·

244 1752 280 1807 de
295 1751 471 1807 Britannicis
487 1751 599 1807 salibus
614 1752 686 1808 nibil
703 1753 820 1822 mirum,
837 1753 928 1827 quiin
944 1753 1071 1826 speciem
1127 1771 1182 1826 que
1197 1754 1357 1828 redemptio
1377 1771 1435 1810 non
1449 1756 1638 1826 praetereatur
1653 1751 1800 1820 elementi,
1812 1755 1958 1808 terrarum

246 1840 403 1896 marmoris
417 1838 518 1909 validi,
538 1840 670 1910 ejusdem
700 1840 810 1898 metalli
840 1842 922 1898 niveo
948 1843 1073 1898 candore
1127 1841 1251 1898 salusin
1270 1842 1343 1898 mori
1370 1845 1436 1899 ante
1463 1841 1621 1914 praecessit,
1647 1841 1717 1916 quia
1747 1840 1866 1914 signum
1893 1841 1960 1896 Filii
1988 1903 1991 1912 ¹

247 1928 445 2001 resplendent,
464 1928 598 1986 salubres
613 1930 744 2002 corporis
759 1931 824 1987 cibo
840 1932 907 2002 (10),
934 1937 963 1986 et
990 1931 1072 2004 potui
1127 1931 1256 1986 hominis
1277 1931 1396 2004 signum
1412 1930 1502 1987 Jonae.
1519 1931 1601 1986 Siout
1614 1930 1669 1987 iste
1684 1930 1715 1986 in
1731 1934 1814 1987 utero
1829 1929 1894 1998 ceti,
1920 1930 1960 1986 sic

245 2016 335 2073 nimis
347 2016 432 2090 grati.
450 2018 600 2084 Quomodo
615 2018 703 2074 etiam
728 2036 786 2074 nen
815 2018 969 2075 indecorus
996 2019 1072 2092 lapis
1126 2021 1212 2077 iesus
1229 2021 1258 2074 in
1283 2021 1369 2075 corde
1394 2024 1478 2077 terrae
1506 2019 1740 2093 (1161166661).
1771 2020 1803 2074 ln
1833 2021 1960 2092 utroque

246 2105 398 2163 corallium
414 2106 444 2161 in
460 2106 534 2162 mari
549 2107 641 2163 herba
655 2108 703 2174 sit,
720 2107 745 2164 si
762 2109 789 2163 in
806 2125 902 2165 aerem
913 2109 1071 2164 transiera-
1127 2109 1311 2166 remedium:
1329 2110 1425 2180 majus
1450 2113 1548 2164 tamen
1565 2107 1594 2163 in
1620 2107 1695 2166 mari
1710 2105 1829 2179 pietatis
1859 2123 1958 2163 exem-

245 2197 304 2263 tur,
319 2193 350 2250 in
365 2194 472 2268 lapidis
500 2195 669 2252 firmitatem
697 2196 848 2252 solidetur.
879 2197 960 2253 Unde
984 2198 1072 2269 ejiarn
1127 2197 1227 2269 plurn;
1245 2199 1383 2268 quoniam
1400 2201 1577 2270 exceperunt
1591 2197 1700 2270 pisces,
1717 2212 1806 2268 quem
1821 2194 1959 2253 homines

246 2283 605 2357 ostreispretiosissimam
614 2285 804 2358 margaritam
816 2290 922 2342 natura
933 2285 1070 2353 infixerit,
1126 2287 1299 2354 refutarunt,
1317 2291 1344 2343 et
1359 2303 1444 2358 quern
1459 2286 1594 2342 homines
1617 2284 1836 2352 crucifixerunt,
1860 2284 1960 2356 pisces

247 2372 393 2445 quomodo
408 2389 473 2430 eam
483 2372 573 2428 maris
588 2390 665 2446 aqua
680 2374 710 2429 in
725 2378 784 2429 tarn
809 2373 890 2430 molli
906 2391 992 2430 carne
1007 2373 1073 2431 soli·
1127 2379 1288 2431 servarunt.
1306 2375 1408 2432 Petrus
1423 2391 1539 2448 quoque
1554 2375 1584 2430 in
1601 2374 1674 2431 mari
1690 2373 1810 2443 titubat,
1825 2373 1877 2430 sed
1898 2390 1958 2431 nen

248 2461 370 2518 daverit.
387 2463 438 2518 tu
453 2463 520 2526 Qua
536 2461 653 2518 difficile
668 2463 744 2534 apud
760 2479 843 2535 reges
871 2463 1070 2533 inveniuntur,
1126 2464 1235 2520 labitur
1249 2482 1255 2520 :
1271 2468 1300 2520 et
1312 2466 1464 2522 consessus
1475 2464 1664 2532 influctibue,
1681 2467 1781 2520 tamen
1793 2463 1912 2536 negavit
1928 2463 1959 2518 in

246 2549 319 2607 eain
335 2549 484 2607 littoribus
500 2551 585 2623 quasi
597 2549 667 2607 vilia
677 2552 777 2622 Jaceut
792 2551 889 2625 vulgo,
905 2556 933 2608 et
948 2553 978 2608 in
994 2552 1072 2609 saxis
1127 2553 1222 2609 terris.
1241 2553 1342 2625 ltaque
1357 2553 1416 2609 illic
1431 2553 1516 2625 quasi
1531 2553 1652 2609 devotus
1665 2569 1754 2608 manu
1765 2551 1960 2624 apprehendi·

246 2639 358 2713 asperis
374 2642 403 2696 et
416 2638 551 2696 cautibus
566 2639 753 2713 colliguntur.
769 2642 897 2697 Aureum
908 2642 996 2698 etiam
1010 2640 1072 2697 ael·
1125 2647 1183 2710 tur,
1200 2643 1248 2698 hic
1270 2643 1354 2713 quasi
1367 2641 1476 2698 oblitus
1493 2646 1613 2714 aspectu
1628 2641 1760 2698 censorio
1775 2640 1959 2696 convenitur.

246 2727 293 2785 lus
307 2745 385 2802 aqua
400 2728 502 2799 nutrit,
525 2733 553 2784 et
582 2728 680 2784 lanam
702 2729 732 2784 in
762 2730 916 2786 memorati
945 2730 1071 2802 speciem
1127 2731 1181 2786 Sed
1198 2732 1256 2802 jarn
1275 2747 1412 2802 regemus
1429 2727 1962 2799 Dominum,utsermonosterquasi

245 2816 356 2874 metalli
370 2817 616 2890 gignuntlitlora,
632 2819 717 2889 cujus
733 2817 1073 2874 coloremnullusadhue
1126 2819 1364 2892 Jonasejioiatur
1392 2818 1421 2873 in
1453 2823 1573 2886 terram,
1590 2815 1798 2873 nediutiusin
1816 2813 1877 2872 saie
1904 2815 1960 2871 llu-

207 2937 210 2941 *
247 2922 348 2962 eorum
364 2907 417 2977 qui
432 2907 507 2961 lucis
524 2906 648 2961 diversis
663 2906 816 2961 obducunt
829 2905 946 2974 vellera,
962 2905 1072 2962 imitari
1127 2910 1215 2963 cluet.
1232 2909 1266 2962 Et
1280 2908 1354 2963 bene
1367 2908 1429 2979 jam
1451 2907 1541 2962 exivit
1570 2904 1734 2972 cucurbita,
1764 2920 1829 2976 quae
1855 2903 1962 2959 obum-

248 2994 450 3067 potuit;adeo
471 2998 581 3048 natare
610 2993 764 3049 maritimae
789 2995 914 3067 gratiam
941 2994 1073 3051 humana
1127 2995 1536 3052 bretnosamalisnostris:
1555 2995 1605 3050 sed
1631 2997 1660 3050 et
1689 2993 1754 3065 ipsa
1781 2992 1960 3064 procedente

248 3081 370 3155 implere
384 3083 476 3139 nescit
491 3081 656 3139 industriai
673 3082 790 3138 Scimus
805 3100 864 3156 qua
876 3082 1072 3140 sollicitudine
1127 3084 1187 3140 sole
1202 3085 1328 3140 arelacta
1342 3085 1482 3140 admonet
1509 3082 1764 3156 requiescendum,
1788 3097 1826 3137 ne
1845 3080 1875 3136 in
1905 3080 1958 3138 ⁰5

248 3169 356 3227 vellera
380 3171 577 3235 oviumetiam
589 3171 1073 3244 minuspretiesacurenturzsint
1128 3169 1675 3244 tarraaestuareincipiamueingenio,
1696 3172 1725 3226 et
1749 3168 1834 3225 nobis
1863 3167 1956 3224 etiam

136 3291 142 3303 ·
247 3259 316 3317 lieet
329 3260 449 3333 optima,
466 3276 652 3332 nequaquam
667 3263 764 3315 tamen
780 3260 826 3316 his
840 3260 924 3316 lucus
944 3245 1110 3316 innasci-C
1129 3262 1217 3318 verba
1233 3259 1378 3316 deficiant.
1388 3258 1731 3332 Gerteplua'nobisquam
1741 3255 1956 3313 Ninivitisdata

232 3349 304 3406 tur.
320 3349 394 3405 Hine
409 3348 552 3405 naturalis
566 3346 645 3403 color
661 3351 715 3416 est,
745 3364 831 3419 quem
861 3348 1071 3405 nullusadhuc
1125 3349 1665 3422 ostiuaquieremissiopeecatorum.

247 3440 332 3494 lucus
345 3438 489 3510 aequavit:
506 3436 561 3493 hoc
577 3452 693 3509 quoque
718 3435 809 3509 piscis
833 3440 878 3493 ast
895 3435 987 3493 vellus
1002 3438 1068 3510 (ll).
1324 3464 1439 3521 CAPUT
1454 3463 1514 3520 ΧΠ.
1531 3463 1643 3535 (Sermo
1656 3461 1747 3530 νηὶ.)

247 3527 348 3627 Βθᾱ,0,ι
361 3525 419 3598 imi
433 3525 560 3582 muri⁰⁰⁸
579 3526 630 3598 qui
644 3525 758 3598 migne
773 3525 845 3581 ‘¹³⁰‘
859 3526 983 3599 ‘egium’
1000 3531 1071 3583 ⁸⁰¹¹t
1123 3555 1274 3626 Fingitritt
1284 3569 1299 3609 e
1309 3556 1510 3610 arranortcooea
1528 3552 1656 3619 66616666,
1675 3550 1785 3622 adquae
1799 3552 1958 3606 orationem

245 3619 396 3672 maritimi·
1157 3627 1295 3696 61666616
1307 3621 1959 3692 revocat.Auditoreariiriattentionempraelritu-

280 3705 325 3760 31.
342 3705 376 3760 tat
388 3720 453 3776 que
468 3708 619 3777 pratorum
629 3704 735 3777 gratia,
751 3703 795 3760 vel
810 3704 961 3760 hortorum
984 3720 1069 3760 6666-
1158 3713 1202 3753 ros
1216 3696 1293 3766 dicit,
1307 3693 1960 3765 aeaatemiiiiabrevitetem.lienipaevomerum

244 3792 321 3850 nitas
336 3797 431 3867 potest
459 3792 573 3851 caerulei
596 3793 686 3848 maris
700 3793 880 3866 equiparare
894 3793 1038 3866 picturam
1054 3792 1068 3848 ‘i
1157 3770 1251 3823 “vium
1265 3769 1428 3824 mmmmm
1442 3770 1561 3839 imiimi·

241 3882 434 3941 Aurumlieet
449 3884 478 3939 in
494 3882 585 3957 pratia
608 3883 693 3938 iteres
708 3881 882 3954 refulgeant,
903 3883 966 3938 auri
995 3899 1067 3954 quo·
1157 3883 1201 3940 36.
1219 3883 1251 3938 idi
1268 3897 1334 3938 curn
1350 3879 1504 3954 paululum
1525 3878 1714 3936 conticuisset
1747 3877 1815 3949 (12),
1845 3876 1960 3933 iterum

242 3989 300 4045 que
313 3973 457 4047 fulgorem
472 3972 588 4028 inmari
603 3971 672 4027 lana
686 3969 873 4043 resplendet:
896 3973 925 4026 et
947 3970 996 4026 ille
1010 3971 1067 4026 cito
1122 3986 1286 4027 sermonem
1302 3970 1426 4026 adorsus
1442 3967 1505 4025 ait:
1532 3969 1657 4040 Fugerat
1671 3982 1736 4038 nos,
1751 3966 1857 4023 iratres
1880 3965 1961 4022 dile·

241 4065 436 4129 marcescunt,
452 4061 510 4116 ista
534 4059 585 4114 diu
613 4059 755 4115 duratura
780 4064 921 4115 servatur.
949 4059 1021 4115 Lilia
1035 4060 1066 4116 in
1121 4059 1256 4126 ctissimi,
1273 4056 1437 4114 neccssaria
1452 4057 1488 4113 de
1501 4059 1607 4112 natura
1619 4055 1717 4110 avium
1734 4053 1911 4126 disputatio,
1928 4056 1961 4109 at

241 4149 334 4207 bortis
361 4149 477 4206 eminus
505 4147 609 4213 nitent,
624 4145 688 4202 vela
702 4147 731 4202 in
756 4146 898 4203 navibus:
922 4147 969 4202 bic
983 4149 1064 4216 odor,
1121 4164 1216 4205 sermo
1232 4147 1271 4202 hu
1274 4146 1407 4219 jusmodi
1424 4145 1509 4202 nobis
1524 4161 1592 4201 cum
1608 4143 1682 4216 ipsis
1696 4143 1800 4199 avibus
1822 4141 1961 4198 evolave-

240 4237 300 4294 illie
315 4242 418 4294 ventus
434 4237 553 4310 aspirat.
569 4236 637 4300 Quae
652 4234 766 4291 utilitas
779 4235 808 4289 in
833 4234 920 4290 loliol
939 4236 969 4290 in
985 4236 1065 4291 navi·
1121 4239 1174 4292 rat.
1191 4235 1235 4290 Fit
1249 4235 1329 4291 enim
1345 4238 1450 4290 natura
1465 4233 1605 4306 quadam,
1622 4237 1654 4287 ut
1669 4230 1698 4286 hi
1714 4231 1765 4304 qui
1781 4228 1896 4302 aliquid
1913 4229 1961 4285 in-

240 4327 297 4382 bus
312 4329 422 4399 quanta
438 4323 630 4382 commercist
647 4321 720 4378 Lilia
748 4323 921 4379 suavitatem
936 4324 1064 4392 narium,
1119 4327 1250 4392 tuentur,
1266 4322 1310 4379 vel
1327 4321 1450 4379 dicende
1466 4322 1628 4393 exprimere
1638 4319 1751 4388 volunt,
1766 4334 1867 4375 eorum
1878 4333 1960 4390 qua-

240 4413 303 4469 6616
319 4413 472 4469 hominum
487 4413 612 4469 salutem
627 4412 778 4468 invehunt.
806 4412 888 4467 Adde
901 4412 998 4484 pisces
1017 4429 1064 4469 sa·
1119 4411 1232 4470 litatem
1247 4427 1311 4484 quae
1321 4411 1365 4466 vel
1375 4408 1582 4466 intuenturvel
1594 4408 1958 4481 loquuntur,adsumant;

241 4501 354 4569 lientes,
371 4504 400 4556 et
428 4501 582 4573 delphinas
598 4500 751 4556 ludentes:
768 4500 841 4555 adde
852 4516 940 4556 rauco
956 4503 1064 4556 sonan·
1119 4505 1152 4555 ut
1174 4517 1242 4556 curn
1258 4499 1436 4572 pigrioribus
1452 4498 1654 4567 immoremur,
1671 4500 1700 4552 et
1715 4513 1784 4552 oum
1800 4494 1960 4552 velocibus

239 4595 284 4646 tes
304 4589 411 4645 lluctus
430 4605 601 4645 murmure:
627 4588 720 4660 adjice
735 4591 885 4644 currentes
913 4605 1001 4645 naves
1027 4589 1064 4645 ad
1078 4610 1102 4675 D
1119 4588 1206 4645 celeri
1221 4587 1374 4660 rapiemur
1387 4591 1519 4660 aspectu,
1536 4586 1611 4659 stylo
1626 4599 1744 4658 quoque
1756 4587 1807 4640 aut
1822 4583 1960 4640 tardiore

239 4678 351 4746 littora,
365 4677 410 4734 vel
425 4678 461 4735 de
475 4677 623 4735 littoribus
650 4681 797 4734 exeuntes.
813 4678 849 4733 lit
876 4695 944 4733 cum
958 4695 973 4733 e
999 4695 1062 4734 car·
1119 4681 1239 4734 utamur
1255 4678 1306 4732 aut
1321 4675 1432 4748 rapido.
1450 4677 1550 4747 ltaque
1575 4691 1642 4730 cum
1658 4689 1744 4730 caveo
1760 4688 1796 4728 ne
1811 4670 1886 4727 mari
1899 4672 1956 4728 de-

239 4767 692 4840 ceribusmittunturquadriga,
704 4766 920 4839 quantostudio
931 4771 1064 4839 sprctan-
1117 4781 1213 4823 mersa
1225 4767 1408 4838 pretereant,
1426 4767 1454 4820 et
1469 4763 1554 4837 aquis
1580 4767 1681 4835 operta
1696 4777 1743 4818 me
1767 4759 1888 4829 lateant,
1908 4761 1955 4816 et-

204 4853 207 4856 ’
238 4859 314 4914 tium
330 4860 471 4914 atemere
495 4855 642 4913 certaturi
659 4856 872 4926 Equustaman
894 4857 924 4911 in
954 4873 1061 4912 vanum
1116 4854 1292 4929 lugitomne
1316 4851 1452 4920 volatile;
1482 4852 1552 4925 quia
1581 4852 1653 4907 dum
1683 4850 1842 4906 inclinatus
1871 4849 1958 4905 imos

240 4946 340 5016 currit,
357 4961 415 5001 non
430 4945 461 5001 in
476 4960 584 5001 vanum
598 4943 723 5016 navigia.
740 4942 791 4998 lile
806 4943 835 4998 in
850 4961 970 5012 vanum,
993 4945 1063 5018 quia
1115 4959 1258 5016 aquarum
1287 4941 1417 5015 gurgites
1432 4946 1556 5007 scrutor,
1571 4940 1667 4997 aerios
1683 4956 1741 4995 non
1769 4937 1883 5010 respexi
1899 4953 1957 4992 vo-

237 5051 362 5092 vacuus:
391 5035 498 5091 istaad
529 5032 672 5100 utilatem,
700 5033 785 5104 quasi
809 5031 1059 5105 plenalrumrnti.
1115 5032 1210 5100 latus;
1228 5029 1520 5088 neoumbrasaltam
1537 5045 1640 5102 penne
1655 5023 1959 5100 mepraepetisrecli-

238 5123 364 5187 Quidlis
388 5123 592 5196 gratiusque
619 5138 678 5177 non
699 5121 817 5178 verbere
844 5126 981 5193 aguntur,
1010 5124 1061 5179 sed
1116 5122 1283 5193 nevitque
1303 5117 1432 5190 inaquia
1459 5118 1587 5175 relucere
1616 5117 1721 5190 patuit.
1751 5114 1861 5172 Verum
1890 5112 1953 5168 ubi

275 5257 405 5325 (tilleto,
434 5262 516 5325 aeter,
546 5253 1008 5325 ὓ6666ἀιτὴ,11116666661661,
1032 5262 1061 5314 et
1141 5255 1209 5381 ι(123
1225 5247 1953 5335 0616666611,61666666616166666611661666....

240 5343 401 5382 amaanum.
1116 5343 1171 5383 ato.
1212 5339 1294 5380 mnes
1310 5339 1393 5391 msa,
1409 5323 1615 5379 messuisset...
1632 5324 1682 5377 art.
1699 5320 1827 5390 Utraque
1852 5314 1952 5372 lectae

274 5399 331 5468 (i0)
349 5399 419 5453 blas.
435 5397 504 5453 Β66.
521 5402 550 5453 61
564 5399 661 5454 Germ.
680 5396 808 5453 salubres
835 5399 952 5468 corpori.
976 5398 1059 5455 Carn.
1116 5397 1231 5525 Brobari
1247 5396 1343 5467 potest
1359 5411 1365 5448 ι
1384 5393 1490 5466 prima,
1506 5394 1584 5466 qued
1599 5392 1772 5448 Ambrosius
1792 5387 1877 5461 epist.
1909 5387 1956 5444 ad

238 5469 463 5540 corportbaaeto.
1141 5471 1217 5533 runt,
1234 5465 1290 5521 boc
1313 5481 1387 5537 epus
1403 5464 1556 5536 scripsisse
1572 5480 1603 5520 66
1617 5462 1811 5519 testificatur:
1836 5455 1954 5524 altera,

266 5540 330 5623 Ι(11)
346 5540 393 5595 Sic
408 5542 711 5622 666666616666661.
727 5539 795 5622 edit.
813 5539 896 5595 Rom.
916 5556 982 5595 vero
995 5543 1062 5612 pin·
1116 5539 1193 5667 guod
1208 5537 1296 5620 verba
1311 5553 1369 5592 666
1384 5535 1540 5618 Ambrosii,
1557 5535 1607 5590 sed
1620 5532 1725 5591 notarii
1741 5545 1805 5588 essa
1819 5531 1955 5612 maten-

238 5610 445 5667 6666661166.
470 5610 510 5663 Ex
524 5627 557 5666 6ο
587 5610 698 5668 scilieet
721 5611 809 5668 Basti.
825 5618 898 5670 atter
911 5620 940 5671 τὸ
953 5635 1062 5688 ypocras
1137 5615 1191 5668 unt
1205 5609 1295 5686 aliqui
1310 5623 1435 5684 quorum
1450 5621 1548 5685 oprnro
1564 5622 1636 5668 msa.
1664 5618 1810 5664 consensu
1831 5597 1959 5658 stabila-

238 5691 304 5769 igarr
317 5687 399 5749 πῑνναι
410 5687 533 5762 rptpourr.
1115 5685 1173 5744 tut.
