4159 6184
146 307 195 370 aea
684 397 687 402 ,
749 303 866 372 creua
887 306 939 371 on
960 308 1170 372 pantoleo.
1778 314 1837 376 aaa
1913 321 1923 330 ·

147 458 200 515 que
212 459 334 502 sursum
349 447 394 502 est
407 441 573 503 Jerusalem
592 440 694 510 libera,
720 441 750 498 in
772 459 832 515 qua
845 443 1001 510 diversaA
1016 446 1045 496 et
1059 441 1129 496 mali
1155 441 1319 514 displicere,
1340 442 1410 516 quin
1433 447 1624 518 posteaquam
1648 449 1838 518 gustaverunt

147 536 308 590 auctorum
321 535 427 591 marita
441 531 635 607 pullularunt.
1013 546 1048 585 ea
1079 545 1111 585 eo
1143 529 1287 599 homines,
1322 532 1528 590 intellexerunt
1560 551 1592 590 sc
1624 551 1688 592 csse
1721 536 1836 606 nud0e3

174 621 197 676 5.
215 621 248 678 ln
270 621 326 679 hoc
348 639 417 696 erga
440 622 577 696 paradiso
598 620 747 677 bominem
771 619 960 692 Deusposuit
1013 623 1142 673 attamen
1165 619 1200 674 ad
1226 621 1511 678 consummationem
1535 623 1639 679 divinae
1662 625 1838 697 operationis

147 726 225 780 quem
240 709 406 783 plasmavit.
423 709 557 784 Intelliga
571 708 661 766 etiam
673 708 743 780 quia
757 723 815 764 non
829 723 897 762 eum
910 707 961 762 bc·
1013 706 1109 762 dicam
1143 707 1194 762 tibi
1219 711 1247 764 et
1269 707 1323 764 boc
1354 709 1467 782 lignum
1492 712 1521 766 in
1542 712 1677 783 paradiso
1692 717 1837 782 exortum,

147 799 249 854 minem
264 799 314 872 qui
329 800 491 857 secundum
506 798 667 872 imaginem
678 795 960 869 Deiest,posuit,sed
1013 800 1044 852 at
1076 794 1141 851 ideo
1173 813 1191 852 a
1222 801 1278 852 lieo
1310 813 1374 854 esse
1407 798 1592 870 permissum,
1626 806 1658 857 ut
1690 802 1839 874 possimus

147 903 207 943 eum
222 888 273 961 qui
298 889 462 946 secundum
485 903 602 960 corpus.
627 884 820 958 Incorporalis
834 884 913 942 euim
929 883 960 939 in
1014 885 1294 955 supereminentiam
1310 885 1377 942 boni
1394 885 1478 943 scire.
1495 888 1644 952 Quomodo
1663 891 1740 948 148
1760 891 1839 948 enim

146 975 202 1032 loeo
213 994 272 1033 non
287 981 343 1033 ast.
360 977 461 1034 Posuit
476 979 575 1032 autem
599 991 667 1031 eum
691 974 722 1030 in
736 973 870 1046 paradiso
885 972 962 1029 sicut
1015 973 1040 1027 si
1057 989 1114 1028 nou
1130 977 1207 1030 esset
1222 973 1343 1030 scientia
1358 975 1426 1031 boni
1441 981 1470 1031 et
1485 975 1565 1043 mali,
1587 977 1663 1034 inter
1686 981 1795 1036 bonum
1811 984 1841 1037 ct

147 1065 232 1122 selem
260 1067 292 1122 in
320 1065 403 1135 coelc,
428 1068 646 1138 exspectantem
673 1061 962 1137 regnumcoelcrum,
1015 1059 1128 1118 malum
1152 1062 1357 1119 discretionem
1384 1063 1513 1136 aliquam
1537 1065 1741 1124 disceremus?
1765 1069 1840 1126 Nam

147 1154 390 1226 quemadmodum
418 1158 553 1210 ereatura
579 1155 728 1224 exspectat
756 1149 961 1207 revelationem
1015 1165 1111 1222 neque
1127 1151 1204 1222 quod
1220 1150 1331 1207 ntalum
1347 1156 1417 1220 erat,
1436 1153 1752 1226 malumjudicaremus
1765 1174 1839 1227 esse,

148 1242 267 1298 filiorum
277 1243 339 1300 Dei,
1016 1237 1075 1294 nisi
1091 1243 1175 1307 esset,
1192 1239 1313 1296 scientia
1328 1240 1415 1296 boni:
1433 1243 1555 1298 seientia
1570 1247 1666 1301 autem
1693 1245 1761 1300 boni
1777 1261 1842 1302 esse

176 1334 201 1388 6.
215 1333 291 1405 Ergo
306 1332 332 1388 si
346 1331 501 1406 paradisus
516 1334 561 1388 est
574 1330 604 1386 in
620 1333 773 1403 quoerant
796 1332 896 1385 exerta
906 1327 963 1383 vir-
1017 1344 1076 1382 nou
1092 1332 1200 1400 posset,
1217 1329 1274 1384 nisi
1298 1334 1375 1386 essct
1398 1333 1427 1386 et
1450 1333 1559 1386 bonum
1576 1331 1633 1404 (13)
1647 1349 1653 1388 :
1669 1350 1764 1406 neque
1777 1351 1842 1391 rur-

147 1421 233 1496 gulia,
241 1421 357 1477 uidetur
367 1421 522 1494 paradisus
533 1420 704 1476 auimaesse
714 1435 778 1490 qua
787 1416 964 1490 multiplicat
1017 1433 1069 1472 sus
1091 1417 1168 1488 quod
1194 1417 1304 1474 bouum
1318 1422 1389 1488 erat,
1404 1421 1546 1476 sciremus
1560 1420 1669 1477 bonum
1692 1439 1766 1491 csse,
1784 1423 1842 1480 nisi

148 1527 241 1568 umen
256 1513 420 1582 acceptum,
435 1510 465 1565 in
481 1525 540 1581 qua
553 1508 838 1580 vimusuuaquoeque
849 1505 963 1579 plania·
1017 1509 1095 1562 esset
1110 1505 1231 1562 scientia
1256 1505 1335 1562 mali.
1350 1507 1426 1579 Cape
1448 1507 1614 1580 exemplum
1637 1509 1673 1567 dc
1694 1511 1758 1584 ipss
1773 1529 1841 1569 con-

148 1605 200 1666 tur,
214 1599 245 1654 in
261 1615 321 1671 qua
334 1598 495 1655 eratetiam
510 1596 624 1670 lignum
638 1596 713 1662 vitae,
724 1597 780 1653 hcc
793 1599 839 1652 eet
852 1594 965 1667 sapien·
1018 1592 1129 1649 ditione
1153 1593 1276 1650 humani
1302 1595 1442 1668 corporis.
1473 1597 1583 1669 Nempe
1600 1597 1689 1655 habet
1710 1604 1739 1656 et
1760 1618 1842 1658 ama·

150 1689 195 1754 tia,
209 1688 285 1744 deut
298 1687 371 1743 dixit
385 1685 524 1744 Salomon
538 1685 614 1758 (Sep.
630 1702 680 1750 vu,
695 1684 811 1756 21-2d):
833 1683 904 1756 quia
918 1701 964 1740 sa·
1018 1681 1177 1739 ritudinem
1206 1683 1365 1755 quamdam
1394 1684 1479 1751 fellis,
1509 1701 1573 1756 qua
1595 1685 1620 1742 si
1641 1688 1843 1747 incommune

152 1777 251 1849 pientia
265 1793 324 1833 non
338 1775 374 1831 de
387 1780 466 1832 terra
480 1778 579 1831 exorta
593 1776 638 1829 est
661 1773 729 1845 (12),
754 1773 805 1829 sed
820 1772 856 1828 de
868 1773 964 1830 Patre.
1020 1771 1192 1844 prospicias,
1221 1773 1258 1828 ad
1282 1771 1408 1829 salutem
1431 1773 1561 1830 bominis
1580 1775 1663 1832 utilis
1684 1775 1841 1834 invenitur.

153 1865 285 1921 batonim
301 1863 440 1936 splendor
454 1862 530 1918 lucis
544 1866 668 1933 eterne,
689 1865 718 1918 et
740 1861 886 1918 emanatio
901 1878 963 1917 om·
1020 1865 1093 1934 Ergo
1108 1865 1137 1916 et
1152 1861 1229 1933 quod
1245 1861 1354 1917 malum
1371 1866 1520 1934 putamus,
1538 1862 1776 1938 plerumquenou
1792 1883 1845 1940 per

154 1953 303 2028 „meantis
316 1952 425 2026 gum,
1019 1948 1118 2005 omnia
1144 1948 1254 2004 malum
1281 1955 1335 2017 est,
1358 1951 1461 2007 sedin
1486 1969 1642 2010 commune
1663 1954 1746 2011 utile.
1769 1956 1843 2012 Nam

472 2066 589 2123 CAPUT
603 2067 629 2124 Π
1020 2037 1098 2093 sicut
1117 2036 1155 2093 iel
1176 2037 1206 2092 iu
1226 2042 1308 2111 parte
1330 2043 1375 2094 cst
1389 2040 1530 2112 corporis,
1547 2045 1575 2098 et
1589 2047 1687 2098 tamen
1701 2043 1736 2099 ud
1753 2045 1845 2103 totius

155 2159 220 2228 Μ
233 2159 341 2230 [ΨΜ
354 2157 475 2212 Μία
485 2156 550 2211 bom·
562 2164 588 2212 θ’
599 2108 714 2212 mim-'in
726 2155 856 2228 Wadi„
869 2156 964 2227 swa,
1020 2126 1177 2183 utilitatem
1199 2127 1328 2199 corporis
1351 2129 1487 2199 prodest:
1511 2130 1552 2186 ita
1572 2131 1693 2186 utilitati
1710 2133 1844 2190 emnium

183 2231 301 2302 mque
315 2228 532 2299 ,mmmm
541 2229 753 2293 memnon
769 2226 967 2299 reprehensam.
1021 2215 1204 2288 proiuturam
1224 2216 1320 2272 sciens
1347 2217 1424 2272 Deus
1446 2217 1598 2274 scientiam
1623 2221 1692 2278 boni
1714 2226 1743 2277 et
1761 2221 1843 2290 mali,

183 2304 253 2358 dum,
268 2302 303 2356 Εἰ
318 2299 384 2371 quid
396 2300 527 2354 conuelli
538 2315 590 2371 per
602 2305 763 2370 wrpeawm,
788 2299 920 2354 adamum
940 2305 967 2353 et
1019 2306 1050 2359 in
1066 2308 1148 2376 parte
1164 2305 1325 2372 coustituit,
1337 2309 1369 2361 ut
1384 2305 1581 2364 incommune
1594 2310 1754 2380 prodesset.

184 2372 476 2429 &amimam-
1055 2393 1082 2447 9.
1117 2392 1246 2464 Denique
1279 2399 1444 2467 serpentem
1479 2395 1507 2450 in
1547 2398 1683 2469 paradiso
1720 2397 1844 2474 invenis,

183 2493 208 2544 i.
229 2489 299 2544 Erat
326 2489 426 2543 autem
448 2483 564 2558 liguum
583 2483 711 2542 scientiar
726 2483 794 2540 boni
809 2487 837 2540 et
851 2482 920 2540 mali
936 2484 966 2539 in
1021 2481 1122 2554 utique
1137 2497 1196 2536 non
1214 2482 1276 2538 sine
1298 2482 1346 2538 Dei
1367 2482 1516 2539 voluntate
1539 2491 1721 2557 generatum.
1737 2491 1769 2546 ln
1785 2507 1845 2547 ser-

154 2577 291 2650 paradise.
307 2575 354 2631 Sic
369 2574 448 2631 enim
463 2573 574 2630 babes:
600 2573 674 2642 Quia
691 2573 824 2646 produnt
846 2573 968 2630 llsuali-
1021 2570 1118 2643 pentis
1150 2573 1248 2625 autem
1282 2570 1376 2643 ligura
1409 2570 1543 2628 diabolus
1577 2579 1630 2629 ast.
1648 2576 1844 2634 Fuisseenim

155 2663 603 2738 quamspceiosumudospectum,
620 2661 927 2730 ctbanumodcacum,
942 2665 968 2717 et
1022 2657 1172 2715 diabolum
1205 2658 1235 2714 in
1269 2659 1404 2731 paradiso
1438 2660 1526 2716 etiam
1560 2661 1690 2718 Ezechiel
1705 2665 1847 2737 propbeta

154 2756 255 2824 tiquam
266 2755 330 2810 oitae
341 2755 373 2809 in
393 2754 533 2825 paradiso,
555 2759 582 2806 ct
601 2752 710 2822 liquam
732 2751 969 2809 matescense
1022 2747 1116 2813 docet,
1132 2747 1265 2819 quidicit
1280 2765 1369 2821 super
1384 2748 1546 2821 principem
1561 2751 1646 2824 Tyri:
1662 2754 1846 2826 inuoluptate

154 2845 217 2900 arati
237 2843 317 2914 (Gen.
341 2859 374 2909 11,
386 2842 426 2914 9).
450 2841 554 2898 Postea
578 2839 744 2896 videbimus
758 2844 858 2895 utrum
873 2847 900 2895 et
913 2839 969 2896 boc
1022 2835 1129 2908 inquit,
1174 2836 1306 2907 paradisi
1348 2837 1436 2908 factos
1463 2853 1490 2893 ce
1519 2840 1627 2911 (dacels.
1664 2859 1763 2912 xxvnr,
1790 2846 1844 2918 13).

154 2931 260 3006 lignum
276 2931 446 3004 speciosum
462 2929 498 2985 ad
514 2932 719 3002 aspectum,et
741 2928 852 2985 bouum
871 2929 969 2986 ades·
1023 2924 1187 2998 Principem
1220 2929 1317 2981 autem
1352 2926 1420 2997 Tyri
1444 2926 1473 2981 in
1492 2927 1586 3000 figura
1602 2929 1763 3002 accipimus
1784 2934 1846 2990 dia·

154 3037 212 3077 cam
224 3021 312 3078 luerit
326 3019 403 3077 sicut
417 3023 530 3075 catera.
553 3018 593 3074 llo
607 3017 687 3074 enim
711 3017 774 3074 loco
796 3017 853 3075 boc
867 3034 970 3091 oppor·
1023 3013 1093 3069 buli.
1128 3014 1278 3086 Numquid
1300 3017 1329 3068 et
1348 3014 1418 3069 hinc
1430 3017 1636 3074 accusabimus
1660 3024 1760 3091 Deum,
1778 3022 1848 3095 quia

153 3110 247 3167 tonius
261 3107 471 3182 disputabitur,
488 3123 546 3179 quo
560 3105 757 3163 hominemex
770 3105 825 3162 hcc
849 3111 970 3178 gustan-
1024 3101 1179 3159 thesauros
1200 3103 1265 3174 ejus
1287 3102 1452 3160 altitudinis
1474 3108 1503 3160 et
1518 3105 1645 3163 scientia
1661 3109 1848 3170 absconditos

152 3203 210 3254 tem
221 3198 300 3271 ligno
312 3194 480 3253 invenimus
493 3210 557 3251 esse
573 3193 737 3266 deceptum.
754 3193 874 3250 Interim
894 3193 969 3250 nibil
984 3165 1006 3232 G
1024 3191 1055 3248 iu
1077 3191 1192 3248 Christo
1209 3197 1238 3248 et
1255 3193 1385 3250 occultos
1401 3194 1644 3267 comprehendere
1664 3216 1722 3255 non
1742 3218 1848 3273 possu-

152 3286 302 3355 babemus,
317 3285 396 3357 quod
411 3299 490 3340 nunc
505 3283 715 3356 reprehendere
728 3283 899 3349 debeamus,
915 3284 970 3340 etsi
1025 3297 1105 3350 mus,
1127 3281 1183 3338 nisi
1211 3299 1285 3355 quos
1311 3281 1374 3356 ipsa
1398 3283 1524 3340 revelare
1546 3285 1684 3358 dignatus
1705 3290 1772 3345 esti
1793 3293 1848 3349 lie-

153 3377 293 3432 rationem
326 3374 401 3430 scire
428 3388 486 3428 non
514 3371 675 3445 possimus.
704 3371 804 3444 Neque
831 3371 910 3427 enim
938 3371 970 3426 in
1023 3369 1129 3427 velavit
1149 3375 1259 3437 tamen,
1283 3371 1458 3428 utsciamus
1475 3373 1687 3432 etiamdiaboli
1704 3377 1848 3438 malitiam

149 3465 203 3522 bac
217 3467 350 3521 creatura
364 3461 478 3529 mundi,
495 3461 520 3517 si
545 3477 605 3534 qua
629 3460 715 3517 nobis
739 3458 871 3516 difficilia
885 3459 971 3516 intel·
1024 3459 1061 3515 ad
1077 3459 1202 3516 salutem
1218 3461 1356 3532 prodesse
1371 3461 1550 3518 bominibus.
1567 3464 1629 3520 Non
1653 3467 1731 3537 quod
1747 3468 1847 3525 diabo-

148 3554 223 3611 lcctu
243 3553 390 3622 videntur,
414 3555 443 3606 at
458 3547 768 3623 incomprehensibilia
787 3547 904 3621 ingenio
918 3565 970 3605 uo·
1024 3549 1071 3604 lus
1085 3549 1223 3621 prodesse
1237 3548 1316 3614 velit,
1339 3549 1389 3604 scd
1412 3551 1491 3622 quod
1512 3552 1655 3610 malitiam
1680 3557 1744 3628 ejus
1759 3557 1847 3614 etiam

149 3649 219 3711 stru,
233 3640 389 3698 temerario
405 3639 533 3712 quedam
552 3639 694 3695 debemus
715 3638 910 3694 condemnare
921 3638 970 3709 J'u·
1024 3635 1216 3710 repugnantis
1229 3637 1371 3692 convertit
1386 3638 1470 3695 nobis
1491 3639 1634 3698 Dominus
1657 3645 1693 3700 ad
1709 3644 1847 3704 salutem.

149 3731 234 3800 dicio,
266 3734 299 3786 ut
335 3733 501 3785 creaturam
544 3727 736 3800 serpentium,
777 3725 971 3798 venenatique
1023 3725 1154 3797 Denique
1175 3725 1265 3796 hujus
1285 3725 1397 3781 malitia
1419 3726 1474 3783 Jcb
1498 3729 1591 3784 sancti
1609 3731 1664 3787 viri
1694 3733 1761 3792 lecit
1784 3750 1849 3792 essa

141 3811 272 3892 'alicujus
296 3816 477 3885 animantis;
498 3816 608 3888 quippe
622 3815 758 3871 hemines
780 3830 838 3886 qua
859 3813 971 3870 ratione
1023 3815 1161 3870 virtutem
1186 3819 1215 3870 et
1235 3813 1406 3887 patientiam
1428 3815 1592 3873 clariorem.
1615 3819 1709 3890 Hujus
1736 3821 1849 3878 malitia

148 3908 263 3982 singula
289 3921 414 3979 quaque
445 3905 506 3961 sint
535 3905 612 3960 lacta
633 3902 794 3977 intelligere
818 3903 914 3960 adhuc
941 3908 971 3960 et
1020 3902 1167 3975 justitiam
1195 3903 1260 3974 ejus
1282 3903 1427 3972 exercuit3
1451 3907 1484 3958 ut
1505 3911 1628 3962 certaret
1655 3913 1683 3962 et
1710 3909 1848 3977 vinceret,

148 3998 221 4054 scire
234 4013 293 4053 non
309 4009 479 4068 pessumus.
496 3993 625 4065 sicergo
639 3995 669 4048 et
691 3991 723 4047 iu
747 3991 908 4064 scripturis
926 3992 970 4047 di·
1023 3995 1053 4048 ct
1073 3991 1223 4048 victoriam
1245 4008 1351 4048 corona
1372 3997 1552 4064 sequeretur.
1583 3995 1673 4051 Nemo
1698 3997 1776 4052 enim
1792 3998 1848 4054 nisi

147 4087 222 4142 uiuis
235 4101 294 4142 non
311 4083 397 4140 focile
412 4080 661 4155 reprehendamus
670 4079 781 4153 aliquid
798 4082 876 4153 quud
888 4079 971 4137 intel-
1024 4080 1076 4153 qui
1100 4079 1230 4153 legitime
1258 4083 1421 4149 certaverit,
1449 4087 1614 4139 coronatur.
1643 4085 1753 4158 loseph
1775 4103 1850 4158 que·
1886 4110 1890 4118 ¹

148 4172 236 4247 ligere
258 4191 319 4230 non
343 4188 514 4245 possumus.
538 4171 615 4226 Sunt
646 4169 726 4226 enim
748 4167 876 4241 plurima
905 4186 969 4242 quc
1024 4185 1082 4243 que
1112 4169 1286 4226 castimonia
1314 4187 1465 4243 uunquam
1493 4173 1529 4228 ad
1558 4175 1648 4230 nostri
1675 4176 1849 4234 memoriam

150 4279 206 4319 non
225 4267 327 4320 nostro
350 4260 467 4334 ingenio
496 4257 645 4316 metienda
665 4262 754 4328 sunt3
780 4259 831 4314 sed
855 4275 889 4314 ex
904 4258 969 4314 alti·
1023 4258 1213 4330 pervenisset,
1238 4259 1293 4314 nisi
1317 4259 1422 4316 mulier
1444 4261 1556 4318 demini
1570 4263 1635 4334 ejus
1654 4265 1848 4322 contuberna-

151 4351 247 4409 tudine
276 4350 381 4407 divina
412 4347 615 4421 dispositionis
648 4350 678 4403 et
701 4345 782 4402 verbi
805 4350 875 4403 suut
892 4347 969 4404 aesti-
1023 4346 1071 4414 lis,
1087 4347 1187 4420 ignitis
1203 4346 1310 4403 diaboli
1327 4347 1448 4420 spiculis
1472 4349 1601 4420 incitata,
1629 4357 1768 4411 tentasset
1783 4355 1850 4426 ejus

150 4441 262 4497 meg,
1023 4437 1171 4504 allectum,
1188 4435 1246 4492 nisi
1262 4441 1407 4508 postremo
1428 4438 1592 4496 affectasset
1605 4443 1669 4513 ejus
1685 4443 1847 4514 interitum,
1897 4449 1904 4462 ”

181 4531 209 4585 8.
223 4529 301 4586 Pone
328 4527 418 4597 enim,
446 4528 509 4584 sine
532 4525 702 4600 prejudicio
725 4515 825 4582 iamed
839 4526 973 4584 assertio·
986 4533 1011 4600 Ι)
1026 4543 1084 4599 quo
1099 4524 1204 4581 clarior
1219 4528 1295 4582 esset
1310 4525 1484 4582 castimonia
1498 4527 1564 4598 viri,
1592 4531 1642 4603 qui
1658 4537 1781 4590 mortem
1796 4550 1849 4606 pro

151 4616 474 4686 contumescant
497 4617 553 4673 boc
574 4615 690 4688 lignum
714 4615 970 4673 descientiabcni
1023 4615 1158 4674 castitate
1184 4613 1402 4686 contempserit.
1434 4616 1484 4672 Vis
1513 4619 1587 4675 scire
1607 4621 1763 4678 consilium
1778 4621 1851 4679 Dei‘l

180 4763 238 4835 (12)
263 4759 439 4819 Ambrosius
462 4759 552 4817 etiam
577 4758 630 4814 inl.
652 4772 678 4812 c.
704 4757 738 4813 13
761 4761 790 4814 ct
809 4757 878 4814 alibi
893 4757 971 4814 bunc
1024 4757 1117 4815 tiavit.
1145 4757 1218 4813 Vide
1245 4755 1296 4811 lib.
1324 4774 1355 4824 11,
1384 4775 1409 4814 c.
1435 4760 1458 4814 l.
1480 4761 1615 4832 lletroet.;
1637 4761 1656 4818 l.
1679 4781 1699 4818 n
1720 4763 1752 4818 dc
1773 4765 1848 4818 Dect.

146 4830 254 4891 librum
269 4833 376 4890 tribuit
391 4831 541 4888 Salomoni
550 4831 635 4902 juxta
648 4828 789 4901 temporie
801 4829 846 4885 sui
861 4831 972 4901 opinio·
1026 4831 1139 4893 Christ..
1170 4845 1194 4883 c.
1223 4829 1250 4894 8,
1278 4831 1308 4883 et
1334 4830 1442 4900 Spectet.
1466 4847 1498 4886 ac
1520 4837 1604 4888 notas
1627 4833 1667 4889 ibi
1690 4834 1719 4888 in
1745 4833 1850 4889 ultima

145 4921 232 4962 nem:
257 4905 310 4962 sed
331 4901 601 4977 pseudepipropbum
622 4916 688 4958 eum
716 4915 781 4956 esse
801 4904 902 4974 postea
922 4902 972 4958 do·
1025 4903 1095 4958 edit.
1120 4900 1278 4970 subjectas.
1303 4899 1494 4957 Communicr
1523 4905 1574 4959 cvi
1607 4904 1698 4960 nostri
1725 4905 1849 4977 scripto-

144 4977 312 5034 cuitllicrou
335 4980 445 5043 mus,et
459 4971 636 5030 anonnullis
650 4971 826 5044 scriptorum
841 4976 971 5029 veterum
1026 4990 1091 5028 rum
1108 4971 1251 5027 sententia
1271 4975 1316 5026 est
1338 4989 1411 5043 opus
1434 4973 1505 5028 illud
1529 4991 1562 5030 ex
1578 4974 1771 5047 plurimarum
1786 4992 1849 5031 sen·

142 5048 246 5105 ludeo
260 4993 389 5115 Philoni,
406 5050 475 5118 puta
491 5043 650 5116 antiquiori
666 5043 784 5099 ascribi.
805 5043 887 5126 [inde
901 5047 970 5102 Cas·
1025 5043 1184 5124 teutiarum
1209 5041 1375 5125 Salomonis
1397 5043 1611 5126 ccmpulatione
1626 5061 1643 5100 a
1658 5045 1785 5125 quodam
1801 5046 1849 5119 pio

143 5120 233 5185 aiod„
264 5114 849 5187 Diu.litt,c.5:llreronqmus,inqu1t,
874 5123 973 5173 assem
1026 5133 1059 5173 nc
1092 5115 1205 5170 erudito
1242 5130 1303 5170 viro
1333 5116 1487 5186 prodiisse,
1522 5132 1570 5185 qur
1606 5117 1727 5187 proinde
1759 5117 1849 5192 divini

140 5191 179 5247 Sa
200 5192 294 5247 ientiae
323 5189 427 5245 liberam
454 5204 510 5245 noo
534 5204 551 5242 e
579 5186 733 5253 Murteae,
765 5194 796 5242 at
826 5202 892 5242 usus
919 5189 972 5242 ta·
1026 5187 1115 5258 hujus
1131 5185 1197 5240 libri
1213 5185 1357 5255 collector,
1375 5185 1512 5242 Salomon
1528 5201 1594 5241 vero
1618 5187 1848 5259 genuinusauc-

141 5264 157 5317 b
188 5304 198 5328 ,
231 5262 281 5318 aad
319 5277 337 5315 a
370 5261 486 5316 Philone
520 5259 674 5315 doctissimo
712 5256 829 5328 quodem
866 5257 971 5326 Judaec,
1026 5265 1072 5316 tor
1088 5257 1144 5313 dici
1160 5257 1273 5312 debeat.

139 5336 231 5402 fuisse
241 5333 438 5403 corumptum,
454 5346 533 5403 quem
545 5329 971 5401 pseudoproptumpraenotccit,
1063 5329 1119 5401 (13)
1143 5329 1185 5384 lta
1209 5327 1340 5400 plerique
1362 5344 1433 5382 mss.
1457 5326 1522 5391 alii,
1552 5332 1581 5382 ct
1601 5333 1661 5384 ant.
1686 5329 1767 5396 edit,
1793 5332 1850 5389 nisi

138 5412 288 5477 propterea
333 5403 405 5475 quod
460 5402 667 5474 usurpationem
719 5400 839 5454 amnicis
880 5404 974 5472 portat
1026 5403 1092 5457 esset
1116 5409 1142 5455 et
1166 5401 1244 5454 meli.
1272 5399 1355 5453 Nom.
1385 5397 1494 5469 adjicit,
1519 5400 1712 5458 cantumerulae
1730 5403 1850 5460 discerni

140 5477 273 5533 atterius.
300 5473 415 5531 Putavit
439 5473 597 5546 aliquando
628 5470 812 5596 anqustinus
835 5473 972 5526 eumdem
1026 5490 1082 5528 oon
1096 5476 1190 5544 potest,
1205 5470 1264 5528 cisi
1276 5485 1325 5540 per
1339 5469 1483 5526 scientium
1498 5469 1562 5529 boni
1583 5472 1638 5530 Sed
1654 5491 1687 5532 ea
1702 5491 1849 5552 nusquam

139 5547 254 5604 librum
270 5547 308 5602 ab
322 5545 392 5602 Jesu
406 5545 487 5601 Sirac
510 5545 654 5627 scriptum
690 5541 780 5609 uisse,
796 5541 848 5596 sed
862 5541 975 5599 doctior
1027 5543 1096 5604 alibi
1113 5541 1306 5618 reperiuntur.

139 5618 336 5700 postmodum
360 5617 455 5679 lactus
478 5615 583 5679 incarn
607 5612 735 5678 aucuns
758 5627 822 5674 essa
843 5629 973 5690 prenun-
