4159 6184
150 332 201 401 116
732 334 784 400 ntt
805 332 896 401 cetri
917 332 968 399 111
990 330 1094 399 ebat
1114 330 1190 397 me.
1213 326 1253 397 11.
1782 329 1843 401 did

151 468 307 547 66616666
322 468 422 531 nudus
436 464 621 548 gignentium
640 467 758 545 eiigitur
779 465 962 542 parricidio?
979 469 1002 537 Α
1020 464 1196 525 6666166116.
1213 464 1799 544 116166666616666661166666666616,
1814 470 1845 527 61

151 560 196 621 Ubi
219 561 297 620 enim
321 561 411 619 frater
434 560 562 620 habebat
585 558 688 629 occidi,
711 560 768 617 nisi
788 559 966 635 6611666166
1020 556 1197 629 poeaitcutie
1211 558 1305 631 portio
1320 558 1430 616 crimen
1443 558 1537 625 fateri,
1553 576 1607 617 nec
1627 558 1758 616 derivare
1780 557 1843 616 cul-

152 652 274 709 deesset?
289 652 443 725 Tanquam
468 651 646 725 presagiens
670 646 964 707 6616661661166616·
1020 662 1089 719 pam
1104 647 1173 719 (65),
1189 647 1240 703 666
1256 664 1471 721 recognoscere.
1483 649 1597 723 Mitigat
1608 650 1739 721 judicem
1751 648 1846 722 pudor

151 739 260 798 risioco
274 740 407 813 garumna
423 740 617 813 denegaverat
633 756 640 796 :
657 738 799 813 quianon
814 737 965 796 66666616-
1019 748 1149 805 reorum,
1178 735 1284 791 excitat
1311 741 1409 793 autem
1438 737 1597 811 pertinacia
1624 738 1843 812 denegantium.

152 829 193 886 bat
206 833 239 886 ut
252 828 329 886 idem
344 828 440 885 solum
451 832 479 885 et
489 828 624 903 contagia
642 826 823 902 parricidalia
847 826 965 898 sangui·
1019 821 1091 879 Vult
1105 828 1133 879 te
1148 840 1305 897 provocare
1328 826 1364 881 ad
1386 826 1586 897 penitentiam
1601 828 1658 899 (66)
1673 828 1761 895 Deus,
1782 826 1846 884 vult

153 918 191 976 uis
205 917 347 991 reciperet
359 920 465 992 preter
480 922 626 988 naturam,
638 921 667 974 61
679 917 793 973 1666166
803 915 965 972 secundum
1021 911 1057 967 de
1072 928 1102 968 se
1118 913 1229 986 sperari
1245 913 1469 987 indulgentiam,
1484 915 1548 971 vult
1571 916 1772 973 demonstrare
1793 921 1846 974 tua

153 1011 279 1065 naturam
303 1006 489 1081 germinaret.
515 1006 618 1065 Merito
643 1006 707 1079 ipse
730 1004 801 1062 dicit
830 1022 836 1061 :
867 1006 967 1060 Eamne
1021 1001 1205 1058 confessione
1220 1004 1297 1075 qnod
1313 1020 1373 1059 non
1388 1004 1427 1059 sit
1441 1007 1542 1061 auctor
1556 1004 1683 1061 malitias.
1700 1006 1773 1062 Nam
1793 1005 1845 1078 qui

153 1098 325 1169 1666666666.
341 1095 403 1152 Ν66
425 1094 496 1151 61611
511 1112 518 1151 :
533 1094 643 1151 Samus
667 1094 697 1149 in
720 1092 900 1167 paradisum,
917 1092 967 1147 ubi
1022 1095 1175 1163 peccatum
1188 1108 1276 1148 suum
1293 1093 1328 1148 ad
1344 1094 1504 1165 quamdam
1524 1092 1662 1161 referunt,
1679 1097 1712 1150 ut
1721 1094 1846 1166 gentiles

153 1202 231 1260 poma
245 1185 362 1253 1166661;
379 1200 438 1242 666
452 1182 483 1241 16
498 1182 627 1257 aliquem
651 1183 764 1240 arritum
790 1186 819 1239 et
839 1180 967 1237 fructife·
1022 1185 1169 1247 asserunt,
1185 1180 1292 1239 decreti
1309 1186 1361 1237 aut
1374 1182 1471 1252 operis
1495 1182 1541 1239 sui
1565 1181 1781 1250 necessitatem,
1800 1184 1845 1239 di-

153 1290 208 1331 ram
232 1272 341 1331 locum.
370 1272 429 1347 Ipsi
455 1272 606 1347 parricide
630 1272 761 1329 indicant
784 1272 911 1328 fructum
937 1286 969 1327 se
1022 1269 1089 1325 vina
1111 1287 1233 1343 arguere
1254 1272 1399 1340 videntur,
1426 1272 1511 1344 quasi
1535 1272 1666 1346 ipsorum
1690 1272 1735 1329 uis
1758 1288 1848 1331 causa

152 1363 262 1422 sceleris
275 1362 384 1422 babere
399 1379 456 1420 666
472 1379 568 1437 66666,
585 1380 638 1420 666
652 1378 741 1437 peaes
765 1378 816 1420 eos
839 1362 967 1418 fructum
1023 1359 1132 1431 peccati
1152 1360 1200 1415 sit.
1226 1361 1281 1426 Qui
1307 1362 1386 1417 enim
1409 1362 1584 1419 necessitate
1607 1361 1705 1434 aliqua
1727 1367 1847 1419 coactus

153 1469 273 1521 manere,
290 1452 340 1526 qui
354 1456 443 1510 tantae
466 1452 610 1525 impietati
637 1450 968 1526 prebuerintoffrcium.
1023 1446 1271 1522 occiderit,quasi
1300 1450 1410 1507 invitus
1438 1449 1553 1507 occidit.
1575 1452 1616 1506 116
1643 1466 1711 1508 6666
1739 1468 1804 1523 quae
1831 1469 1850 1507 e

152 1542 217 1599 Nam
232 1540 327 1615 ipsam
343 1540 493 1615 refugiunt
515 1539 726 1597 elementorum
746 1539 968 1612 benignitatem,
1023 1536 1109 1593 nobis
1123 1541 1202 1607 sunt,
1213 1539 1431 1596 excusationem
1445 1557 1505 1596 non
1520 1539 1632 1596 habent
1648 1557 1655 1597 τ
1671 1557 1735 1611 que
1751 1548 1849 1598 autem

153 1636 181 1688 ut
200 1632 256 1688 iste
277 1629 348 1687 Cain
371 1629 421 1703 qui
445 1629 563 1686 videtur
585 1630 697 1688 veritus
720 1646 756 1687 nc
778 1625 970 1703 largiorboni
1024 1629 1128 1698 preter
1156 1644 1210 1683 nos
1236 1633 1316 1696 sunt,
1346 1627 1526 1685 excusabilia
1549 1633 1628 1685 suat.
1653 1629 1711 1685 Sed
1738 1632 1849 1701 quanto

152 1724 223 1777 terra
243 1724 402 1793 proventus
425 1719 509 1776 triete
532 1718 646 1775 facinus
670 1717 834 1793 impediret,
850 1721 879 1773 et
897 1716 969 1773 libe·
1023 1714 1143 1789 gravius
1158 1721 1276 1789 peccato
1292 1717 1356 1789 ipso
1370 1719 1407 1774 ad
1422 1719 1516 1775 Deum
1529 1719 1636 1775 referte
1646 1719 1725 1792 quod
1737 1719 1848 1787 feceris,

152 1808 270 1866 ralitatie
285 1807 475 1865 assuetudine
490 1807 637 1881 genitalis,
653 1824 717 1880 qua
732 1806 801 1865 facit
822 1806 878 1865 sibi
893 1806 970 1863 fetus
986 1841 1010 1907 B
1025 1808 1055 1861 et
1077 1808 1177 1863 reatus
1201 1807 1244 1862 tui
1268 1805 1409 1863 invidiam
1434 1808 1641 1865 transfundere
1656 1808 1686 1864 16
1702 1810 1850 1865 auctorem

152 1902 177 1955 et
190 1898 304 1954 fructus
317 1896 413 1954 varios
429 1896 653 1971 germinascere,
668 1895 698 1952 in
713 1896 768 1953 hoo
784 1912 900 1969 quoque
910 1894 969 1951 cri·
1024 1911 1082 1949 nou
1099 1893 1244 1961 criminis,
1260 1897 1311 1953 sed
1327 1896 1510 1953 innocentiae.

152 1985 234 2043 minis
250 1989 394 2060 apparatu
406 1984 451 2042 vel
466 1988 549 2041 muta
563 1985 659 2057 specie
683 1984 728 2041 sui
753 1985 914 2042 fraternum
930 2000 971 2041 re-
1059 1984 1103 2038 28.
1134 1984 1282 2056 Perpende
1314 1989 1411 2041 autem
1439 1985 1591 2057 parricide
1605 1984 1850 2059 responsionem:

150 2078 261 2133 vocaret
276 2075 423 2131 affectum.
445 2074 530 2131 Latro
553 2073 630 2129 diem
653 2073 760 2147 refugit
775 2072 860 2147 quasi
875 2071 958 2129 animi
1024 2072 1128 2146 Nescio,
1144 2071 1252 2145 iuquit,
1267 2074 1402 2146 namquid
1420 2083 1508 2132 666166
1521 2077 1620 2148 fratris
1641 2076 1697 2131 mei
1718 2090 1765 2147 eqo
1788 2090 1852 2131 666

151 2164 193 2222 nis
206 2161 429 2232 testem,lucem
446 2161 561 2219 adulter
575 2162 722 2219 erubescit
736 2160 820 2236 quasi
835 2158 971 2219 adulterii
1026 2159 1104 2231 (666.
1120 2178 1159 2227 nv,
1174 2161 1223 2235 9)1
1238 2162 1299 2219 Etsi
1322 2165 1539 2220 contumaciam
1559 2165 1664 2237 prodat
1678 2163 1726 2220 hic
1740 2179 1850 2231 sermo,

151 2252 307 2318 consciam,
322 2250 470 2324 parricida
493 2254 639 2308 terrarum
663 2250 871 2308 fecunditatem
885 2249 971 2323 fugit.
1026 2255 1113 2306 sonat
1126 2254 1224 2307 tamen
1239 2250 1346 2324 quiesi
1362 2252 1473 2309 bonum
1489 2253 1608 2309 fratrem
1622 2252 1850 2321 considerasset,

151 2341 299 2408 Quomodo
322 2338 401 2397 enim
431 2343 545 2413 poterat
572 2340 739 2397 communis
754 2342 855 2413 partus
876 2338 973 2394 videre
1026 2344 1127 2395 custos
1155 2339 1257 2395 debuit
1279 2357 1344 2397 esse
1368 2340 1496 2412 pietatis.
1517 2342 1609 2407 Quem
1637 2341 1716 2397 euim
1745 2340 1851 2415 magis,

150 2428 305 2497 consortia,
317 2427 367 2502 661
382 2432 549 2485 consortem
564 2428 611 2485 sui
626 2428 780 2503 sauguinis
794 2424 973 2483 trucidabat?
1027 2444 1116 2499 quam
1143 2427 1263 2484 fratrem
1291 2445 1409 2485 servare
1436 2429 1598 2487 debuerat?
1620 2431 1674 2487 Sed
1704 2431 1851 2502 quomodo

149 2518 255 2591 ioseph
280 2516 310 2573 in
336 2516 435 2573 lacum
459 2514 586 2573 mittitur
609 2516 731 2585 siccum,
760 2516 865 2572 66666
896 2515 974 2572 intra
1026 2515 1231 2589 germanitatis
1245 2521 1375 2573 servaret
1397 2517 1538 2586 officium,
1554 2518 1604 2590 qui
1626 2518 1852 2575 necessitudinis

150 2610 268 2667 domum
286 2604 439 2662 occiditur.
454 2604 575 2661 iustum
591 2604 682 2679 igitur
696 2610 802 2661 natura
816 2603 975 2677 estimper·
1027 2621 1086 2660 noa
1111 2603 1279 2677 agnovisset
1302 2604 1437 2661 affectam
1453 2606 1535 2678 (otte
1555 2608 1613 2662 Aut
1627 2607 1773 2679 quomado
1789 2606 1851 2662 fueri

149 2698 200 2755 tite
211 2695 371 2770 Judicium,
384 2710 419 2751 aa
432 2693 498 2750 loca
511 2693 542 2749 in
558 2692 666 2766 quibus
681 2697 743 2751 erat
759 2694 890 2750 futurum
906 2707 972 2765 pat·-
1028 2696 1136 2765 posset,
1151 2697 1183 2749 ut
1204 2697 1315 2749 nature
1335 2694 1532 2750 obedientiam
1556 2695 1690 2761 deferret,
1718 2693 1768 2767 qui
1792 2694 1851 2750 1166

148 2782 740 2857 6161616666,666666661661666166666
758 2800 765 2839 :
781 2786 814 2838 ut
833 2798 867 2838 ex
888 2780 972 2836 inno·
1027 2781 1217 2838 reverentiam
1234 2799 1293 2838 666
1309 2782 1476 2839 exhiberet?
1496 2783 1588 2857 Negat
1610 2784 1739 2855 primum
1764 2782 1848 2855 qussi

148 2875 240 2934 centis
254 2872 310 2932 soli
326 2872 453 2946 quadam
469 2872 657 2929 damnatione
676 2872 841 2929 ostenderet
863 2872 975 2943 quante
1027 2871 1105 2943 apud
1121 2871 1305 2945 ignorantem
1322 2887 1329 2927 ε
1346 2875 1462 2929 6666661
1477 2872 1609 2929 fraterne
1625 2889 1735 2929 munus
1749 2875 1851 2931 custo·

147 2966 247 3023 eesent
276 2962 378 3018 futura
406 2944 552 3034 supplicia
584 2960 737 3017 noniomm
761 2961 828 3031 (63).
854 2960 974 3031 Propter
1026 2957 1091 3028 dia,
1106 2957 1190 3029 quasi
1205 2975 1305 3015 exsors
1319 2963 1448 3026 natura,
1465 2957 1592 3013 dectinet
1605 2958 1748 3030 judicem,
1764 2956 1850 3029 quasi

149 3053 244 3111 scelus
260 3050 353 3125 igitur
366 3050 521 3107 hominum
546 3051 576 3105 et
592 3048 657 3121 ipsa
671 3048 814 3105 elementa
828 3047 973 3103 6666666-
1025 3046 1101 3104 iiber
1114 3047 1237 3103 arbitrii.
1252 3047 1325 3114 Quid
1336 3046 1452 3103 miraris
1462 3046 1486 3103 si
1498 3048 1635 3119 pietatem
1646 3064 1705 3104 aon
1719 3047 1850 3121 agnovit,

148 3146 205 3198 tur.
224 3138 355 3211 Denique
368 3136 456 3193 David
474 3135 623 3193 montibus
645 3136 676 3191 in
701 3136 810 3208 quibus
832 3134 973 3191 16661666
1026 3136 1077 3207 661
1102 3153 1160 3192 non
1186 3136 1305 3208 agnovit
1328 3136 1499 3192 auctorem?
1520 3136 1554 3191 111
1578 3134 1642 3192 1666
1662 3136 1776 3193 6666616
1795 3136 1850 3209 hpc

148 3244 215 3285 cum
231 3229 314 3299 patre
327 3223 522 3297 interemptus
536 3228 591 3291 est,
607 3228 752 3297 perpetues
775 3239 891 3296 poeuam
911 3206 1007 3279 ste-G
1026 3224 1101 3281 serie
1115 3225 1332 3296 Scripturarum
1354 3225 1442 3281 fidem
1465 3241 1530 3281 6666
1556 3224 1684 3281 radicem
1704 3225 1846 3282 virtutum

146 3314 266 3374 rilitatis
280 3313 390 3385 optavit
412 3312 512 3369 dicens
527 3330 534 3368 ε
549 3314 651 3369 1166166
673 3315 722 3384 661
743 3313 807 3369 estis
818 3313 849 3367 in
865 3311 969 3381 cetere,
1025 3313 1168 3370 omnium.
1183 3312 1265 3369 Unde
1286 3317 1314 3368 et
1337 3313 1495 3386 Apostolus
1509 3314 1550 3369 ait
1565 3330 1572 3369 τ
1588 3317 1663 3386 Quia
1683 3312 1847 3387 [66666666-

146 3416 234 3479 aeque
256 3416 313 3469 ros,
336 3416 424 3473 66666
443 3401 541 3474 pincio
569 3400 649 3457 cadat
675 3416 757 3473 snper
781 3417 845 3467 666·
868 3404 971 3457 mones
1024 3406 1085 3460 tum
1099 3404 1222 3457 nostrum
1237 3402 1358 3458 cbristus
1380 3405 1419 3458 cst
1442 3403 1466 3475 (1
1491 3403 1551 3461 Cor.
1580 3420 1621 3473 ur,
1642 3404 1702 3476 tt);
1718 3408 1748 3460 et
1762 3404 1848 3476 6616-

145 3492 243 3551 manta
256 3490 314 3563 (61)
330 3490 368 3563 (11
380 3487 444 3560 deq.
459 3506 479 3559 t,
494 3488 552 3561 21).
1025 3490 1097 3565 6616
1113 3506 1203 3563 66666
1216 3489 1272 3546 666
1287 3490 1512 3547 fundamentum
1526 3492 1724 3562 admonueris,
1735 3492 1791 3550 666
1806 3510 1850 3551 so·

470 3594 587 3652 ggpurp
605 3594 652 3652 lx,
1026 3578 1089 3634 lum
1104 3580 1141 3635 66
1156 3578 1252 3650 666616
1267 3578 1311 3633 161
1331 3579 1470 3647 fructum,
1484 3583 1514 3636 ct
1527 3580 1564 3637 ed
1579 3580 1696 3638 virtutis
1710 3581 1851 3654 proficere

132 3664 240 3744 'nem
263 3686 448 3742 1616666666
472 3682 598 3749 deinum,
613 3699 668 3739 non
690 3690 721 3740 et
743 3683 866 3750 disceret,
880 3684 926 3741 sed
945 3691 975 3741 61
1027 3666 1201 3724 Μθῑθθᾶθῑῐὶι

182 3754 360 3813 asmodeon
448 3771 495 3810 um
511 3755 660 3811 induceret.
677 3756 765 3827 Hujus
788 3758 928 3828 responsio
942 3757 975 3811 in
1062 3756 1108 3811 29.
1125 3756 1258 3829 congrue
1270 3754 1361 3828 igitur
1374 3755 1527 3828 respondit
1546 3756 1689 3814 Dominus
1711 3762 1773 3815 tam
1795 3759 1853 3816 im·

181 3832 273 3886 [mm
287 3842 321 3883 “0
333 3830 466 3883 6611111111
479 3827 584 3899 empta,-
598 3828 677 3898 0ii¹t⁶
698 3828 819 3910 ⁰PP⁰⁸i⁸⁰
844 3828 893 3883 ⁰01
915 3842 970 3882 m·
1028 3846 1189 3920 prudenter
1203 3844 1332 3918 neganti,
1349 3844 1449 3901 diceus
1478 3861 1485 3900 :
1512 3846 1567 3902 Voe
1589 3848 1736 3915 sangoinis
1755 3848 1853 3917 [ratris

181 3900 281 4026 ff
289 3898 975 4026 ffwffiffssmffl‘ffinggssmww
1028 3934 1121 3992 16166
1135 3948 1178 3990 nie
1192 3935 1292 3989 6166661
1306 3934 1383 4007 (Gen.
1399 3935 1506 4006 6610),
1523 3934 1578 3990 666
1602 3938 1658 4002 661,
1677 3951 1732 3991 666
1757 3936 1853 3992 666616

185 3986 293 4098 „pam
306 4041 333 4097 02·
346 3986 450 4109 giving,
466 4047 491 4097 θ)
502 4042 654 4113 peccatore,
667 4042 770 4096 „wreus
783 3986 902 4097 dirigo,
916 4057 977 4095 ma.
1030 4024 1082 4080 ubi
1097 4026 1142 4079 est
1155 4023 1246 4078 166166
1264 4022 1356 4078 tuus?
1379 4021 1439 4078 Soli
1462 4022 1551 4079 cratis
1577 4037 1644 4079 eum
1671 4024 1788 4080 duobus
1802 4040 1854 4095 pa·

187 4114 223 4169 tis
238 4113 420 4187 presentibus
434 4127 466 4167 oc
478 4112 581 4183 1616616
594 4112 977 4184 666666616666616666661-
1031 4113 1175 4173 reatibus.
1189 4111 1266 4167 inter
1279 4127 1389 4184 paucos
1405 4112 1494 4168 freter
1518 4117 1547 4168 te
1566 4110 1656 4169 latere
1670 4129 1730 4169 noa
1742 4112 1853 4169 debuit.

187 4185 297 4242 11011611
307 4182 498 4256 immisisti·
1032 4204 1075 4258 An
1090 4200 1160 4273 6616
1173 4204 1310 4272 parentcs
1321 4200 1365 4255 tui
1380 4204 1563 4257 accusatores
1572 4217 1637 4258 esse
1650 4218 1708 4259 non
1719 4202 1857 4274 possuntt

186 4294 235 4348 27.
252 4290 338 4349 Nunc
352 4288 571 4346 consideremus
586 4304 645 4360 qua
659 4288 772 4346 ratione
793 4286 981 4363 interrogavit
1033 4288 1106 4347 Nolo
1118 4289 1197 4345 enim
1211 4293 1244 4343 ut
1258 4306 1293 4345 ea
1308 4287 1493 4345 necessitudo
1508 4305 1571 4360 666
1586 4294 1631 4346 661
1652 4294 1756 4347 auctor
1777 4288 1857 4347 salu·

153 4378 234 4436 Deus
256 4377 328 4435 Cain
351 4376 403 4433 ubi
429 4382 506 4434 esset
530 4378 620 4433 frater
642 4392 726 4444 suus,
747 4378 832 4450 quasi
856 4378 983 4435 nesciret
1034 4378 1084 4445 tis,
1101 4378 1153 4433 fiat
1167 4381 1268 4432 auctor
1282 4375 1413 4448 periculi.
1431 4378 1462 4433 ln
1487 4386 1514 4433 te
1536 4379 1599 4434 solo
1623 4377 1703 4452 leges
1717 4396 1788 4437 suas
1806 4394 1858 4436 ne-

153 4468 298 4525 occisum.
332 4464 388 4524 Sed
421 4466 499 4540 quod
530 4466 567 4522 ad
597 4465 750 4522 scientiam
779 4465 829 4523 Dei
859 4470 981 4539 spectat,
1035 4464 1327 4523 tureamiscrit.tdeo
1343 4482 1411 4537 ergo
1434 4471 1521 4538 putes
1545 4465 1656 4524 crimen
1672 4466 1774 4534 latere,
1790 4468 1861 4540 quia

153 4561 314 4630 negantem
331 4554 438 4628 arguit,
450 4560 479 4611 et
492 4554 635 4611 inficianti
649 4554 734 4627 quasi
749 4555 845 4611 sciens
859 4571 982 4627 respon·
998 4579 1022 4644 D
1037 4560 1172 4629 parentes
1187 4570 1324 4609 accusare
1347 4571 1404 4609 uon
1431 4554 1556 4611 debent?
1571 4557 1626 4613 Sed
1650 4574 1683 4614 eo
1703 4559 1798 4629 major
1815 4560 1862 4613 est

153 4644 223 4701 dit:
245 4646 301 4703 foe
314 4645 460 4715 sangoinis
473 4644 571 4714 [ratris
595 4645 638 4699 161
659 4643 695 4699 ad
716 4658 760 4700 me
782 4641 885 4700 clamat
905 4646 982 4717 (Gen.
1037 4643 1241 4702 condemnatio
1257 4650 1318 4698 tua.
1334 4643 1407 4698 Nam
1423 4645 1448 4699 si
1464 4644 1554 4701 chara
1567 4646 1795 4703 necessitudinis
1809 4661 1860 4700 no-

156 4748 197 4801 te,
215 4734 260 4805 10)
276 4750 284 4789 :
301 4732 378 4806 quod
395 4736 493 4789 autem
507 4732 542 4789 ad
558 4731 702 4789 rationem
716 4732 892 4804 profundam
917 4734 984 4789 atti·
1040 4734 1120 4789 mina
1144 4748 1280 4787 accessura
1295 4748 1352 4786 non
1369 4732 1486 4800 debent,
1502 4733 1594 4792 multo
1620 4734 1715 4807 magis
1736 4750 1793 4787 666
1811 4732 1860 4785 66·

158 4826 220 4889 net,
245 4822 322 4880 m
349 4826 503 4895 peccantes
532 4820 671 4877 admonet
701 4821 737 4877 ad
773 4822 983 4895 penitentiam.
1040 4820 1265 4879 bentoccidere.
1290 4821 1346 4877 Sed
1362 4821 1387 4877 si
1413 4838 1459 4877 me
1482 4826 1585 4879 testem
1609 4821 1725 4887 abnuis,
1741 4818 1863 4877 etratu-

160 4908 312 4968 Gonfessio
335 4909 414 4968 enim
439 4926 592 4984 penarum
615 4908 821 4983 compendium
837 4916 890 4968 661.
916 4912 986 4969 1666
1040 4909 1256 4985 616666116666,
1272 4911 1494 4984 666666661616
1519 4910 1617 4967 fratris
1641 4909 1685 4966 tui
1710 4907 1864 4976 testiseet,

162 4996 194 5053 in
204 4998 328 5071 judiciis
351 4997 541 5057 secularibus
563 4998 692 5071 impositi
708 4999 832 5073 equuleo
847 5005 986 5073 torquea-
1041 5017 1106 5073 que
1121 4998 1157 5055 ad
1171 5014 1217 5055 me
1230 4998 1347 5055 clamat.
1370 4998 1422 5055 1116
1446 5005 1475 5055 16
1494 5000 1604 5071 majore
1629 4996 1801 5054 auctoritate
1821 5012 1866 5053 ar·

165 5088 214 5142 tur
227 5092 379 5163 negantes,
394 5090 424 5144 et
438 5087 573 5161 quadam
587 5086 683 5161 tangit
697 5087 825 5160 judicem
840 5088 988 5147 miseratio
1042 5088 1116 5163 guit,
1132 5105 1220 5161 quam
1237 5088 1262 5145 si
1277 5088 1367 5145 freter
1381 5088 1495 5145 viveret.
1510 5087 1569 5145 Soli
1584 5087 1687 5145 eratis:
1704 5085 1773 5158 quis
1797 5100 1866 5142 eum

202 5300 257 5371 163)
278 5302 354 5358 Edit.
380 5298 457 5369 Vei,
483 5301 631 5359 6616666661
656 5304 753 5374 futoro
776 5303 912 5373 supplicia
940 5320 988 5361 no·
1091 5305 1135 5376 61)
1151 5302 1346 5359 1166166616
1362 5301 1522 5358 solatiam.
1539 5300 1608 5358 6611.
1624 5298 1838 5358 666166666166.

166 5372 256 5429 etone.
281 5372 378 5439 Rom..
397 5372 550 5431 6616666661
570 5381 672 5445 quanto
698 5374 790 5444 [orent
809 5375 927 5430 6661666
944 5378 990 5449 fn-
1091 5378 1136 5458 65)
1152 5376 1206 5430 Μ6.
1225 5373 1327 5440 1666,
1342 5388 1392 5427 nec
1404 5374 1532 5445 dejurare
1545 5374 1665 5446 cuipam.
1691 5371 1796 5429 Melius
1819 5369 1869 5427 alii

168 5445 230 5499 turo
246 5445 391 5517 sappinea.
408 5446 478 5502 ides.
495 5450 632 5519 quatuor,
648 5442 800 5500 ostenderet
823 5455 926 5516 quanta
949 5464 990 5503 es·
1046 5448 1169 5514 616611,
1185 5446 1319 5501 derivare.
1335 5444 1386 5497 1161
1401 5450 1499 5501 autem
1514 5443 1631 5519 culpam
1647 5444 1788 5513 derivare,
1803 5458 1869 5500 eam
1899 5470 1908 5486 ·

168 5522 225 5571 teat
250 5517 348 5587 [61666
381 5516 513 5590 supplicio
546 5516 671 5573 6661666.
711 5515 879 5587 Legendum
908 5518 991 5587 16616,
1048 5535 1110 5576 ase
1125 5519 1153 5573 in
1171 5515 1261 5571 alium
1277 5514 1445 5571 transferre.

168 5589 266 5655 666616
289 5590 389 5652 essent,
404 5593 459 5645 etc.
475 5588 533 5645 Nos
557 5602 624 5643 vero
648 5585 739 5641 Laud.
765 5586 873 5645 codicis
894 5586 993 5646 lectio·
1094 5590 1139 5661 66)
1155 5588 1227 5642 Tros
1242 5602 1313 5641 mss.
1330 5586 1388 5641 6611
1402 5590 1587 5660 teprouocare
1600 5587 1636 5645 cd
1649 5588 1769 5647 veniam.

169 5670 248 5729 nem,
262 5662 296 5716 nt
310 5658 445 5718 omnium
459 5658 613 5733 optimam,
625 5673 730 5716 sumus
745 5658 848 5715 secuti.
1095 5662 1140 5733 67)
1155 5658 1288 5727 1116666
1303 5659 1456 5730 agnovisset
1469 5661 1603 5734 effectam.
