4159 6184
263 311 324 400 ein
990 335 1022 396 s.
1048 330 1236 398 aasaostt
1348 281 1355 296 ’
1877 341 1922 403 ιιι

299 469 343 524 at.
358 463 451 544 Simul
466 461 556 540 etiam
571 463 644 522 illud
660 465 832 540 prophetare
846 466 1029 541 intelligitur,
1046 467 1084 523 di·
1102 451 1130 534 ΓΑ
1145 483 1202 522 non
1217 464 1286 524 licet
1300 464 1354 522 tibi
1368 464 1514 522 curiosius
1524 461 1698 538 investigare
1705 465 1922 545 quainteatape·

263 550 356 629 ceddo
368 537 407 615 εἰ(
421 551 541 632 Statuas
556 554 629 612 mibi
642 559 760 636 tempus
774 556 806 614 in
830 573 889 630 que
914 556 1088 616 memoriam
1142 558 1259 622 rantur,
1273 558 1302 612 et
1311 553 1458 612 curiosius
1468 553 1594 627 requiris
1601 551 1864 628 anidanprsoolam
1871 575 1925 634 rga

262 643 321 704 mai
331 640 432 715 tames,
443 665 458 696 u
470 639 583 720 quodin
595 645 733 718 passione
742 646 857 703 Domini
865 645 1089 704 resuscitandus
1142 647 1201 701 tur.
1215 644 1274 702 cur
1286 648 1320 701 tu
1329 643 1465 718 disputas
1474 643 1630 700 damnata
1639 642 1926 717 sitSapteatiailtastit

261 729 346 807 toret,
363 735 439 792 dicut
452 733 483 791 in
497 731 557 791 tine
566 732 654 791 letius
666 732 733 790 iibri
744 734 971 806 demonstratur,
982 751 1036 792 nea
1046 739 1089 791 ta·
1142 733 1230 790 hemo
1241 734 1318 790 visan
1325 735 1400 807 ejus,
1413 749 1466 790 uec
1476 731 1506 789 in
1517 731 1688 790 bominibus
1698 732 1927 810 inemtasstpsrle

264 841 331 882 men
346 821 497 898 deplorare
511 821 634 879 desinit:
648 815 680 878 ¹et
694 839 752 896 quo
767 823 862 900 magis
877 823 1015 898 intelligit
1029 824 1087 880 sibi
1142 827 1189 879 eta
1204 823 1358 896 sapientia.
1378 823 1440 882 Non
1455 822 1485 879 in
1501 823 1610 896 illapsa,
1627 834 1685 878 nen
1699 822 1730 883 in
1744 827 1926 894 daronaaain

263 910 505 992 ressmebouem
520 925 585 968 esse
599 912 789 985 propositam,
800 911 889 970 vitam
900 913 977 970 hane
987 913 1089 986 lugere
1140 912 1211 968 iesu
1220 912 1297 968 Nave
1309 912 1375 984 init,
1387 911 1484 968 nenia
1494 911 1561 985 lpse
1570 909 1930 984 bavidqniaittrlneartaet

264 995 419 1072 desiderat,
434 999 537 1057 videns
553 1015 585 1058 se
598 998 630 1057 in
653 1015 761 1058 manua
783 1002 925 1059 traditum
951 1002 1087 1059 adversa·
1141 999 1255 1057 occulta
1269 1001 1418 1074 sapientias
1432 1005 1490 1057 tus
1505 999 1702 1060 manifestasti
1715 1000 1784 1057 mibi
1804 1001 1888 1074 (Part.
1908 1021 1927 1072 a,

263 1085 385 1156 riarum,
401 1087 564 1168 proiectum
575 1105 606 1146 se
620 1087 651 1146 in
667 1093 838 1162 potestaten·
857 1090 1026 1164 impiorum,
1039 1091 1086 1147 cui
1140 1090 1188 1162 8);
1206 1113 1220 1140 a
1236 1089 1306 1163 quia
1317 1090 1380 1164 ipse
1394 1090 1467 1147 dixit
1480 1090 1511 1147 in
1526 1086 1756 1164 posterioribus:
1771 1112 1785 1141 ι
1804 1089 1879 1148 taint
1892 1094 1931 1164 jc·

263 1179 352 1237 etiam
368 1177 454 1236 amici
469 1175 499 1235 in
511 1177 647 1236 inimicos
659 1179 790 1237 conversi
801 1185 881 1247 sunt,
892 1181 943 1252 qui
954 1197 1021 1236 eum
1040 1180 1088 1236 de·
1142 1182 1274 1236 mentum
1290 1172 1384 1236 iaetus
1399 1196 1466 1236 sum
1481 1179 1559 1254 apud
1574 1177 1930 1252 tatdsat.r.m11,tit.18u·

263 1264 381 1340 iruerint
395 1265 550 1342 consolari,
566 1265 683 1326 ruinam
698 1285 787 1343 super
802 1270 919 1326 ruinam
941 1269 1086 1338 inleraut3
1140 1284 1194 1340 pra
1206 1267 1382 1336 taastscire,
1393 1286 1410 1325 o
1420 1257 1932 1340 bomo,altitudlnemSapientis,eatis

264 1373 377 1430 memor
389 1363 489 1414 tamen
508 1357 693 1415 eonscientiae
717 1373 776 1414 sue
800 1376 890 1432 pura,
915 1361 943 1414 et
970 1359 1087 1414 mundae
1141 1356 1252 1413 esttibi
1269 1361 1302 1412 ut
1315 1357 1451 1414 eredas«
1467 1357 1498 1413 Si
1512 1357 1591 1414 enim
1604 1371 1661 1414 non
1676 1353 1931 1430 credideriaisquit,

263 1439 403 1522 orationis
418 1445 478 1518 ait;
495 1467 510 1498 ι
524 1445 613 1503 terra
629 1461 686 1503 non
711 1446 860 1521 cooperias
884 1448 914 1503 in
943 1448 1087 1521 sanguine
1142 1462 1194 1502 nee
1207 1445 1376 1518 intelligetis
1385 1446 1718 1520 (ironraliioltbysaum
1726 1445 1931 1519 seirenospetas,

264 1537 359 1594 caruis
371 1551 429 1605 mm
441 1535 497 1609 (sl)
510 1535 568 1608 (leb
583 1553 640 1592 ιιι.
655 1535 699 1609 te)
714 1553 721 1591 ι
740 1559 750 1586 ι
769 1540 802 1592 ut
816 1536 908 1592 oratio
924 1537 988 1609 ejus
1012 1538 1088 1596 sicut
1141 1534 1847 1608 abyssumnenpoteseemprebeudere,quemade
1856 1533 1933 1590 dtu·

262 1615 416 1696 incensum
434 1623 578 1698 dirigatur
593 1624 629 1681 ad
642 1624 813 1692 Dominum,
830 1642 888 1683 nou
903 1625 934 1681 in
949 1629 1027 1683 terra
1043 1629 1086 1685 di·
1141 1624 1237 1680 dinem
1247 1621 1932 1699 Sapientiacomprehendestribpesusdirit:«bon

262 1717 403 1772 versetur.
420 1713 519 1770 Sancti
535 1713 614 1770 enim
629 1713 721 1770 oratio
737 1714 830 1770 nubes
853 1717 995 1788 penetrat,
1020 1734 1086 1790 pec·
1140 1713 1222 1770 estin
1234 1722 1294 1770 me:
1306 1718 1334 1771 et
1345 1718 1376 1771 tu
1387 1719 1469 1789 potes
1479 1713 1730 1787 dicerequiainte
1744 1709 1934 1785 estSapientiai

262 1793 368 1861 catoris
382 1800 554 1874 orationem,
570 1801 646 1859 sicut
661 1821 677 1858 a
693 1803 751 1860 Deo
761 1801 832 1859 Cain
842 1802 953 1860 dietum
965 1809 1009 1862 ast
1024 1823 1088 1878 par·
1175 1804 1220 1858 30.
1237 1804 1369 1877 abyssus
1381 1819 1449 1877 erga
1465 1803 1536 1860 dixit
1550 1820 1557 1858 ι
1572 1827 1586 1853 «
1602 1803 1665 1858 lien
1686 1806 1732 1859 ast
1756 1801 1785 1857 in
1807 1816 1858 1868 me,
1881 1801 1934 1872 qvia

262 1881 370 1962 sicidae,
386 1891 520 1966 aperiens
534 1907 567 1949 oe
580 1907 669 1948 suum
685 1893 800 1948 terrain
821 1893 964 1966 sanguine
988 1897 1086 1954 carnis
1141 1892 1204 1965 ipse
1231 1891 1375 1950 Dominus
1401 1892 1496 1949 dinit:
1521 1893 1583 1951 Non
1613 1891 1800 1965 derelinquas
1831 1888 1935 1947 animan

261 1980 426 2040 msoundtt.
442 2003 456 2032 ιι
469 1979 649 2050 blaledittus,
673 1980 781 2062 inquit,
807 1986 924 2051 eterra,
942 1999 1005 2056 qun
1016 2003 1085 2059 ape.
1140 1997 1236 2036 meam
1252 1982 1280 2036 in
1295 1983 1407 2038 interno
1422 1982 1508 2055 (Psoi.
1524 1997 1571 2048 xv,
1588 1981 1641 2053 ¹⁰i·
1659 2001 1672 2031 u
1687 1981 1725 2037 nt
1743 1978 1886 2053 Apostolus
1902 1978 1935 2033 di·

261 2071 321 2129 ruit
335 2087 368 2130 ea
387 2087 474 2129 auum
488 2070 619 2144 accipere
629 2071 804 2144 sanguinem
815 2071 913 2128 fratris
924 2074 966 2129 tui
977 2073 1012 2131 dn
1023 2093 1086 2132 ma.
1141 2069 1183 2125 xit
1193 2086 1200 2123 :
1212 2093 1226 2121 ι
1238 2070 1309 2135 Quis
1318 2071 1469 2127 deseendit
1480 2071 1508 2126 ia
1520 2071 1659 2144 abyssum
1669 2067 1685 2124 t
1694 2068 1751 2126 bea
1761 2067 1936 2127 satellitium

262 2176 302 2218 nn
314 2165 365 2228 tuat
376 2178 383 2231 3
396 2159 1007 2236 quoniamcpersbaristerramtden,rv,ll).
1027 2187 1041 2215 >›
1141 2174 1176 2213 ex
1191 2159 1314 2216 mortuis
1329 2159 1472 2215 deducere
1486 2159 1563 2232 (bom
1577 2175 1606 2226 x,
1621 2160 1659 2228 t).
1676 2179 1691 2210 a
1706 2159 1783 2231 Ergo
1797 2157 1825 2214 si
1835 2157 1936 2214 interm·

403 2237 415 2247 ”
584 2292 700 2352 CAPUT
716 2294 751 2352 lx
1140 2252 1228 2320 gatar
1238 2248 1372 2321 abyssus:
1385 2246 1439 2305 Ubi
1450 2251 1496 2305 ast
1507 2246 1670 2321 Sapientia?
1688 2242 1938 2320 respondeantur

264 2381 505 2457 mmmmm
519 2383 551 2446 ἦ,
568 2384 616 2454 qu,-
629 2383 764 2439 ,mosim
778 2386 927 2455 sapt-em
940 2386 1025 2460 adyta
1043 2391 1086 2445 n..
1141 2341 1186 2394 est
1202 2338 1230 2392 in
1247 2353 1303 2406 me,
1321 2359 1335 2388 a
1351 2337 1420 2411 quia
1443 2337 1613 2394 insurrexit.
1638 2337 1839 2410 iuterrogatus
1859 2346 1937 2389 mare:

297 2453 500 2511 mariandeni:
516 2470 578 2509 eam
592 2469 679 2525 „eque
692 2456 722 2509 p,
737 2455 842 2527 otpsao,
857 2473 944 2529 nequ,
961 2460 993 2514 in
1013 2463 1088 2516 man·
1141 2425 1195 2482 Ubi
1211 2430 1256 2482 est
1269 2426 1445 2499 Sapientia?
1459 2426 1553 2483 Dicit:
1570 2420 1940 2494 ‹tldecnmnoneetmqnia

298 2523 476 2600 emendam
490 2540 558 2588 esse,
583 2529 608 2579 ct
628 2541 683 2596 qua
705 2541 796 2594 causo,
825 2527 942 2603 denique
965 2531 1087 2588 e'nsdem
1140 2513 1938 2586 calcavitme,naelluctusmeienmtnrberepotuerent

296 2597 482 2668 medonem
494 2596 546 2652 auti
558 2598 620 2663 Deo,
632 2613 647 2652 e
661 2598 759 2668 quitus
773 2614 836 2654 eom
850 2600 898 2656 itte
913 2548 1084 2673 revelaverit,
1141 2605 1176 2660 nt
1190 2608 1220 2659 tu
1236 2622 1304 2678 ergo
1320 2604 1348 2659 in
1364 2606 1419 2660 boo
1434 2603 1532 2661 emonii
1548 2604 1635 2661 istius
1652 2603 1771 2676 positus
1794 2602 1873 2667 irata,
1894 2596 1940 2654 noli

297 2671 401 2752 iim·
1141 2693 1298 2767 perlectam
1314 2693 1394 2751 illam
1424 2693 1473 2750 Dei
1501 2691 1682 2767 Sapientiam
1711 2693 1743 2749 in
1773 2692 1826 2748 bec
1852 2687 1943 2745 mundo

288 2775 340 2840 28.
357 2779 507 2838 stabiliter
522 2781 621 2854 itaque
635 2779 763 2838 Sanetus
777 2781 909 2854 deplorat
920 2785 984 2842 vita
999 2785 1086 2846 istius
1141 2799 1283 2856 querere:
1300 2781 1370 2856 quia
1380 2782 1581 2839 mnndnaeanr
1592 2798 1651 2838 nen
1662 2781 1812 2856 cognovit.
1823 2776 1942 2836 setam

258 2875 410 2960 tempora:
428 2891 442 2922 a
459 2869 556 2938 Pereo,
577 2869 683 2942 inquit,
698 2874 726 2926 et
739 2869 844 2944 spiritu
862 2873 937 2930 m
960 2875 1085 2934 eircum-
1140 2889 1205 2929 eum
1221 2871 1350 2928 invenire
1365 2871 1444 2928 calca
1461 2871 1567 2927 lluctus
1581 2872 1646 2944 ejas
1665 2870 1784 2938 mraodi,
1806 2869 1878 2925 siout
1896 2863 1943 2921 asi

260 2960 337 3027 feror
346 2964 408 3017 :aro
418 2961 517 3015 autem
529 2957 721 3030 sepulturum,
734 2961 760 3016 et
772 2976 830 3016 uon
842 2959 975 3033 impetro,
984 2981 1086 3037 precor
1140 2961 1215 3017 cavit
1226 2960 1337 3028 Petrus,
1347 2960 1502 3018 elambuit
1515 2975 1604 3034 saper
1613 2975 1709 3033 aquas
1720 2957 1812 3032 hujus
1821 2954 1944 3020 semita*

259 3049 407 3107 laborans.
423 3045 459 3104 tit
473 3047 542 3120 quid
559 3046 687 3104 faciam?
704 3048 768 3104 Dies
784 3048 839 3105 mei
856 3051 1037 3111 transierunt
1054 3053 1084 3112 in
1140 3049 1267 3124 porriget
1283 3050 1336 3105 tibi
1352 3050 1501 3106 dexteram
1516 3048 1677 3123 Sapientia,
1691 3048 1773 3105 siout
1785 3044 1903 3120 porrexit
1922 3045 1946 3098 ti

259 3137 378 3214 herrore
393 3137 468 3210 (92):
485 3135 596 3209 dirupti
612 3141 682 3192 sunt
697 3137 813 3192 articuli
830 3139 927 3196 cordis
941 3142 998 3198 mei
1026 3145 1085 3213 (tet
1139 3138 1242 3208 Petro,
1256 3138 1327 3212 quia
1339 3155 1426 3195 nemo
1443 3139 1499 3194 tuit
1513 3153 1602 3211 quem
1618 3153 1677 3195 non
1692 3136 1795 3195 ssaeuii
1810 3135 1943 3206 bajassa·

259 3245 328 3297 ιινιι,
345 3226 371 3296 l,
386 3227 415 3296 2,
430 3225 486 3299 tt).
504 3247 518 3276 n
531 3225 588 3282 Nec
598 3227 697 3281 tamen
707 3228 962 3302 usquamtlerogat
969 3231 1081 3304 judicio
1097 3214 1118 3282 C
1137 3227 1357 3285 deturbaverit.
1374 3227 1513 3284 Turbnvit
1527 3227 1686 3296 Abrabam,
1704 3225 1835 3284 turbavit
1847 3228 1872 3280 et
1882 3221 1947 3293 Moy·

259 3317 330 3398 Deij
346 3315 402 3398 ecit
416 3311 494 3388 apim
510 3313 686 3388 prolundnm
702 3329 766 3371 ease
778 3315 962 3375 altitudinem
973 3320 1087 3393 sapien·
1140 3333 1203 3385 seu,
1220 3317 1348 3374 turbavit
1361 3319 1390 3373 et
1400 3317 1527 3373 Petrum.
1539 3315 1653 3393 liuyses
1663 3329 1812 3390 parmate
1820 3308 1944 3372 transisit

260 3393 307 3463 tite
319 3401 348 3464 et
363 3404 491 3463 scientim
513 3397 571 3473 titt,
597 3407 625 3460 ot
647 3403 853 3461 inscrutabilia
871 3406 985 3479 J'udicia
1009 3412 1084 3482 ejus,
1138 3410 1167 3462 et
1182 3423 1234 3479 per
1247 3422 1327 3462 mare
1338 3406 1466 3480 peditem
1481 3405 1565 3461 duait
1579 3403 1764 3462 exercitum:
1784 3403 1835 3460 sed
1849 3404 1908 3456 ante
1926 3399 1948 3451 st

254 3501 347 3578 atque
361 3492 656 3568 investigabilesvias
672 3495 746 3565 ejus.
1138 3493 1202 3567 ipse
1217 3495 1352 3551 turbatus
1366 3497 1421 3550 est.
1436 3492 1539 3550 Patrue
1552 3504 1642 3567 super
1654 3507 1755 3566 aquas
1763 3488 1881 3548 calcavit
1891 3503 1897 3543 :
1906 3482 1946 3541 sed

292 3587 338 3642 29.
356 3605 370 3637 ιι
382 3573 448 3648 ,Νοιι
464 3581 658 3653 calcaverunt,
674 3582 782 3655 inquit,
797 3601 846 3641 aas
867 3583 918 3641 atii
941 3603 972 3643 se
996 3588 1084 3663 glori·
1139 3600 1254 3642 mersus
1269 3584 1365 3640 luerat
1379 3598 1509 3656 corpore,
1523 3581 1592 3655 quia
1604 3582 1785 3639 infimioris
1799 3578 1864 3637 fidei
1876 3572 1949 3632 resti·

258 3671 482 3744 fluentissimas
497 3668 632 3729 transivit
648 3688 698 3746 per
713 3687 761 3728 aas
776 3671 820 3729 leo
835 3673 893 3748 (leb
908 3679 1054 3752 xxvtn,8).
1069 3701 1081 3730 ι
1137 3673 1186 3746 gio
1200 3673 1381 3730 claudicavit.
1399 3675 1474 3746 Ergo
1487 3673 1545 3729 noli
1561 3672 1751 3745 Sapientiam
1767 3673 1798 3727 in
1808 3666 1878 3727 mari
1888 3679 1949 3737 que

258 3763 330 3844 Quis
345 3761 422 3844 enim
439 3759 535 3836 potuit
557 3759 620 3816 vias
648 3761 713 3832 ejus
737 3763 993 3835 comprehendere,
1018 3783 1083 3839 qua
1138 3779 1220 3820 rere:
1237 3764 1311 3820 08⁷
1333 3764 1402 3835 quia
1417 3779 1475 3818 nou
1490 3761 1565 3817 dixit
1576 3777 1644 3817 enm
1672 3761 1752 3818 mari
1777 3775 1810 3816 ae
1837 3757 1949 3814 luterum

258 3848 357 3920 abdite
371 3844 487 3909 occulta
501 3849 686 3924 penetravit?
702 3872 715 3900 a
734 3847 825 3919 Unde,
841 3850 950 3925 inquit,
965 3851 1083 3914 inventa
1139 3854 1280 3908 Dominus
1294 3852 1391 3919 iesus,
1407 3851 1458 3907 aad
1474 3867 1542 3907 cum
1557 3849 1704 3924 apostolis
1720 3849 1805 3918 suia;
1821 3843 1950 3914 utilique

256 3947 302 4001 est
312 3941 467 4016 sapientia,
479 3937 699 4011 autquislocus
709 3938 872 4012 discipline
883 3943 895 3998 i
905 3941 1084 4003 Nescitmor·
1137 3956 1171 3996 ex
1187 3947 1269 4014 parte
1283 3957 1351 3998 eum
1365 3945 1583 4014 cognoscerent,
1599 3939 1715 4014 quibus
1730 3939 1793 3996 ait:
1809 3960 1824 3990 ι
1836 3935 1950 4003 aecem

256 4028 324 4088 tuiis
340 4029 428 4089 bomo
442 4027 519 4083 viam
533 4029 607 4099 ejus,
624 4043 677 4084 nec
688 4027 805 4085 iuventa
815 4033 860 4086 est
872 4031 902 4086 in
912 4029 1083 4091 homiuibus
1136 4029 1288 4086 vobiscum
1303 4047 1370 4087 eum
1385 4047 1479 4102 usque
1494 4029 1531 4086 ad
1546 4028 1839 4086 consummationem
1865 4015 1949 4079 masii

255 4121 391 4202 abyssus
419 4115 512 4184 diris:
539 4115 602 4173 Non
627 4116 716 4174 estin
740 4133 804 4173 me:
822 4123 852 4174 et
881 4135 960 4177 mare
987 4122 1080 4180 dixit:
1136 4119 1431 4191 (lluttt.xxv111,?tl).
1449 4119 1635 4175 »Sestinum
1651 4109 1949 4191 quibuseet,utim1n

256 4209 318 4267 Non
334 4212 379 4267 eet
396 4221 511 4267 mecum
526 4207 606 4276 (itte.
625 4207 658 4262 12
671 4206 725 4279 tt).
745 4230 755 4256 ·
771 4207 834 4263 Ner
851 4209 901 4264 libi
915 4207 982 4267 lieet
996 4212 1080 4284 seire,
1135 4212 1163 4262 et
1178 4207 1332 4264 nobiseum
1348 4208 1397 4265 sit.
1413 4208 1469 4263 Sed
1498 4207 1651 4265 nobiseum
1678 4223 1767 4264 mare
1791 4201 1949 4270 nsaiano

256 4295 463 4370 stemmatio
484 4293 644 4370 sapientire,
671 4295 734 4352 ideo
764 4295 816 4352 tibi
845 4299 987 4372 scriptum
1015 4306 1079 4359 est:
1135 4312 1203 4351 cum
1218 4289 1950 4370 Christo,quinetipsecaleanit‘narareliobiatiir

257 4409 270 4437 ι
285 4385 348 4443 Noli
364 4383 456 4442 altum
472 4399 584 4459 sapere,
601 4385 650 4442 sed
666 4385 737 4441 time
752 4385 838 4457 (Rom.
854 4405 895 4456 xi,
911 4391 966 4462 20).
981 4411 991 4439 ι
1005 4390 1080 4455 Quid
1134 4402 1201 4441 rum
1217 4385 1295 4441 cordi
1311 4387 1400 4459 atque
1423 4389 1577 4458 argentum
1600 4389 1669 4441 est:
1697 4382 1846 4458 sapientia
1867 4380 1950 4435 antea

255 4474 372 4532 curiosa
385 4475 468 4548 cupis
484 4473 658 4548 investigare
673 4475 751 4546 quoti
768 4475 820 4531 tibi
833 4491 888 4532 uon
901 4477 1015 4550 expedit
1026 4479 1082 4536 eei·
1134 4491 1224 4547 supra
1238 4491 1356 4542 summ,
1368 4490 1425 4530 nou
1437 4474 1467 4529 in
1482 4491 1554 4530 auro
1569 4479 1623 4531 est.
1636 4475 1710 4531 ideo
1721 4474 1775 4548 qui
1786 4465 1949 4545 Sapientiam

133 4560 137 4569 '
256 4580 296 4640 re,
309 4580 362 4620 nee
378 4578 552 4642 cognoscere
568 4562 679 4620 daturi
705 4563 813 4621 Paulus
842 4566 954 4623 audivit
981 4561 1409 4658 aliqnaDhaberecupiebat:
1432 4563 1603 4636 Argentum,
1629 4563 1686 4631 ait,
1714 4567 1747 4619 et
1777 4575 1881 4619 aurum
1904 4565 1951 4609 avi

254 4655 365 4726 secreta
380 4651 541 4730 sapientie,
557 4667 620 4725 qum
636 4649 800 4724 prohibitus
816 4656 860 4709 est
875 4653 941 4712 aliis
960 4655 1077 4714 intima·
1134 4650 1245 4722 hebeo;
1262 4652 1312 4709 sed
1329 4651 1406 4724 quod
1422 4651 1527 4720 babeo,
1543 4653 1580 4709 do
1593 4652 1667 4707 tibi:
1685 4653 1719 4708 in
1750 4649 1870 4707 nomina
1891 4643 1950 4698 issa

254 4759 303 4814 re;
320 4745 349 4799 at
363 4731 427 4801 ideo
442 4745 544 4816 raptus
560 4743 604 4796 est
619 4741 649 4796 in
664 4739 840 4814 paridisum,
859 4749 960 4818 raptus
984 4762 1078 4820 usque
1132 4741 1240 4798 Christi
1256 4741 1397 4797 Nazareni
1425 4757 1513 4814 surge
1539 4744 1569 4798 at
1596 4740 1724 4797 ambula
1750 4742 1821 4810 (Aet.
1838 4755 1880 4803 ιιι,
1892 4731 1950 4802 tii»

254 4831 290 4890 sd
306 4832 424 4904 tertium
440 4825 557 4902 coelum,
574 4834 606 4886 ut
622 4827 736 4886 audiret
759 4847 793 4888 aa
817 4849 880 4905 qum
904 4833 1018 4906 positus
1046 4835 1077 4891 in
1132 4832 1206 4898 Quia
1220 4847 1325 4887 aurum
1342 4847 1398 4887 non
1414 4829 1551 4902 habebat,
1565 4830 1594 4886 in
1609 4831 1738 4887 nomine
1753 4825 1860 4885 Christi
1875 4820 1951 4878 habe·

252 4919 450 4979 terrisaudire
465 4937 522 4978 nau
538 4923 653 4994 poterat
667 4917 704 4992 (ll
717 4919 778 4976 Cor.
794 4938 844 4986 xit,
861 4923 888 4978 3.
908 4924 934 4996 t)
958 4923 986 4980 Si
1013 4941 1077 4998 ques
1131 4920 1182 4976 bat
1195 4918 1248 4993 piae
1263 4919 1441 4992 operationis
1457 4919 1593 4992 gratiam.
1609 4919 1682 4976 ideo
1708 4925 1740 4977 et
1765 4917 1822 4975 tibi
1842 4912 1949 4972 dieitur:

251 5010 364 5070 audivit
379 5011 477 5081 hemo,
494 5027 550 5068 non
566 5008 650 5066 licuit
664 5008 689 5066 ei
704 5009 795 5082 loqui,
826 5011 1075 5083 quemadmodum
1132 5032 1146 5062 ι
1157 5009 1191 5065 lit
1204 5008 1288 5065 trabe
1303 5006 1482 5081 Sapientiam
1497 5007 1526 5062 in
1542 5007 1685 5064 interiora
1702 5009 1766 5080 (dut
1780 5001 1947 5068 xantipae

251 5101 330 5174 quad
345 5117 406 5162 non
421 5099 542 5174 audivit,
558 5099 704 5172 inquirit?
719 5099 908 5172 Imperatoris
931 5102 1020 5176 hujus
1046 5102 1075 5159 in
1130 5104 1158 5156 et
1174 5100 1268 5155 inira:
1285 5121 1299 5149 ιι
1317 5097 1426 5164 Latuit,
1443 5095 1549 5170 iuquit,
1567 5113 1692 5154 ornnem
1709 5097 1874 5162 bominem,
1893 5091 1919 5146 ti
1936 5098 1951 5139 ⁸

250 5189 405 5250 terriones
418 5189 485 5250 licet
494 5187 547 5248 tibi
559 5189 634 5246 scire
644 5187 777 5262 consilia,
789 5191 818 5245 et
827 5187 870 5245 vie
881 5191 955 5246 scire
966 5190 1073 5250 divina:
1129 5188 1297 5246 volatilibus
1312 5186 1377 5246 coeli
1386 5186 1559 5244 abscondita
1568 5190 1613 5247 est
1622 5186 1792 5260 (ibid.2t).r
1805 5183 1862 5242 lieo
1871 5171 1950 5236 hami·

285 5383 342 5458 (91)
357 5377 420 5444 vet.
434 5386 503 5447 edit.
520 5401 586 5444 cum
604 5402 676 5444 mse.
693 5385 815 5458 aliquot,
832 5387 1074 5460 insenpuineoor-
1164 5386 1221 5458 (92)
1236 5384 1301 5441 Edit
1315 5386 1373 5441 ant.
1391 5384 1524 5440 etcuneti
1540 5397 1622 5453 msa,
1639 5377 1949 5456 transmutatae

248 5450 802 5528 nesmeoe‚liom.cumaliis‚insonputna
811 5459 903 5516 cerna
912 5461 1075 5530 memineris
1127 5475 1178 5528 re;
1193 5460 1313 5530 excepto
1327 5454 1389 5512 solo
1404 5454 1519 5512 Golb.in
1534 5455 1610 5528 quel
1653 5453 1949 5530 'interminabili‘

248 5529 315 5586 Vei.
345 5526 409 5584 aod.
433 5519 502 5586 LXX
521 5528 721 5604 interpretem,
750 5528 801 5588 ubi
824 5529 916 5590 habas
942 5541 977 5606 ἐφ’
990 5539 1075 5607 αἵματι
1127 5530 1235 5587 tonori.
1264 5528 1319 5584 Sed
1347 5525 1454 5583 melius
1488 5525 1571 5584 Rom.
1604 5533 1680 5600 ert,
1722 5524 1898 5586 trondemni
1922 5529 1948 5572 ιι

247 5611 292 5665 iili
307 5597 396 5666 ”iiii
410 5611 457 5664 pen
1127 5601 1241 5661 terrore
1253 5599 1327 5660 Nam
1341 5601 1447 5672 preter
1460 5611 1549 5672 quam
1564 5598 1643 5728 ‘ium
1661 5597 1753 5656 nullo
1770 5596 1881 5674 negotio
1905 5601 1948 5662 ge·

1127 5675 1241 5735 minum
1256 5669 1380 5747 rpotuit
1395 5670 1555 5734 coalescere
1589 5687 1652 5730 ure
1681 5671 1758 5732 LXX
1790 5663 1950 5744 lomprei*
