4159 6184
273 290 333 360 ⁴55
958 302 961 309 ⁴
1001 296 1032 355 s
1056 294 1243 357 neruoso
1894 279 1940 362 15,

275 429 486 503 correptionem
503 430 633 485 nostram
649 426 759 499 scripta
773 442 874 484 cavere
889 425 1034 483 nolimus:
1048 426 1098 482 sed
1112 425 1140 493 Α
1154 425 1344 483 validioribus
1355 426 1411 498 (38)
1424 424 1521 482 idonei
1535 423 1722 493 viderentur;
1738 427 1770 480 ut
1783 425 1874 485 lldelas
1892 446 1944 503 pen

274 517 369 593 magis
385 518 414 574 id
441 534 575 591 agamus,
609 520 642 573 ut
674 532 741 571 cum
776 513 870 573 simus
902 513 1000 571 libere
1032 514 1097 584 filli,
1153 517 1302 585 barontus,
1314 530 1441 589 quorum
1455 512 1614 572 multitudo
1624 514 1778 571 innumera
1790 520 1946 576 crucemtol·

276 624 339 680 quoe
354 607 491 674 estSara,
503 622 540 662 ne
554 605 627 678 legia
641 604 755 676 laqueis
769 603 933 661 serviamus
947 604 1013 677 (34),
1030 620 1098 660 cum
1153 603 1241 673 leret;
1259 619 1403 679 suamque
1418 620 1470 678 pro
1484 602 1601 662 Christo
1616 603 1745 661 animam
1759 604 1905 675 devoveret,
1922 613 1946 666 et

273 695 421 753 Abraham
436 694 559 752 liberam
575 693 710 760 tenuerit,
727 691 865 749 ancillam
880 693 1006 764 ejecerit.
1152 691 1296 750 increduli
1311 709 1370 749 non
1385 696 1506 765 possent
1515 691 1661 760 resistere,
1672 690 1723 765 qui
1745 691 1774 747 in
1790 692 1874 749 totius
1894 710 1946 751 cor·

198 830 201 835 .
306 786 352 841 29.
368 784 506 851 Quoloco
526 783 604 855 (Gen.
633 798 703 848 xvir,
733 782 779 857 10)
808 781 964 855 plerosquo
983 780 1096 837 moveri
1152 782 1231 855 poris
1256 781 1458 838 immolatione
1481 780 1573 853 queri
1596 780 1722 837 salutem
1746 784 1883 853 putarent:
1904 782 1947 855 qui

272 875 352 933 acio:
369 874 394 931 si
410 872 580 929 onimbooa
596 877 639 927 est
656 869 851 937 circumcisio,
880 870 1025 943 hodieque
1053 872 1096 925 tc-
1150 869 1288 943 exiguum
1303 870 1536 928 circumcisionis
1549 887 1609 927 sure
1624 868 1947 943 sanguinomaalutarem

272 963 333 1020 neri
349 959 450 1019 debuit
461 976 467 1015 :
478 959 504 1015 si
518 959 644 1028 inutilis,
657 958 790 1015 mandari
806 976 863 1015 non
879 957 1095 1028 debuit,diuino
1150 959 1370 1017 arbitrarentur.

271 1048 432 1124 presertim
459 1046 589 1103 oraculo.
620 1048 676 1105 Sed
713 1064 780 1103 cum
810 1046 962 1121 apostolus
990 1047 1096 1103 dixerit
1184 1048 1229 1105 31.
1260 1048 1512 1107 Considerandum
1541 1051 1639 1103 eutem
1667 1047 1746 1119 quod
1766 1046 1796 1102 in
1822 1048 1945 1120 preputio

271 1138 397 1195 Paulus:
428 1139 499 1206 Quin
525 1136 664 1193 Atratum
686 1138 798 1207 signum
827 1138 929 1209 occepit
955 1137 1096 1192 circumci-
1149 1136 1277 1210 positum
1291 1136 1403 1195 vocavit
1416 1137 1494 1195 Deus
1509 1136 1540 1191 in
1554 1135 1695 1210 preputio
1718 1134 1812 1192 adbuc
1830 1138 1945 1192 manenti

268 1231 355 1285 cronia
368 1227 455 1293 (Rom.
472 1243 510 1294 1v,
527 1226 591 1295 ll):
609 1224 710 1298 utique
724 1224 840 1298 signum
858 1241 916 1281 non
941 1223 1006 1297 ipsa
1032 1241 1089 1292 res,
1148 1226 1270 1300 legitimi
1282 1226 1335 1285 elii
1346 1226 1491 1301 promissa
1503 1224 1710 1283 esthsredilaa
1721 1242 1729 1293 ;
1741 1223 1949 1282 utoouJudao·

271 1316 321 1375 sed
337 1312 772 1379 alteriusreieat,hooestnon
792 1312 909 1379 veritas,
936 1313 986 1369 scd
1016 1312 1092 1368 indi·
1149 1332 1215 1371 rum
1230 1316 1434 1373 tantummodo
1449 1320 1572 1388 patrem,
1593 1318 1626 1371 ut
1651 1311 1710 1386 ipsi
1738 1316 1878 1380 asserunt,
1904 1310 1949 1371 sed

272 1404 351 1462 oium
366 1402 508 1460 veritatis.
525 1402 655 1474 lienique
668 1402 731 1473 ipse
742 1400 876 1473 exposuit
899 1405 928 1459 et
951 1401 1095 1473 expressit
1148 1403 1280 1461 omnium
1296 1402 1478 1461 credentium
1493 1406 1643 1459 auctorem
1668 1418 1720 1475 per
1748 1401 1833 1458 lidem
1854 1402 1948 1458 credas

272 1496 389 1551 diosna:
405 1492 520 1565 Signum
540 1492 641 1562 occepit
670 1492 895 1557 circumcisionis,
920 1490 1094 1561 signaculum
1148 1494 1221 1551 Sora
1242 1508 1359 1566 quoque
1379 1496 1446 1548 unte
1469 1490 1726 1548 circumcisionem
1747 1489 1801 1547 viri
1824 1490 1853 1545 in
1875 1489 1951 1546 unius

268 1585 428 1659 jonittaeer
443 1580 508 1653 filici
531 1579 633 1651 (ibid).
663 1578 744 1635 Unde
772 1596 830 1634 non
860 1578 1019 1652 incongruo
1046 1580 1092 1633 in·
1148 1582 1252 1639 littere
1281 1581 1445 1655 adiectione
1479 1598 1538 1639 non
1567 1579 1709 1637 mediocri
1737 1578 1951 1636 remuneretiono

271 1670 432 1746 telligimus
460 1669 530 1745 quia
562 1667 746 1724 circumcisio
783 1666 942 1740 corporalis
974 1668 1092 1741 signum
1147 1670 1329 1728 benedicitur
1344 1671 1412 1742 (39),
1429 1674 1460 1726 ut
1475 1669 1672 1743 principatum
1686 1668 1804 1725 virtutis
1826 1670 1854 1724 et
1866 1666 1950 1741 gratia

272 1760 506 1818 circumcisionis
521 1762 566 1813 est
579 1755 730 1829 spiritalis.
748 1756 821 1829 Ergo
837 1756 954 1829 signum
983 1755 1092 1812 mansit
1147 1760 1284 1827 baberst;
1301 1759 1599 1831 dequanationeaot
1617 1772 1702 1831 reges
1725 1754 1854 1829 gentium
1874 1770 1951 1827 spon·

271 1852 362 1907 donec
377 1846 487 1903 veniret
500 1844 616 1900 veritas.
632 1843 757 1899 Advenit
770 1843 910 1901 Dominus
933 1844 1030 1912 lesus,
1043 1844 1093 1916 qui
1149 1850 1197 1906 det
1212 1848 1336 1917 luturos,
1354 1851 1387 1903 ut
1403 1848 1432 1903 in
1448 1847 1514 1921 ipsa
1528 1850 1614 1919 typus
1639 1861 1698 1902 non
1724 1842 1887 1917 synagoge,
1909 1839 1952 1899 aad

260 1937 330 1993 nit:
347 1938 416 2008 lirqo
431 1950 492 1991 euru
515 1936 570 2002 erio,
586 1935 685 1989 veritos
711 1936 736 1988 ei
764 1934 822 1989 vito
851 1934 938 2005 (ioue.
969 1950 1026 1999 xiv,
1053 1935 1092 2005 6).
1148 1936 1282 1995 Ecclesioe
1293 1936 1526 1993 constitueretur.
1539 1935 1621 2003 Quod
1631 1938 1731 1991 autem
1742 1931 1953 2007 promissocxea

271 2024 343 2092 Ouia
359 2041 416 2081 non
432 2026 543 2097 partem
560 2020 695 2095 exiguam
711 2020 841 2095 corporis
864 2021 894 2077 in
917 2022 1011 2095 signo,
1041 2022 1092 2078 sed
1149 2026 1219 2096 illio,
1237 2026 1303 2083 risit
1316 2024 1476 2094 Abraham,
1492 2041 1550 2081 non
1566 2022 1794 2090 incredulitatis,
1810 2021 1859 2078 sed
1873 2018 1952 2076 exsul·

272 2118 364 2171 totum
379 2110 564 2169 circumcidit
579 2110 728 2168 bominem
753 2112 784 2167 in
814 2109 944 2178 ueritate,
974 2110 1092 2184 signum
1148 2115 1268 2172 tationis
1283 2113 1425 2171 indicium
1440 2114 1503 2169 luit.
1521 2112 1650 2185 Denique
1664 2110 1791 2185 procidit
1804 2111 1834 2165 in
1852 2108 1950 2175 taciem,

270 2200 397 2261 detrusit
410 2202 476 2274 (35),
489 2198 640 2255 veritatem
656 2197 772 2254 induxit
784 2216 791 2267 ;
804 2198 874 2271 qula
887 2203 989 2270 postea
1002 2216 1092 2271 quam
1147 2204 1198 2279 qui
1214 2202 1354 2271 adoravit;
1372 2207 1400 2260 et
1415 2202 1548 2270 credidit,
1564 2207 1593 2259 et
1610 2200 1736 2272 ediscit:
1761 2199 1792 2257 Si
1812 2198 1880 2255 mibi
1899 2212 1951 2253 ceo·

271 2292 349 2349 venit
364 2291 441 2363 quod
454 2289 613 2361 perlectum
624 2292 679 2354 est,
693 2289 771 2360 quod
781 2304 815 2343 ox
829 2292 909 2359 parte
928 2292 1000 2354 erat,
1026 2304 1091 2345 eva·
1147 2303 1206 2352 tem
1217 2308 1354 2349 annornm
1367 2296 1494 2348 cnoeetcr
1507 2291 1594 2362 filius,
1612 2298 1642 2346 et
1665 2292 1693 2346 oi
1729 2289 1799 2345 Snro
1819 2287 1952 2357 compete

269 2385 390 2438 suatum
404 2383 465 2446 est;
482 2384 511 2433 et
532 2376 597 2432 idco
627 2375 753 2433 cessavit
776 2375 962 2433 circumcisio
988 2378 1090 2449 partis,
1146 2384 1396 2453 annornmpnriet.
1412 2380 1556 2437 Ecdinii:
1572 2380 1669 2437 lamnel
1683 2379 1730 2435 liic
1753 2380 1827 2435 nient
1846 2377 1875 2432 in
1898 2390 1951 2431 eoa·

271 2470 321 2527 ubi
338 2468 452 2525 refulsit
468 2464 653 2523 circumcisio
681 2464 890 2521 universitatis.
920 2464 984 2521 Jam
1013 2466 1091 2523 enim
1145 2468 1604 2546 rpeerntno(ssen.xvrr,17,18).
1634 2469 1699 2525 Non
1727 2471 1774 2524 est
1801 2463 1952 2522 incredulos

270 2576 328 2617 non
343 2560 481 2630 exparte,
498 2554 548 2610 sed
563 2556 642 2610 totus
659 2552 747 2611 borno
762 2552 935 2609 salvatorio
960 2570 1090 2627 corpore,
1147 2561 1176 2617 in
1192 2558 1357 2633 promissis,
1374 2574 1546 2615 necessarus
1564 2556 1595 2613 in
1624 2556 1712 2613 votis,
1742 2554 1802 2611 1100
1828 2556 1880 2620 est,
1904 2565 1952 2607 nnn

271 2643 562 2707 salvaturinauima.
585 2642 731 2715 Scriptum
756 2646 800 2697 est
828 2642 926 2699 enim:
950 2645 1008 2716 Qui
1034 2645 1093 2701 nult
1146 2650 1249 2706 dubito
1264 2648 1342 2720 quod
1357 2647 1460 2714 iacias,
1476 2651 1509 2702 ut
1528 2648 1559 2703 et
1584 2650 1706 2703 centurn
1735 2657 1876 2701 annornm
1901 2636 1954 2695 aeni

266 2741 326 2811 poet
340 2752 384 2793 me
398 2735 500 2804 uenire,
524 2732 636 2802 obrepet
663 2733 793 2803 seipsum,
826 2736 852 2787 ct
881 2732 957 2789 tollat
984 2749 1092 2789 crucem
1145 2738 1237 2795 dones
1251 2736 1358 2805 filium,
1375 2740 1530 2792 otnature
1544 2739 1646 2791 auctor
1669 2738 1784 2790 natura
1807 2734 1896 2787 metae
1917 2740 1954 2781 rt·

268 2843 358 2893 auem,
375 2834 400 2881 et
423 2824 554 2896 sequntur
579 2836 623 2876 me
647 2820 754 2892 (llotilr.
783 2837 839 2889 xvr,
869 2822 926 2892 24).
956 2822 1021 2878 llec
1047 2826 1093 2880 est
1145 2826 1234 2883 laxes.
1251 2825 1420 2883 Beatuscul
1435 2826 1494 2880 ista
1509 2824 1678 2893 donantur;
1696 2822 1749 2879 sed
1764 2825 1860 2878 emen
1878 2816 1954 2875 edam

269 2908 675 2988 perlectiociroumoisionis3
692 2906 761 2979 quia
776 2924 827 2981 per
850 2909 981 2981 corporis
1010 2910 1090 2967 obla·
1146 2915 1193 2972 hic
1208 2914 1313 2972 ismael
1329 2930 1418 2987 quem
1433 2912 1526 2969 babeo
1540 2914 1575 2969 de
1589 2910 1760 2979 vernacula,
1787 2908 1812 2965 si
1835 2908 1907 2963 ucat
1928 2904 1953 2959 in

268 3004 376 3059 tionem
387 3000 443 3073 (36)
458 2997 613 3053 redimitur
627 2996 736 3065 anima,
751 2996 787 3052 dc
802 3012 858 3069 qua
875 2996 938 3069 ipae
948 2997 1091 3057 Dominus
1144 3006 1302 3076 conspeetu
1318 3006 1378 3069 tuo,
1396 3000 1525 3057 abundat
1538 2999 1611 3055 mihi
1626 3000 1734 3072 gratia.
1762 2996 1887 3069 lienique
1907 2992 1953 3049 llo·

266 3092 327 3149 ait:
345 3091 398 3159 Qui
410 3088 558 3161 perdiderit
574 3089 696 3141 anienem
725 3102 804 3141 auom
824 3091 936 3158 propter
962 3104 1015 3156 rue,
1046 3090 1090 3144 in·
1145 3092 1245 3149 minus
1259 3095 1289 3147 et
1301 3089 1433 3163 probavit
1446 3089 1512 3160 ejus
1525 3088 1673 3156 allectum,
1684 3092 1716 3145 et
1727 3086 1893 3161 petitionem
1906 3096 1952 3136 nou

265 3181 355 3237 veniel
369 3194 428 3235 eam
448 3178 523 3249 (Luc-
539 3192 578 3241 112
593 3174 650 3245 24).
1102 3162 1124 3228 C
1143 3179 1255 3248 obnuit,
1271 3183 1300 3235 et
1314 3195 1368 3236 sua
1383 3176 1529 3250 promissa
1540 3174 1677 3233 firmavit.

301 3268 346 3325 30.
364 3268 503 3339 Superest
516 3262 568 3319 illa
582 3278 660 3319 nunc
675 3262 844 3335 questionis
860 3264 962 3335 portio,
988 3269 1088 3321 utrum
1467 3282 1583 3339 cppgrp
1602 3281 1637 3337 v,

266 3356 400 3415 debuerit
415 3371 483 3427 pars
498 3351 646 3426 promitti,
662 3368 729 3407 cum
745 3356 824 3409 esset
846 3357 968 3409 ventura
993 3355 1087 3427 perle·
1144 3380 1179 3434 00
1203 3374 1389 3448 mmmmm
1401 3371 1541 3429 Abraham
1567 3371 1708 3442 pompm
1721 3369 1889 3443 mmm,
1914 3362 1954 3420 mr.

266 3446 331 3505 otio.
349 3439 672 3509 Quilocuslaoilisesl
697 3440 733 3496 ad
762 3439 935 3497 diluendum
964 3442 1031 3515 (37),
1063 3443 1088 3499 si
1176 3448 1400 3518 nenrnm‚er’sqne
1423 3445 1531 3501 nomem
1551 3444 1738 3515 properemus.
1762 3436 1956 3498 Commendare

265 3534 486 3593 consideremus
500 3531 608 3604 quibus
617 3546 685 3603 pars
701 3530 838 3586 mandate
848 3530 896 3596 ait,
907 3531 1016 3603 quibus
1026 3548 1087 3588 ser·
1177 3518 1271 3576 eadem
1285 3520 1383 3581 ”mmo
1402 3520 1428 3571 el
1441 3532 1511 3571 ΝΜ
1524 3513 1708 3587 lwfflmdssm
1718 3514 1858 3570 mittam
1879 3507 1954 3565 nitri·

265 3630 331 3682 vata
346 3622 492 3696 perfectio.
508 3620 577 3677 Pars
591 3619 670 3674 enim
685 3618 824 3675 mundata
850 3623 894 3675 est
924 3622 1087 3676 secundum
1176 3578 1956 3739 {gacffl'aessq‘ffmmomnaffimat&

265 3707 721 3787 legempopuloludceorum‚illi
739 3706 946 3777 duraservice,
971 3708 1015 3763 illi
1044 3708 1088 3765 in·
1176 3734 1296 3788 mem·
1313 3727 1489 3799 Momm
1512 3728 1546 3783 ab
1575 3736 1691 3797 mque
1719 3726 1834 3798 mystice
1858 3717 1957 3799 Μ..

263 3803 359 3871 llrrno,
372 3800 415 3857 illi
432 3798 483 3873 qui
496 3798 583 3855 ileum
594 3814 681 3853 suurn
699 3811 757 3852 non
772 3796 915 3869 cognovit.
930 3796 1002 3853 Cum
1018 3814 1087 3871 ergo
1176 3812 1246 3861 cent,
1263 3805 1401 3859 Postremo
1427 3803 1501 3871 sarta
1528 3799 1706 3855 ministranti
1735 3796 1887 3854 Aeratnmo
1911 3791 1957 3861 filit

264 3896 375 3964 partem
390 3906 448 3946 non
478 3887 605 3961 potuerit
632 3885 788 3953 sustinere,
818 3885 965 3958 quomodo
992 3886 1087 3958 perle—
1175 3870 1546 3949 Pwtnftif‘lsiiffllelsssrae
1559 3872 1808 3943 mmmmm·

263 3980 389 4037 ctionem
402 3969 517 4035 servare
532 3974 698 4049 potuisset?
711 3974 748 4030 Ut
762 3974 786 4030 si
803 3974 959 4047 puerulum
981 3975 1087 4033 litteris
1176 3981 1222 4036 32.
1239 3978 1373 4036 Diximus
1388 3976 1424 4032 do
1438 3974 1559 4033 Abrahe
1575 3976 1747 4044 devotione,
1780 3991 1813 4031 ac
1840 3970 1903 4039 llde,
1928 3965 1959 4022 da

262 4068 389 4137 imbuas,
407 4064 561 4140 asiogulis
577 4062 739 4119 litterarum
755 4062 907 4121 elementis
936 4065 1013 4121 m
1041 4065 1086 4121 in·
1140 4067 1307 4141 prudentia,
1331 4064 1461 4137 justitia,
1482 4062 1635 4131 charitate,
1660 4062 1863 4135 parcimonia:
1890 4068 1959 4113 nunc

262 4158 429 4214 choandum
442 4160 488 4213 est
501 4153 564 4221 tibi,
581 4156 614 4209 ut
629 4170 646 4208 a
661 4150 787 4225 singulis
800 4152 932 4223 apicibus
949 4154 985 4209 ad
1001 4152 1088 4227 syllo-
1139 4158 1227 4215 etiam
1242 4156 1279 4213 de
1289 4151 1457 4226 hospitaliis
1472 4152 1617 4208 dicamus.
1641 4151 1695 4209 llst
1717 4152 1800 4209 enim
1825 4164 1880 4205 [(οη
1906 4158 1958 4200 mg.

262 4247 326 4314 bas,
343 4244 496 4321 asyllahis
510 4259 578 4301 eum
594 4241 792 4315 perordinem
812 4241 849 4297 ad
874 4242 993 4299 nomina
1021 4259 1086 4299 ora·
1140 4246 1248 4303 diceris
1263 4262 1298 4321 ea
1329 4240 1518 4301 virtus.Unde
1533 4244 1563 4297 et
1582 4240 1747 4313 Apostolus
1772 4233 1960 4315 principaliter

263 4336 432 4407 lionemque
446 4333 584 4390 deducas.
610 4330 667 4385 Nec
696 4333 792 4402 potest
819 4346 899 4386 maro
926 4331 1086 4403 quisquam
1139 4351 1204 4391 eam
1222 4335 1252 4391 in
1265 4332 1403 4406 episcopo
1418 4346 1484 4387 esse
1497 4333 1630 4404 oportere
1653 4329 1783 4403 gemina
1805 4318 1959 4399 scriptionis

263 4422 400 4495 navigare
416 4421 590 4495 intrepidus,
608 4418 666 4475 nisi
686 4418 737 4492 qui
760 4422 825 4475 ante
853 4419 883 4475 in
912 4419 1086 4479 fluminibus
1140 4423 1241 4482 docuit
1256 4419 1451 4489 auctoritate;
1467 4424 1502 4475 ut
1515 4420 1620 4492 presto
1637 4418 1678 4476 ait
1692 4414 1924 4482 advenientibus,
1936 4410 1960 4464 et

263 4510 450 4585 navigaverit.
459 4510 591 4583 Denique
607 4510 632 4565 si
648 4507 720 4581 qnid
741 4512 792 4565 aut
812 4508 984 4566 conficiendi
1009 4510 1093 4571 ltine.
1107 4530 1131 4597 Β
1146 4516 1281 4571 occurrat
1295 4510 1421 4579 obviam,
1437 4511 1467 4565 et
1478 4508 1583 4564 itinero
1593 4507 1737 4581 explorat,
1753 4510 1784 4564 et
1811 4503 1888 4562 adsit
1909 4513 1959 4555 ooo

166 4676 171 4679 -
263 4601 316 4671 ris,
331 4604 383 4657 aut
398 4598 512 4656 levandi
529 4598 627 4655 oneris
648 4614 737 4670 puero
761 4597 833 4655 velis
857 4600 1088 4675 provectiorique
1144 4600 1352 4676 querentibus,
1381 4605 1411 4655 et
1444 4597 1539 4671 rapiat
1574 4596 1649 4655 m
1688 4592 1959 4671 praetergradientes.

262 4687 1087 4764 mandaro,numquidcquandaonerasunt,autequan·
1142 4696 1216 4749 Ante
1231 4690 1342 4749 ostium
1357 4686 1479 4743 sedabat
1503 4685 1665 4750 Abrabam,
1693 4685 1819 4741 sedebat
1841 4676 1958 4737 meridie.

261 4781 317 4838 dus
327 4777 431 4837 labor?
443 4777 486 4835 lta
501 4776 589 4851 igitur
600 4775 715 4833 noveris
732 4776 779 4833 bis
797 4777 1002 4850 perlectionem
1028 4780 1087 4837 cir·
1142 4780 1263 4844 Quando
1278 4777 1328 4835 alii
1343 4774 1576 4849 requiescebant,
1591 4772 1646 4830 iste
1662 4772 1820 4846 hospitum
1841 4766 1960 4843 sapion-

260 4868 450 4939 cumnisionis
467 4882 531 4925 esse
544 4869 700 4934 servatam,
714 4866 764 4938 qui
779 4883 797 4922 a
810 4866 926 4925 Christo
945 4868 1085 4938 instituti,
1142 4869 1193 4926 bat
1208 4869 1361 4926 adventus.
1378 4864 1479 4922 Merito
1494 4862 1537 4919 illi
1552 4862 1631 4920 Deus
1653 4861 1797 4936 apparuit
1824 4860 1859 4916 ad
1884 4868 1960 4929 quor·

296 5047 353 5119 (34)
367 5046 532 5104 Editllom.
544 5042 657 5116 oleqisi
694 5043 753 5099 aeia
770 5058 910 5101 eruemur.
926 5044 1090 5105 Commoda
1140 5045 1171 5101 in
1183 5060 1257 5101 mss.
1273 5060 1332 5101 uon
1346 5041 1506 5100 inuenitur.
1879 5106 1885 5119 ‚

260 5116 357 5185 lectio,
371 5119 421 5174 sed
432 5133 519 5191 quam
530 5132 582 5172 nec
596 5131 652 5170 ms.
665 5132 682 5169 u
697 5111 754 5181 lus,
772 5130 823 5171 nec
834 5114 904 5172 odit.
921 5118 1085 5175 stabiliunt.
1177 5116 1232 5188 (38)
1247 5116 1331 5172 Rom.
1348 5114 1418 5182 edit,
1434 5114 1506 5183 sola,
1521 5114 1572 5186 qui
1593 5131 1610 5169 c
1635 5112 1741 5170 Cirr-reti
1764 5108 1896 5167 institutis
1916 5117 1958 5161 ca·

261 5188 351 5245 Nobis
367 5194 464 5245 autem
477 5204 548 5245 mss.
565 5187 663 5251 Corb,
680 5184 759 5241 Golb.
783 5202 815 5241 ao
835 5186 909 5242 Mac.
930 5187 1029 5247 locum
1047 5206 1089 5246 re·
1140 5188 1297 5256 Melioribus,
1312 5190 1366 5244 etc.

261 5260 392 5317 stituere.
406 5276 472 5316 cum
490 5261 520 5315 in
536 5258 612 5325 aliis,
624 5274 683 5313 non
698 5273 784 5314 aecus
798 5274 831 5313 ac
841 5257 870 5314 in
884 5258 990 5330 priscis
1001 5260 1086 5334 enit,
1177 5258 1233 5331 (39)
1247 5260 1335 5316 Docet
1349 5256 1434 5330 Vulg.
1451 5272 1559 5313 nomen
1575 5254 1672 5313 uxoria
1688 5252 1817 5311 Abrahae
1833 5250 1873 5305 ita
1896 5258 1955 5300 mu·

261 5328 453 5401 particulare
468 5332 663 5386 omitteretur.
1140 5334 1246 5396 tatum,
1263 5333 1297 5386 ut
1310 5346 1345 5387 ox
1359 5328 1442 5386 Sarni
1461 5332 1563 5385 vocata
1584 5326 1672 5384 luerit
1699 5325 1794 5383 sara:
1818 5318 1887 5378 LXX
1898 5327 1957 5371 lew

297 5399 353 5471 (35)
364 5401 472 5458 Omnes
488 5401 569 5471 edit,
586 5402 640 5471 Qui
653 5416 708 5457 non
729 5408 869 5473 portent...
900 5402 1012 5473 cinnum
1039 5403 1086 5459 de·
1140 5418 1256 5459 eamox
1282 5402 1354 5459 Sara
1382 5416 1439 5473 quo
1468 5399 1587 5473 nomine
1613 5398 1699 5471 pros
1727 5391 1958 5467 nuncupabatur,

260 5472 373 5527 structi.
391 5472 575 5529 bles-nutem
591 5488 693 5528 omncs
706 5476 740 5527 ut
750 5472 780 5527 in
794 5474 943 5528 contentu¹
1141 5474 1258 5531 Sacram
1274 5471 1457 5529 nominatam
1472 5470 1605 5539 tradunt,
1632 5466 1744 5541 quibus
1773 5482 1845 5524 mss.
1870 5460 1957 5545 poelss

307 5540 354 5611 36)
369 5541 438 5601 Mss.
455 5542 524 5610 dno,
538 5558 588 5617 per
601 5545 724 5617 corpore
736 5543 912 5603 cetetonem.
1141 5546 1329 5615 concinentes
1343 5542 1400 5604 boo
1412 5557 1519 5603 nomm
1533 5542 1594 5601 tara
1616 5554 1676 5599 non
1706 5539 1797 5599 aliter
1821 5534 1958 5609 eriptam

307 5613 354 5687 37)
368 5613 493 5675 additur
507 5614 536 5671 iu
556 5612 639 5688 edit,
654 5616 695 5677 cel
710 5614 978 5691 recismundus,
1007 5616 1087 5695 quod
1141 5616 1288 5679 exhibent.
