4159 6184
135 304 216 371 rma
646 250 873 371 unianimo
894 302 932 369 u
954 299 1149 372 rslnnou
1173 305 1350 376 xxxuu.
1490 352 1494 360 .
1792 328 1872 393 ιοιι

134 440 204 511 (lot.
222 455 254 505 u,
272 438 307 494 lo
321 442 348 495 et
361 434 463 507 citeri:
480 435 605 507 amicus,
622 436 693 510 quid
707 435 737 493 in
751 437 800 495 illo
815 439 877 512 ipen
891 439 966 497 libro
979 440 1007 506 Α
1021 454 1099 497 cunr.
1119 440 1194 497 Plus
1220 448 1268 500 ost
1295 446 1431 522 diligere,
1463 465 1555 523 quam
1580 453 1772 516 benedicere:
1803 464 1873 535 qula

133 528 367 597 manifestatum
383 525 474 596 iilius,
490 529 524 583 ut
536 523 715 595 Abessalon;
740 543 850 597 servus,
878 527 965 584 liber·
1020 528 1117 598 muior
1131 532 1184 584 est
1197 531 1312 593 mentis
1325 536 1456 607 dilectio,
1473 555 1564 612 quam
1592 545 1739 603 sermonis
1765 552 1870 622 gratia.

131 624 194 687 tus,
210 617 396 675 domesticus
408 634 415 687 ;
429 614 501 690 quia
515 614 630 672 inimici
645 614 774 673 bominis
800 616 888 674 etiem
911 617 965 673 do·
1020 615 1127 673 Justua
1144 616 1304 680 benefacit
1317 625 1343 682 ei
1354 628 1528 701 cujusodtis
1543 634 1691 705 appetitus
1700 640 1756 693 est.
1767 637 1872 697 tostus

130 707 251 766 mestici
265 708 343 781 elus,
358 710 391 763 ut
406 704 557 779 exagitent
570 720 640 761 eum
654 704 861 779 singuliouod
877 704 968 781 igitur
1020 708 1085 761 oret
1099 718 1158 777 pro
1176 705 1449 774 calumniantibus.
1465 718 1547 777 Bona
1558 722 1699 795 charitas,
1721 727 1752 783 at
1777 726 1872 800 pietas

129 796 299 854 remedium
314 796 457 855 meamus
472 792 646 865 hujusmodi
671 794 835 851 animorum
849 793 965 869 egritu-
1020 792 1117 849 bona:
1136 794 1312 873 utrumque
1326 805 1388 871 Dei,
1405 812 1435 864 ,ι
1450 811 1610 884 utrumque
1625 816 1671 870 esp
1684 819 1781 886 Deum
1802 817 1872 891 quin

129 884 228 957 dines,
245 886 304 945 nisi
318 883 474 959 patientia,
491 882 795 954 nisisilentium‘tDt,
824 884 902 958 quod
921 884 967 941 est
1019 883 1148 939 cuonem
1178 887 1225 939 eet
1253 891 1335 960 bem,
1365 900 1399 952 ut
1426 896 1500 954 dixit
1526 899 1658 959 ,ioannes
1683 902 1714 959 i„
1746 904 1872 979 epistola

129 976 263 1050 gravius,
280 972 486 1047 illatemagis
505 972 638 1042 lacessit,
669 973 719 1046 qui
747 973 880 1031 bonliciia
907 973 966 1030 tuis
1021 972 1368 1051 (licon-rv,16),1d00
1395 990 1556 1060 utrumque
1584 993 1776 1063 conjunctum
1803 999 1871 1053 m..

131 1082 205 1123 usus
220 1064 283 1122 sit:
304 1068 333 1121 et
355 1063 435 1121 inter
462 1062 545 1137 ipsos
572 1061 701 1135 amplius
727 1061 774 1120 ille
802 1065 964 1137 exasperat,
1020 1082 1035 1113 a
1051 1056 1184 1130 Diligite
1200 1061 1340 1129 inimicos
1361 1079 1508 1132 vestros...
1524 1083 1554 1133 et
1574 1084 1654 1137 orate
1676 1098 1728 1155 pre
1756 1082 1870 1140 calum.

129 1154 182 1228 qui
197 1153 266 1227 plus
281 1151 334 1209 tibi
348 1150 477 1219 debcat;
494 1167 556 1223 quc
576 1150 672 1223 magis
700 1151 807 1226 ingrati
837 1149 966 1209 bominis
1020 1145 1189 1205 cientibus
1204 1158 1235 1211 at
1250 1163 1496 1233 pemqugnqbu„
1511 1181 1571 1222 ,og
1583 1190 1597 1218 „
1615 1166 1768 1227 plenitudo
1783 1173 1869 1247 Legis

128 1242 299 1313 acerbitate,
313 1242 364 1297 aut
376 1237 445 1295 vilis
474 1237 605 1311 alicujus
634 1254 766 1312 persone
790 1239 966 1313 indignitate
1020 1234 1243 1301 serenantes:
1270 1248 1427 1307 sedetiam
1452 1250 1513 1309 bec
1541 1254 1688 1329 Evangelii
1715 1231 1867 1331 plenitudo

130 1330 287 1389 moventis·
1020 1342 1073 1399 pro
1085 1317 1352 1393 calumniantibus
1373 1343 1402 1395 et
1424 1343 1670 1413 persequentibus
1700 1362 1754 1403 nos
1778 1346 1867 1419 jubet

167 1438 195 1494 t.
211 1436 286 1510 llrgo
297 1436 409 1507 iustus,
425 1433 480 1490 etsi
496 1432 612 1491 amicus
627 1432 654 1491 ei
669 1437 716 1492 est
730 1434 872 1503 insolens,
886 1432 967 1491 dolet
998 1456 1000 1461 ·
1021 1429 1122 1481 “⁸⁹⁰2
1143 1418 1177 1473 υ)
1190 1424 1318 1491 Ρθθθδῑίθ
1329 1441 1431 1482 eorum
1441 1428 1554 1485 venium
1568 1429 1770 1502 postulemus;
1787 1433 1865 1490 sicut
1968 1483 1974 1491 ,

132 1543 186 1601 pre
200 1525 305 1593 amico;
320 1522 389 1595 quis
404 1521 513 1578 idcirco
529 1521 644 1579 amicus
660 1538 735 1580 suus
748 1522 868 1593 labitur,
898 1522 969 1597 quia
1022 1503 1127 1561 divino
1137 1501 1254 1575 judicio
1267 1510 1323 1567 lob
1339 1518 1460 1570 sanctus
1471 1515 1581 1572 electus
1596 1521 1650 1586 est,
1667 1519 1754 1590 culus
1769 1522 1862 1578 oratio

133 1616 305 1672 atentatore
319 1608 492 1683 impellitur.
508 1608 539 1665 Si
553 1624 607 1681 pro
626 1611 725 1668 emino
753 1609 843 1683 dolet,
873 1610 968 1669 multo
1022 1607 1129 1669 regum
1146 1593 1266 1656 illorum
1282 1600 1527 1659 calumniantium
1537 1605 1621 1675 justo
1631 1605 1762 1664 aboleret
1769 1608 1861 1665 offen-

133 1702 229 1777 magis
240 1716 294 1775 pro
308 1715 408 1766 uxore,
423 1714 477 1771 pro
490 1697 566 1755 ulio:
583 1699 608 1755 si
624 1716 679 1757 eos
701 1716 819 1773 quoque
834 1700 891 1757 sibi
920 1702 968 1758 in·
1023 1699 1087 1741 Μ)
1103 1682 1174 1752 (reu
1191 1703 1259 1756 ¹²¹¹,
1274 1689 1316 1757 8).

134 1791 264 1851 solentes
278 1787 462 1863 experiatur3
479 1793 506 1843 et
518 1786 544 1844 si
558 1787 651 1845 irater
666 1789 806 1862 exagitat,
832 1793 865 1847 ut
891 1790 967 1847 Dsau
985 1814 1008 1881 B
1061 1790 1104 1846 11.
1122 1789 1196 1864 lirgo
1209 1791 1265 1848 elsi
1279 1792 1417 1850 intirmus
1433 1811 1474 1860 cs,
1486 1812 1539 1851 ora
1550 1814 1558 1862 ;
1569 1796 1623 1852 etsi
1633 1796 1719 1855 tortis
1733 1815 1777 1868 es,
1793 1817 1854 1859 ora.

134 1886 272 1941 sanctum
285 1877 385 1946 Jacob,
400 1875 517 1935 doletet
530 1878 636 1949 querit
651 1877 712 1935 sibi
727 1877 850 1935 fratrem
869 1894 969 1935 recon-
1026 1878 1166 1937 lulirmus
1179 1897 1233 1954 pro
1247 1886 1276 1938 te
1290 1898 1368 1949 oras,
1382 1883 1467 1939 sortis
1482 1900 1535 1956 pro
1550 1884 1672 1941 inimico
1699 1890 1753 1943 tuo
1779 1904 1858 1947 oras.

136 1967 303 2039 sitierant
317 1965 529 2040 lugerealaoie
551 1966 626 2039 ejus,
644 1970 681 2023 ut
704 1966 837 2025 Rebecca
865 1968 970 2025 suade-
1025 1966 1139 2025 Bonum
1155 1974 1273 2026 scutum
1288 1970 1483 2037 infirmitatis,
1512 1972 1616 2029 oratio.
1646 1974 1692 2030 l'u
1720 1992 1800 2047 cras,
1829 1982 1859 2034 et

136 2061 198 2129 bat,
214 2074 251 2115 ns
264 2055 415 2114 iracundia
430 2054 524 2113 iratris
544 2056 730 2115 occasionem
759 2055 889 2114 nocendi
917 2055 971 2114 ali·
1024 2056 1169 2114 Dominus
1183 2062 1211 2113 te
1225 2059 1361 2131 protegit.
1377 2060 1491 2116 Donum
1508 2066 1626 2117 scutum
1642 2061 1732 2119 etiam
1748 2066 1859 2123 trium·

137 2165 229 2223 quam
244 2145 383 2220 reperiret
399 2162 406 2215 ;
422 2148 450 2202 et
464 2144 490 2201 si
512 2144 665 2219 proximus
694 2147 746 2200 aut
773 2145 970 2215 domesticus,
1025 2143 1155 2217 phontis,
1171 2149 1203 2202 ut
1217 2145 1371 2203 inimicum
1395 2151 1481 2203 tuum
1510 2164 1599 2221 quem
1629 2150 1728 2222 possis
1757 2152 1856 2221 ierire,

137 2236 237 2307 dolet;
254 2236 318 2293 etsi
331 2233 475 2302 minister,
491 2237 541 2291 aut
554 2232 691 2303 libertus,
716 2236 768 2289 aut
783 2250 899 2303 servus,
915 2234 972 2290 lert
1025 2232 1182 2303 delendam
1207 2251 1244 2292 ne
1259 2236 1296 2292 ab
1320 2235 1419 2308 aliquo
1448 2236 1623 2304 trucidetur,
1645 2241 1675 2295 et
1700 2240 1791 2314 (quod
1813 2245 1859 2298 est

136 2326 293 2401 patienter,
308 2328 337 2381 et
350 2324 381 2380 in
392 2322 438 2380 his
459 2320 595 2379 omnibus
609 2322 710 2378 tacet:
737 2336 775 2377 ne
796 2322 823 2380 ei
849 2336 970 2394 respon·
1026 2322 1135 2395 majus)
1148 2340 1166 2380 a
1179 2323 1307 2393 thristo,
1323 2324 1374 2397 qui
1389 2324 1480 2382 dixit:
1497 2348 1512 2376 a
1529 2325 1601 2382 llihi
1628 2326 1802 2401 vindictam,
1828 2332 1859 2387 et

135 2418 217 2485 deut,
233 2426 404 2487 aquosum
420 2411 512 2469 cernit
535 2408 657 2485 impelli.
683 2408 872 2467 Conviciatur
899 2424 969 2483 ergo
1025 2428 1079 2486 ego
1094 2412 1255 2470 retribuam
1271 2414 1359 2487 (Rom.
1383 2430 1434 2484 nu,
1459 2416 1514 2487 lu).
1542 2436 1556 2465 u
1581 2415 1647 2473 llmc
1673 2419 1856 2487 catenatio,

134 2522 173 2563 ex
189 2502 359 2561 domesticis
372 2500 505 2574 aliquis?
529 2498 608 2557 dolet
623 2500 758 2567 ettacet3
785 2498 972 2557 convicietur
1026 2518 1090 2574 que
1114 2501 1143 2558 in
1172 2502 1273 2559 sinum
1305 2502 1485 2560 convertitur
1507 2504 1705 2577 deprecantis,
1726 2508 1856 2565 iructum

137 2590 290 2651 libertus?
301 2594 387 2661 treet,
403 2588 583 2647 conviciatur
597 2586 721 2646 serrus‘l
735 2591 822 2645 tacet.
838 2588 887 2645 Sic
909 2588 971 2644 vin·
1026 2591 1154 2647 reterens
1163 2606 1266 2647 eorum
1280 2606 1345 2663 qua
1360 2589 1453 2647 uoluit
1466 2592 1643 2665 impetrare;
1659 2599 1694 2650 ut
1723 2596 1802 2652 dona
1825 2594 1858 2651 in

139 2682 220 2741 citur
233 2682 284 2756 qui
298 2680 436 2754 loqueum
448 2680 513 2753 elus
528 2678 633 2736 anime
653 2692 705 2750 per
719 2692 816 2735 escam
831 2678 911 2736 vocis
922 2694 970 2735 ex·
1026 2681 1091 2751 ejus
1107 2679 1236 2735 animam
1250 2695 1285 2736 ac
1301 2683 1431 2737 mentem
1446 2684 1610 2749 recurrant,
1634 2698 1700 2753 quas
1724 2683 1860 2757 poposcit

140 2771 246 2829 tondit.
263 2771 338 2827 'lace
353 2785 422 2843 ergo
436 2774 465 2825 et
479 2772 511 2825 tu
528 2784 596 2825 cum
612 2764 667 2823 tibi
674 2765 815 2839 indignus
828 2766 971 2824 convicia·
1026 2785 1045 2824 a
1058 2766 1183 2824 Domino
1195 2767 1328 2835 ;sicutiu
1339 2768 1553 2841 posterioribus
1563 2768 1611 2825 hic
1621 2768 1701 2826 idem
1712 2770 1859 2844 Propheta

141 2864 202 2929 tur,
216 2864 281 2917 tace
295 2874 363 2916 com
377 2857 430 2914 tibi
447 2874 560 2926 servus,
575 2859 605 2912 et
619 2852 748 2911 maxime
761 2858 844 2924 tuus,
868 2859 972 2912 contu·
1026 2861 1055 2913 te
1068 2854 1169 2912 docuit
1182 2854 1303 2913 dicens:
1319 2879 1334 2908 ι
1349 2856 1396 2912 sic
1411 2857 1583 2914 benedicam
1599 2862 1628 2913 te
1644 2858 1674 2914 in
1703 2859 1764 2916 vita
1778 2877 1854 2930 mea,

145 2948 266 3007 mdiam
288 2947 368 3016 iacit,
393 2950 428 3003 et·
444 2947 491 3003 dic
512 2945 542 3002 in
568 2944 656 3002 corde
687 2946 755 3000 tuo:
780 2944 840 3017 ligo
870 2947 970 3001 taceo:
1026 2950 1055 3001 et
1069 2944 1100 3000 in
1116 2942 1236 3002 nomine
1248 2948 1300 3001 tuo
1314 2944 1416 3002 levabo
1440 2962 1548 3002 manus
1577 2962 1669 3003 meas.
1700 2948 1856 3022 Tanquam

146 3060 162 3091 n
178 3037 221 3094 Tu
236 3040 334 3094 autem
353 3052 390 3093 oe
404 3040 512 3102 taceas,
526 3033 650 3092 Domine
664 3032 749 3105 (Prot.
769 3049 863 3102 xxxiv,
882 3032 939 3105 22),
956 3056 970 3087 n
1027 3033 1112 3106 adipe
1127 3037 1157 3090 et
1178 3032 1357 3107 pinguedine
1381 3032 1529 3107 repleatur
1542 3035 1654 3092 ‚anima
1677 3052 1745 3093 mea
1767 3039 1855 3110 (Prot.

144 3132 176 3184 et
188 3126 264 3183 adde
276 3142 284 3183 ι
298 3148 312 3177 u
328 3125 370 3183 Ne
385 3123 520 3182 discedas
534 3140 551 3181 a
565 3140 622 3193 me,
637 3144 653 3173 n
668 3124 700 3179 ut
714 3121 805 3179 David
829 3120 972 3195 propbeta
1026 3139 1096 3193 nxn,
1111 3123 1140 3193 5,
1153 3121 1192 3193 c).
1210 3144 1225 3172 n
1241 3122 1306 3197 lpse
1320 3126 1366 3179 est
1381 3123 1466 3181 sinus
1480 3123 1597 3190 anime,
1627 3129 1774 3182 secretum
1790 3143 1856 3184 ora·

143 3215 279 3283 dicebat,-
292 3214 347 3272 boc
361 3218 416 3282 est,
437 3228 473 3269 ne
488 3212 584 3270 solum
596 3226 643 3267 me
661 3210 905 3285 impugnantibus
921 3211 970 3269 ds·
986 3185 1008 3252 C
1026 3211 1117 3268 tionis
1131 3211 1197 3283 ejus
1210 3209 1374 3284 penetralia
1386 3210 1557 3281 voluntatis,
1572 3216 1603 3268 et
1612 3213 1746 3285 quadam
1758 3232 1854 3273 recur-

142 3303 305 3378 relinqnns.
320 3303 384 3360 Non
399 3304 443 3359 est
458 3302 536 3357 enim
552 3297 645 3369 solus,
668 3299 714 3355 cui
740 3298 817 3355 Dens
843 3315 971 3372 presens
1026 3300 1155 3356 rentium
1170 3296 1304 3357 totorum
1320 3299 1426 3357 intima
1440 3300 1634 3374 receptacula.
1645 3302 1728 3359 Unde
1742 3309 1771 3359 et
1781 3305 1856 3377 justi

141 3396 198 3452 est.
211 3392 316 3465 Accipe
330 3389 533 3449 testmonium.
551 3412 566 3441 «
582 3389 666 3457 Ecce,
681 3387 788 3459 inquit,
800 3386 970 3456 venithora,
1024 3388 1056 3444 in
1071 3388 1197 3445 Abrabae
1211 3389 1279 3445 sinu
1292 3390 1477 3463 requiescere
1491 3389 1714 3464 legunturltuc.
1726 3409 1786 3460 ιιι,
1797 3396 1854 3467 22),

142 3485 177 3540 ut
190 3479 401 3556 dispergamini
417 3476 624 3550 unusquisque
638 3475 668 3531 in
682 3489 747 3543 sue,
763 3478 792 3532 et
821 3473 899 3531 840
924 3491 971 3532 me
1026 3476 1103 3550 quod
1120 3476 1150 3530 in
1164 3476 1229 3547 ejus
1243 3478 1349 3551 gratia,
1363 3479 1394 3533 in
1409 3478 1474 3552 ejus
1489 3478 1602 3552 requie.
1618 3478 1648 3535 iu
1675 3481 1741 3553 ejus
1768 3480 1857 3557 pluci-

140 3568 443 3641 solumrelinquatis;
459 3565 509 3623 sed
526 3580 584 3620 non
612 3580 680 3621 sum
709 3561 802 3632 solus,
831 3562 970 3635 quoniam
1027 3563 1118 3620 ditate
1132 3564 1329 3635 requiescant,
1346 3566 1398 3637 qui
1414 3568 1594 3625 conformem
1611 3568 1636 3625 ei
1651 3568 1803 3628 induerint
1822 3572 1855 3628 ss·

140 3660 227 3717 Pater
239 3670 356 3714 mecum
370 3658 415 3713 est
429 3656 520 3727 (loun.
536 3670 592 3720 ιιι,
609 3650 665 3725 32).
683 3672 698 3703 n
1026 3652 1105 3720 dem,
1120 3655 1150 3708 et
1164 3652 1267 3709 eudem
1282 3654 1313 3710 in
1324 3653 1410 3711 bonis
1425 3655 1565 3728 operibus
1580 3656 1701 3715 iecerint
1723 3659 1856 3719 volunta·

176 3766 221 3822 lD.
239 3764 426 3834 Justusergo
446 3762 587 3817 advorsus
614 3756 773 3817 insolentes
800 3757 856 3814 sibi
884 3761 970 3829 tacet,
1026 3744 1097 3797 ²⁰1⁰·
1188 3768 1196 3777 ·

139 3858 240 3931 iustus
254 3855 328 3909 orat.
344 3850 419 3909 Audi
430 3850 548 3922 justum
558 3852 692 3906 orantem
707 3847 813 3908 :«,Pro
828 3862 861 3905 eo
878 3850 910 3903 ut
924 3863 972 3904 ma
1063 3846 1106 3905 ln.
1122 3846 1181 3905 Sed
1195 3846 1269 3905 forte
1283 3849 1407 3905 miretur
1419 3848 1538 3923 aliquis,
1554 3867 1621 3907 cum
1645 3852 1788 3913 Dominus
1814 3856 1857 3912 di·

139 3942 306 4015 diligerent,
322 3938 516 3997 detrahebant
530 3936 621 3994 mibi:
643 3952 696 4011 ego
723 3939 821 3993 autem
850 3935 971 3992 orabam
1024 3936 1100 3993 xerit
1113 3953 1165 4009 per
1179 3952 1213 3993 os
1233 3936 1336 4006 David,
1372 3938 1451 4009 quod
1481 3938 1657 3997 humiliabat
1684 3940 1714 3996 in
1739 3943 1855 4015 Jejunlo

139 4030 231 4106 (Prot.
247 4046 327 4097 crui,
343 4030 381 4101 l).
398 4050 412 4079 n
424 4029 526 4099 jnstus
541 4022 786 4083 maledicentibus
801 4022 858 4081 sibi
881 4023 971 4080 bene·
1026 4026 1158 4083 solmam
1172 4042 1259 4083 suum
1282 4027 1369 4098 (Prot.
1397 4042 1497 4099 aaxrv,
1525 4028 1588 4101 13);
1617 4032 1764 4102 quomodo
1792 4032 1855 4105 ipse

139 4120 233 4189 dicit;
250 4122 284 4175 ut
297 4116 442 4175 iaciebant
457 4116 592 4189 apostoli,
623 4114 701 4172 sicut
728 4112 838 4170 Paulus
866 4112 972 4171 asserit
1026 4113 1216 4171 Davidaitin
1249 4112 1482 4188 posterioribus:
1512 4140 1527 4168 ι
1557 4116 1587 4174 sl
1616 4134 1674 4174 non
1703 4118 1856 4178 humum„

139 4210 260 4267 dicens:
278 4229 292 4259 ι
308 4205 521 4274 ltlaledicimur,
537 4206 566 4261 et
580 4202 782 4261 benedicimus
797 4203 821 4275 (l
840 4202 900 4260 Cor.
931 4218 970 4264 un
1026 4203 1201 4271 sentiebam,
1230 4205 1280 4260 sed
1306 4201 1429 4260 exaltavi
1462 4206 1593 4263 animam
1633 4224 1729 4264 mecm
1767 4210 1854 4282 (Prot.

140 4298 198 4371 le).
215 4320 230 4349 ι)
245 4298 349 4355 Justus
364 4294 460 4369 diligit
474 4292 609 4350 inimicos
624 4307 705 4351 suos.
728 4292 801 4348 Vide
827 4296 971 4363 quemad.
1025 4306 1109 4362 cnm
1124 4294 1165 4364 2),
1182 4314 1196 4342 ,‚
1211 4287 1320 4349 verm
1343 4293 1370 4349 ᾗ,
1393 4294 1559 4352 mmmm,
1582 4294 1661 4351 aliud
1688 4314 1754 4355 em
1777 4298 1853 4357 w

140 4388 264 4445 modum
279 4384 421 4459 paulatim
437 4398 490 4458 per
517 4383 627 4456 medus
650 4380 784 4454 singulos
813 4382 971 4439 ascendere
1025 4380 1346 4454 quodudsapientiam
1361 4384 1619 4452 mentlsreiertur,
1635 4383 1854 4459 aliudquodad

137 4460 262 4533 docetur
277 4475 313 4531 ad
330 4474 513 4530 incrementa
526 4471 682 4538 virtutum,
700 4468 813 4525 dicente
828 4468 968 4528 lumino:
1024 4468 1222 4526 bumilitatem
1237 4469 1352 4525 cordis:
1368 4469 1512 4542 sapientia
1525 4474 1633 4531 mentis
1646 4474 1783 4534 sublimis
1798 4482 1853 4549 est;

138 4588 154 4617 u
171 4563 287 4639 Diligite
299 4562 437 4619 inimicos
451 4564 564 4617 vestros
578 4558 683 4631 (licllb.
699 4573 728 4626 v,
743 4558 800 4629 ll).
817 4578 832 4609 n
863 4557 967 4616 Justus
981 4545 1005 4612 D
1021 4558 1169 4631 sapientia
1184 4562 1283 4615 autem
1299 4558 1398 4614 carnia
1413 4576 1471 4616 nou
1486 4561 1572 4618 debet
1585 4563 1692 4620 inllari.
1709 4564 1853 4624 Humilia·

137 4659 205 4712 oret
232 4669 286 4728 pro
301 4649 572 4719 calumniantibus3
600 4648 671 4722 quia
698 4650 728 4703 et
750 4642 817 4702 bcc'
833 4648 970 4721 precepit
1022 4648 1075 4704 bat
1089 4664 1157 4721 ergo
1172 4646 1262 4703 David
1278 4646 1309 4702 in
1320 4647 1435 4719 jejunio
1449 4648 1580 4707 animam
1595 4668 1690 4722 sunm,
1707 4657 1740 4709 ul
1764 4656 1853 4711 casti.

137 4742 283 4799 Dominus
297 4740 479 4814 adjungens:
496 4760 510 4789 ι
527 4737 690 4794 Benelmitc
707 4734 745 4792 iis
770 4732 821 4809 qui
845 4736 971 4793 oderunt
1023 4736 1155 4808 gendum
1172 4739 1276 4791 nostre
1287 4735 1385 4792 carnis
1401 4739 1547 4795 tumorem
1563 4740 1689 4797 doceret.
1701 4740 1856 4797 Excitabat

137 4834 301 4900 vos,orate
319 4845 371 4904 pro
395 4826 647 4886 calumniantibus
670 4829 699 4882 et
725 4825 969 4897 persequentibus
1023 4824 1154 4881 animam
1179 4823 1334 4896 Propheta,
1359 4841 1412 4898 par
1435 4826 1593 4884 sublimem
1618 4828 1669 4884 Dei
1702 4828 1852 4902 gratiem;

136 4936 191 4977 V⁰⁸
204 4918 307 4991 timi·
327 4941 337 4969 ⁸
355 4916 418 4991 19⁸0
431 4920 476 4974 eti
489 4932 542 4989 ptr
563 4915 663 4973 omnia
684 4914 797 4987 justus,
827 4911 878 4985 qui
907 4914 968 4972 bec
1026 4912 1195 4985 ·qu0niam
1210 4913 1304 4986 etqui
1319 4914 1482 4984 seexaltet,
1500 4915 1722 4971 humiliabitur:
1743 4920 1773 4971 et
1801 4916 1854 4989 qui

138 5008 269 5066 custodit
281 5010 311 5065 et
325 5010 429 5064 serrat.
447 5004 588 5075 Primum,
603 5003 672 5075 quia
686 5006 771 5069 tacet,
787 5006 816 5057 et
840 5017 898 5059 non
924 5018 966 5059 rc·
1023 5018 1055 5058 se
1070 4999 1217 5066 humiliet,
1230 5000 1406 5059 exaltabitur
1420 5005 1495 5072 (tue.
1511 5021 1569 5068 ιιι,
1587 5005 1641 5074 ll).
1653 5025 1667 5053 ι
1684 5002 1741 5059 Nec
1755 5002 1853 5061 solum

139 5098 265 5170 spondet
279 5093 429 5165 inimicia;
446 5092 551 5149 deinde
565 5092 634 5164 quia
648 5095 721 5163 orat,
737 5089 792 5148 boc
824 5092 879 5158 est,
910 5107 967 5148 non
1023 5089 1169 5163 superbus
1185 5091 1364 5159 retunditur,
1381 5089 1853 5163 etbumilisettolltturdignare·
1955 5123 1957 5130 ·

138 5188 186 5243 est
199 5186 314 5244 otiosus
329 5184 445 5241 ellectu.
457 5182 493 5238 lu
506 5180 557 5255 qui
573 5184 646 5248 orat,
662 5180 739 5238 bona
753 5183 827 5249 orat,
851 5195 910 5236 non
934 5194 969 5237 ea
1023 5179 1228 5237 muneratione
1243 5179 1426 5247 meritorum,
1443 5178 1520 5235 sicut
1534 5179 1664 5251 primum
1681 5184 1726 5236 est
1745 5179 1852 5237 intelli·

138 5292 204 5349 qus
219 5272 326 5349 cuique
341 5272 456 5347 possint
474 5268 660 5328 sueinimico
683 5282 797 5325 nocere.
827 5266 896 5325 Plus
925 5272 971 5326 est
1023 5268 1153 5342 gendum
1169 5284 1176 5324 ι
1192 5267 1244 5325 aad
1260 5266 1465 5339 quieverbum
1479 5265 1530 5322 Dei
1545 5266 1675 5323 exomni
1689 5271 1773 5340 perte
1787 5284 1853 5325 acu-

136 5379 209 5437 ergo
222 5379 315 5430 orere,
339 5376 429 5434 quam
458 5363 564 5415 tacere.
591 5356 696 5414 Justus
725 5354 970 5414 maledicentibus
1022 5360 1088 5413 tum
1103 5361 1159 5425 est,
1176 5354 1258 5412 velut
1271 5352 1387 5427 gladius
1401 5357 1452 5426 qui
1471 5371 1506 5412 ex
1530 5355 1646 5412 duabus
1674 5361 1780 5413 erutus
1807 5361 1852 5415 est

136 5451 196 5509 sibi
211 5448 367 5507 benedicit.
385 5446 455 5504 Plus
469 5449 514 5503 ast
529 5448 558 5502 et
570 5443 627 5502 boc
641 5459 731 5519 quam
744 5460 827 5501 orare
841 5461 894 5518 pro
916 5461 966 5514 se;
1023 5444 1169 5517 partibus,
1184 5456 1238 5516 ego
1253 5442 1381 5499 arbitror
1394 5458 1481 5515 possa
1495 5443 1632 5517 intelligi,
1654 5445 1724 5517 quin
1746 5451 1777 5503 et
1799 5447 1851 5519 qui

136 5553 262 5600 securos
275 5536 355 5595 enim
370 5535 416 5592 sui
438 5533 585 5592 benedicit
597 5531 624 5591 si
634 5547 723 5607 quem
735 5548 793 5591 non
804 5533 900 5604 timet,
916 5538 967 5592 aut
1023 5550 1056 5591 se
1071 5532 1189 5601 exaltat,
1201 5528 1282 5587 norit
1295 5544 1328 5586 ce
1341 5528 1520 5589 humiliare:
1537 5536 1566 5590 et
1580 5533 1631 5607 qui
1647 5548 1679 5590 se
1693 5532 1851 5594 humiliare

135 5628 227 5699 etism
241 5624 268 5691 ei
283 5638 373 5701 quem
384 5627 453 5686 ecte
467 5622 625 5685 metuebat.
640 5620 744 5687 luatur
758 5620 857 5703 diligit
869 5622 966 5687 inimi·
1024 5622 1115 5697 norit,
1139 5619 1229 5683 aean
1256 5616 1384 5685 excluse
1398 5636 1430 5683 se
1458 5620 1548 5682 norit.
1579 5622 1713 5701 Denique
1738 5623 1849 5691 malua
