4159 6184
149 372 219 438 nu
679 365 907 431 unianimo
928 364 969 428 ιι
991 363 1176 428 ιιιιιιιιιι
1200 342 1290 427 ιιι.
1758 350 1837 425 rtet

149 506 202 563 nisi
216 505 242 561 in
257 504 388 562 oratione
399 504 429 562 ei
439 500 552 576 ieiunio
567 498 648 575 (ltin.
664 502 720 574 20).
737 502 772 557 lli
790 498 955 557 addididit:
971 497 1058 565 Atos
1074 496 1123 570 qui
1134 494 1351 553 transferuntur
1376 496 1406 551 iu
1430 497 1612 569 paradisum,
1632 497 1741 570 quibus
1763 497 1837 555 dici·

150 618 163 646 ιι
177 594 206 652 Si
219 592 376 651 habueritis
391 594 478 650 iidem
493 592 571 649 sicut
584 608 708 666 granum
733 590 856 663 sinapis,
881 588 958 644 diec-
1015 590 1107 643 lucz«
1126 584 1215 643 llodio
1230 602 1345 643 mecum
1361 585 1419 642 eris
1444 586 1474 642 in
1496 586 1632 658 paradiso
1653 586 1729 660 (tac.
1754 601 1837 656 ιιιιιιι,

149 684 185 741 tis
197 684 260 741 huie
274 683 385 741 monti:
402 681 505 739 'l'rensi
518 682 588 738 hinc
603 680 652 739 ilio
668 681 748 751 (lbiri.
766 682 820 747 19),
839 698 851 727 r
868 694 958 734 maon
1014 678 1070 745 43).
1087 700 1101 726 ι
1118 676 1151 732 at
1165 675 1241 733 alius
1256 675 1307 749 qui
1321 676 1447 733 dicitur:
1464 698 1478 726 «
1495 674 1542 732 Sic
1557 689 1625 732 eum
1639 676 1704 733 volo
1719 680 1839 736 mantia

146 772 306 846 signillcans
322 770 388 844 quis
402 770 451 827 ille
465 786 551 828 mons
564 774 653 839 esset,
669 784 756 843 quem
778 769 877 841 posset
892 782 958 839 per·
1014 766 1106 823 donco
1121 765 1245 833 reniam,
1261 765 1332 837 quid
1348 766 1384 821 ad
1405 764 1458 821 tei
1471 765 1516 820 'lu
1531 780 1578 821 me
1601 777 1724 837 sequere
1746 763 1827 839 (loia

48 925 50 931 ,
145 861 213 918 iacta
227 860 376 919 transferre
399 859 483 917 ildes.
498 860 644 930 Pterieoia
669 857 746 917 enim
770 858 844 919 tides
868 870 960 930 grano
1014 872 1073 923 xm,
1089 854 1145 927 23).
1163 877 1178 905 ι
1193 856 1227 910 Et
1241 854 1339 911 Enoch
1353 854 1404 927 qui
1419 858 1521 927 raptus
1535 857 1590 925 est,
1606 868 1643 910 ne
1657 853 1770 913 mulitia
1783 867 1837 913 ιιι-

144 950 248 1025 siaapis
279 950 446 1023 comparata
469 954 526 1019 est,
549 949 662 1009 dicente
695 947 859 1023 apostolo:
887 968 902 997 ιι
928 945 957 1001 si
1014 943 1073 1001 culi
1093 947 1267 1001 mutaretur.

76 1044 77 1049 ’
144 1038 257 1097 habeam
271 1054 388 1095 ornnem
404 1038 504 1109 lldem,
520 1038 562 1096 ita
574 1042 607 1096 ιιι
629 1042 744 1095 montes
759 1034 955 1094 transferam:
1049 1034 1093 1090 12.
1109 1034 1203 1106 (Vera.
1218 1034 1259 1105 5.)
1273 1037 1343 1090 Post
1358 1032 1472 1090 Domini
1488 1032 1658 1107 passionem
1670 1026 1746 1107 quid
1756 1033 1837 1091 aliud

142 1126 304 1185 ιιιιιιιιιιιιι
328 1130 428 1184 auum
456 1144 514 1186 non
538 1128 674 1197 habeam,
698 1124 772 1183 nihil
796 1124 869 1181 milri
891 1140 957 1197 pro-
1012 1122 1096 1194 sequi
1109 1123 1220 1192 debuit,
1236 1122 1294 1180 nisi
1309 1122 1381 1196 quia
1394 1123 1430 1179 de
1444 1138 1565 1196 corpore
1590 1121 1706 1179 Domini
1726 1116 1837 1181 datlen

140 1216 200 1273 dest
212 1218 236 1286 (l
245 1215 307 1273 Cor.
324 1216 388 1283 Ιιιιι,
403 1216 442 1288 2).
458 1236 473 1267 ιι
1012 1212 1113 1268 exivit:
1131 1213 1249 1285 quando
1263 1212 1299 1269 de
1314 1212 1404 1269 latere
1418 1212 1484 1284 ejus
1503 1228 1580 1285 equa
1603 1211 1687 1269 duxit
1714 1216 1743 1270 et
1765 1219 1837 1270 sen-

167 1304 209 1362 lo.
224 1304 364 1378 (Versa.)
377 1304 454 1361 Sunt
469 1304 557 1361 etiam
569 1303 620 1373 qul
636 1304 678 1361 ita
694 1303 882 1376 distinguunt
893 1303 958 1359 :ent
1011 1300 1088 1372 guis,
1109 1317 1167 1373 quo
1196 1300 1354 1357 laetificarit
1381 1300 1497 1357 animas
1524 1297 1741 1370 universatem,
1768 1301 1838 1376 qnid

134 1394 349 1451 transferuntur
363 1397 496 1461 montes;
514 1414 529 1444 ιι
546 1398 579 1449 ut
592 1397 750 1466 sequatur:
768 1414 782 1443 ιι
806 1394 839 1449 ln
863 1391 957 1468 cordi·
1012 1388 1062 1443 illo
1078 1390 1199 1445 ilumine
1214 1389 1285 1444 lavit
1299 1394 1450 1462 peccatum
1466 1388 1556 1446 totius
1580 1389 1708 1447 mandit
1733 1390 1785 1447 list
1804 1391 1837 1448 'ct

134 1483 187 1539 bus
200 1482 293 1541 maris
304 1486 477 1551 sonuerunt,
490 1477 568 1539 aaa
582 1486 612 1539 et
626 1483 749 1539 turbata
779 1484 850 1537 sunt
874 1496 956 1553 aqua
1012 1476 1119 1534 lluvios
1133 1475 1184 1551 qui
1199 1478 1235 1534 de
1258 1478 1337 1534 lidan
1352 1478 1433 1546 exiit,
1447 1482 1478 1535 et
1496 1478 1645 1535 circumiit
1668 1467 1836 1562 uniuersam

133 1572 194 1643 ejus
207 1590 214 1629 :
229 1568 397 1629 conturbati
412 1575 482 1629 sunt
497 1570 653 1630 montesio
669 1570 840 1628 fortitudine
854 1571 928 1642 eius.
941 1590 955 1619 ι
1010 1569 1131 1635 terram,
1149 1567 1277 1626 Verbum
1299 1565 1350 1624 Uei
1374 1581 1433 1640 quo
1462 1568 1618 1641 paradisus
1641 1565 1835 1641 intelligibilis

133 1660 193 1719 Nun
207 1661 289 1719 ιιυιιιι
311 1676 392 1735 uque
417 1676 482 1735 qua
496 1664 614 1732 sonant,
637 1665 725 1734 atque
749 1660 916 1728 turbantur,
928 1665 957 1717 et
1011 1654 1160 1729 irrigatur,
1190 1660 1220 1713 et
1247 1652 1344 1713 omnis
1372 1655 1472 1713 anima
1499 1659 1619 1714 vocatur
1644 1657 1681 1712 ad
1708 1656 1836 1731 gratiam

132 1753 230 1822 poium
245 1750 375 1824 prebere
394 1762 454 1805 uon
478 1750 613 1823 possunt.
639 1748 773 1805 Maitores
795 1752 865 1805 sunt
891 1764 954 1819 qua
1010 1743 1130 1812 Christi,
1148 1745 1270 1802 dicente
1290 1744 1354 1817 ipso
1375 1744 1427 1802 Uei
1454 1744 1567 1802 Verbo:
1592 1767 1604 1796 ι
1625 1742 1654 1801 ai
1670 1744 1738 1819 quis
1760 1743 1835 1813 sitit,

132 1842 347 1910 pertranseunt,
363 1837 441 1895 sicut
455 1838 599 1909 scriptum
624 1840 686 1893 est:
702 1858 717 1887 ιι
742 1838 820 1892 luter
843 1835 955 1892 medios
969 1866 994 1932 B
1010 1833 1107 1889 veniat
1120 1834 1157 1889 ad
1173 1851 1230 1903 me,
1245 1837 1275 1890 et
1288 1834 1380 1891 bibat.
1395 1834 1449 1890 Cui
1464 1845 1518 1907 ago
1531 1826 1638 1892 dedero
1649 1834 1835 1908 aquam,ili1·

130 1927 244 1988 montes
272 1923 494 1997 pertransibunt
517 1940 609 1996 aquae,
632 1926 662 1980 et
688 1923 833 1995 potabunt
852 1938 954 1979 omnes
1010 1920 1091 1977 mina
1107 1922 1144 1977 de
1163 1926 1262 1977 ventre
1286 1923 1351 1992 ejus
1366 1922 1459 1979 iluent
1486 1922 1834 1995 pauperaverunt,

128 2010 230 2067 bestia
256 2010 343 2083 agri:
372 2008 536 2083 suscipient
563 2008 665 2083 onagri
693 2008 723 2065 in
759 2008 839 2065 sitim
868 2025 954 2066 suam
1007 2009 1054 2075 37,
1069 2010 1152 2080 ael..
1181 2010 1221 2065 lix
1243 2006 1293 2063 illo
1316 2008 1396 2064 enim
1421 2008 1507 2065 unico
1532 2010 1581 2064 Uei
1598 2007 1836 2083 Verbaquatdor

65 2126 67 2134 ·
128 2099 205 2157 Paci.
221 2114 282 2167 crrr,
298 2098 344 2168 iti,
360 2098 436 2171 11).»
453 2098 582 2172 Denique
593 2096 643 2153 ubi
654 2097 729 2170 legio
740 2097 953 2155 demoniorum
1008 2096 1164 2154 lluriorum
1179 2095 1342 2169 prudentiae
1357 2098 1386 2152 et
1410 2095 1604 2162 fortitudinia,
1632 2098 1835 2170 temperantia

126 2187 252 2261 petiitet
266 2187 378 2261 aceepit
391 2191 565 2262 potestatem
581 2190 614 2244 ut
630 2186 763 2243 introiret
784 2186 814 2243 in
839 2202 952 2259 porcos,
1008 2200 1125 2259 quoqne
1139 2189 1169 2243 et
1180 2183 1299 2255 justitia
1315 2182 1427 2241 fluenta
1448 2187 1617 2242 manarunt.
1634 2207 1649 2235 ιι
1672 2184 1730 2241 Alli
1753 2185 1834 2243 edim

126 2290 235 2349 magno
248 2277 351 2349 inpetu
367 2293 398 2333 se
414 2276 605 2350 precipitavit
621 2275 650 2331 in
666 2290 747 2331 maro
763 2274 953 2347 (ιιιιιιιβι)
1006 2291 1061 2349 per
1096 2275 1238 2348 Spiritum
1260 2274 1347 2330 datur
1369 2274 1444 2331 m
1469 2287 1567 2333 sermo
1597 2273 1759 2347 sapientia,
1781 2268 1835 2332 aiii

126 2367 156 2421 et
174 2379 259 2437 aquas
287 2364 344 2421 iila
372 2364 468 2439 gragio
495 2365 542 2421 sui
571 2364 798 2438 precipitatione
830 2362 952 2419 turbata
1007 2364 1080 2421 tides
1101 2364 1248 2421 ineodam
1269 2363 1391 2436 Spiritu,
1417 2362 1466 2419 alii
1491 2364 1834 2436 gratiacuratlodnntin
1920 2412 1928 2421 ,

127 2457 208 2509 sunt.
223 2450 300 2509 Alibi
315 2468 431 2527 quoqne
446 2453 523 2509 idem
534 2454 625 2511 Uovid
638 2453 780 2526 propheta
789 2452 832 2509 sie
842 2453 950 2525 posuit:
1008 2469 1066 2509 uno
1090 2453 1212 2525 Spiritu,
1239 2452 1288 2508 ulii
1312 2452 1441 2524 operatio
1467 2453 1644 2510 virtutum...
1669 2453 1735 2510 lice
1753 2455 1834 2511 enim

127 2562 141 2593 ι
157 2540 302 2599 Viderunt
315 2546 345 2597 ts
360 2548 454 2614 aquae,
470 2541 557 2611 Deus,
580 2541 717 2597 viderunt
745 2544 772 2597 te
800 2555 893 2613 aqua,
923 2545 953 2597 et
1007 2545 1145 2614 operatur
1158 2542 1259 2599 omnin
1273 2558 1351 2599 unus
1365 2546 1452 2614 atqua
1464 2540 1542 2598 idem
1552 2542 1690 2615 Spiritus,
1700 2542 1835 2600 dividens

124 2630 291 2687 timuerunt
310 2630 394 2703 (Paci.
412 2646 504 2700 uxum,
521 2631 578 2701 17),
594 2652 609 2681 ι
624 2630 679 2687 hoc
704 2633 759 2698 est,
790 2630 872 2686 bona
896 2629 952 2686 vir·
1006 2631 1135 2704 singulis
1150 2636 1237 2703 prout
1251 2630 1314 2687 vult
1328 2632 1354 2702 (1
1372 2634 1434 2688 Gor.
1459 2646 1512 2699 ιιι,
1533 2630 1563 2701 8,
1586 2631 1642 2703 11).
1668 2652 1678 2680 ι
1706 2630 1740 2687 lri
1763 2636 1834 2689 sunt

122 2722 284 2791 tutaeque
300 2718 386 2775 Verbi
402 2717 528 2777 celestis
554 2718 723 2792 cognitione
742 2724 813 2776 sunt
832 2718 952 2791 placida·
1006 2720 1136 2792 impetus
1145 2720 1358 2785 numinianum
1370 2736 1402 2777 se
1417 2718 1448 2774 in
1462 2718 1588 2791 gratiam
1601 2718 1832 2776 ministeriorum

123 2824 184 2864 non
199 2807 342 2864 soniinet
361 2807 474 2879 fragore
497 2806 653 2865 terribiles.
678 2812 716 2863 De
742 2807 827 2863 malis
852 2811 951 2863 nutem
1006 2808 1185 2880 operationis
1201 2812 1289 2880 atque
1303 2808 1420 2864 virtutis
1433 2807 1834 2881 spontaneadivisionetra'u·

121 2894 283 2955 virtutibus
298 2895 369 2968 quid
387 2894 480 2951 diuiti
495 2916 509 2946 ιι
525 2896 561 2952 lit
574 2897 832 2953 conturbetaesunt
842 2894 949 2969 abyssi,
1005 2894 1113 2951 fundit.

121 2984 288 3042 multitudo
300 2983 416 3042 sonitus
430 2997 575 3057 aquarum
591 2984 708 3057 (lerunt
722 2987 747 3041 et
762 2984 835 3057 18).»
847 2984 951 3057 abyssi
1041 2984 1086 3041 13.
1103 2983 1155 3041 llis
1173 2985 1266 3058 igitur
1279 2985 1412 3043 iluminis
1425 2986 1545 3059 superni
1560 2986 1708 3043 meatibus
1727 2984 1832 3044 oirita's

117 3078 214 3131 Deum
230 3090 292 3131 non
307 3070 448 3142 vident,et
462 3072 527 3129 ideo
542 3072 759 3130 turbationibus
772 3074 949 3146 seniperob·
1004 3072 1056 3130 illa
1070 3074 1099 3129 in
1114 3090 1174 3147 qua
1187 3079 1264 3132 Deus
1278 3074 1434 3141 inhabitat,
1449 3075 1606 3149 irrigetur:
1622 3078 1652 3132 et
1663 3074 1831 3133 sanotiiloa-

118 3162 214 3221 noxie
229 3158 365 3220 suptili
378 3162 513 3235 exposuit
526 3161 597 3233 quid
612 3166 712 3219 essent
726 3161 834 3235 abyssi.
850 3184 864 3213 ιι
877 3162 949 3217 illnl-
1005 3166 1053 3218 tur
1066 3162 1209 3221 altissimi
1224 3163 1458 3233 tubernaculum,
1475 3164 1571 3221 omnis
1586 3164 1686 3222 anima
1700 3172 1767 3239 quae
1785 3164 1830 3221 in-

118 3252 228 3321 titudo,
249 3272 263 3302 ι
278 3250 386 3323 inquit,
406 3272 421 3301 ιι
448 3249 562 3306 sonitus
589 3262 745 3322 aquarum.
774 3271 789 3301 ιι
819 3250 892 3305 Num
920 3230 985 3307 eti}
1005 3251 1335 3309 habitaturachristo:
1353 3252 1397 3309 vel
1412 3268 1520 3327 eorpus
1540 3252 1615 3309 illud
1639 3253 1717 3327 quod
1741 3253 1831 3327 Virgo

117 3340 218 3399 hestia
232 3339 286 3396 illa
303 3337 502 3395 Antichristus
522 3353 558 3393 cx
572 3338 677 3410 abysso
694 3336 836 3404 ascendit,
852 3342 884 3394 nt
898 3339 949 3393 ad·
1004 3340 1163 3412 generavit,
1179 3340 1216 3397 de
1231 3356 1289 3412 quo
1304 3340 1420 3397 Gabriel
1434 3341 1559 3416 angelus
1573 3342 1664 3400 dixit:
1681 3365 1697 3395 «
1707 3342 1830 3415 thtlod

30 3414 34 3423 ’
117 3444 227 3487 versus
253 3426 344 3483 liliam
373 3430 461 3499 etque
484 3424 592 3491 llnooh,
618 3428 707 3497 atque
731 3424 874 3481 loannem
895 3428 951 3496 (87)
1006 3432 1231 3484 nasceturexte
1246 3434 1381 3486 sanctum
1403 3432 1556 3488 vocabitur
1577 3430 1670 3489 lilius
1695 3430 1747 3488 Uei
1772 3429 1831 3488 viti

117 3517 176 3589 qui·
191 3512 529 3590 proptertestimonium
545 3512 662 3569 Domini
680 3514 748 3571 iesu
772 3511 857 3568 terris
882 3516 953 3569 sunt
1005 3516 1083 3585 (Luc.
1099 3532 1119 3583 1,
1134 3516 1191 3586 35).
1208 3538 1223 3566 ιι
1248 3517 1361 3572 Bonum
1388 3519 1620 3590 tabernaculum,
1646 3520 1725 3594 quod
1749 3518 1832 3577 nuile

117 3604 247 3671 redditi,
261 3602 458 3675 praliuretur3
475 3606 508 3659 ut
532 3600 658 3674 legimns
682 3602 712 3657 in
734 3600 858 3659 loannis
880 3603 954 3675 Apo·
1007 3605 1166 3675 potuerunt
1176 3602 1353 3659 obumbrare
1365 3610 1493 3676 peccata.
1501 3607 1680 3665 Admirabile
1691 3608 1836 3682 tempium¹

116 3691 239 3765 calppsi
250 3690 264 3747 ι’
275 3690 322 3747 cul
338 3691 439 3747 datum
454 3693 500 3746 est
513 3706 546 3747 os
562 3688 701 3763 loquendi
727 3704 835 3763 magna
859 3690 950 3763 (Aper.
1008 3690 1069 3759 Dei,
1084 3690 1191 3747 etanta
1204 3690 1342 3759 caleatis,
1358 3692 1436 3763 quod
1451 3691 1583 3751 solutum
1597 3696 1748 3769 eorrumpi
1775 3710 1835 3753 non

116 3798 187 3853 xrrr,
203 3781 244 3853 5),
264 3780 451 3837 utadrersus
466 3784 557 3836 Deum
584 3778 670 3851 plena
692 3778 800 3836 luroris
824 3777 954 3837 convicia
1007 3779 1114 3853 potuit,
1140 3781 1192 3836 sed
1215 3779 1293 3836 intra
1316 3779 1447 3836 triduum
1478 3782 1651 3851 resurrexit,
1676 3783 1837 3840 resumitu-

116 3874 152 3928 et
167 3867 321 3941 sacrilegii
335 3871 516 3941 personaret.
1008 3873 1073 3924 tum
1088 3868 1124 3924 ab
1139 3867 1202 3940 ipso
1217 3868 1268 3941 qui
1285 3873 1420 3925 mortuus
1444 3868 1606 3928 videbatur.
1631 3870 1689 3927 Neo
1713 3870 1833 3940 mirum,

160 3960 209 4015 11.
228 3956 321 4031 (Vera.
338 3957 377 4029 1.)
392 3957 561 4015 sonuerunt
574 3970 643 4030 ergo
656 3970 750 4029 aquae,
767 3956 795 4013 id
813 3960 869 4025 est,
898 3956 955 4013 im·
1009 3958 1128 4030 quando
1153 3956 1233 4014 Deus
1255 3956 1286 4013 in
1309 3956 1405 4014 medio
1432 3956 1559 4016 civitatis
1587 3960 1651 4033 ejus
1679 3962 1753 4028 erat,
1781 3972 1836 4015 neo

116 4045 235 4104 mundi
250 4044 384 4117 spiritus,
408 4060 475 4102 eum
499 4046 690 4103 turbarentur
713 4046 844 4105 videntes
867 4062 956 4119 opera
1010 4050 1176 4104 commotos
1190 4050 1246 4115 est,
1261 4047 1321 4104 sive
1344 4048 1415 4120 quia
1439 4047 1552 4106 nullius
1580 4047 1691 4123 peceati
1717 4048 1836 4122 prolep-

115 4134 187 4204 Dei,
211 4134 243 4189 i'n
269 4133 386 4190 Domini
410 4132 550 4191 salutaris
571 4132 696 4191 adventu
720 4134 955 4209 appropinquare
1010 4136 1093 4193 sione
1107 4140 1272 4193 commotus
1286 4140 1331 4193 est
1346 4136 1397 4193 Uei
1413 4134 1571 4206 Filius,nee
1585 4138 1712 4209 alicujus
1727 4135 1838 4194 erroris

116 4224 182 4282 sibi
201 4220 353 4295 judicium
381 4220 629 4294 pertimescentes.
654 4226 821 4280 sonuerunt
843 4227 872 4279 et
894 4228 956 4279 tur·
1011 4225 1172 4282 offensione
1184 4225 1331 4293 titubavit,
1346 4227 1398 4282 aut
1419 4226 1581 4299 corporalis
1603 4225 1747 4284 illecebra
1769 4238 1835 4282 mu·

117 4312 202 4369 batoe
219 4312 388 4383 sucisque
402 4310 433 4365 in
448 4308 562 4366 Uomini
578 4310 723 4383 passione.
740 4312 820 4368 Unde
844 4317 873 4368 et
896 4312 956 4368 die·
1011 4314 1084 4370 tavit
1110 4314 1256 4387 impulsu;
1288 4314 1348 4371 sive
1377 4313 1448 4386 quia
1477 4330 1536 4371 non
1561 4314 1682 4387 reliquit
1703 4313 1836 4372 animam

117 4404 190 4457 tum
219 4402 284 4457 est:
310 4420 324 4450 ιι
341 4398 435 4463 Οιιιι
460 4398 643 4455 tremuerunt
666 4404 777 4472 gentes,
804 4403 833 4456 et
856 4399 958 4473 populi
1012 4402 1077 4473 ejus
1091 4401 1144 4458 Uei
1157 4400 1262 4474 gratia,
1273 4402 1324 4457 sed
1335 4401 1541 4474 inseparabilis
1555 4402 1585 4459 in
1595 4404 1839 4478 cameracenae

115 4488 265 4547 meditati
280 4490 352 4545 sunt
366 4487 465 4545 inania
479 4487 564 4560 (Psoi.
581 4504 612 4555 ιι,
629 4488 656 4559 1)
671 4508 685 4539 ιι
701 4488 715 4543 ‘l
729 4489 765 4545 Et
780 4486 848 4547 alibi
863 4488 959 4562 Scrip-
1012 4491 1049 4546 ab
1064 4490 1144 4546 omni
1158 4488 1322 4546 colluvione
1341 4488 1440 4545 delicti
1464 4490 1655 4550 immaculate
1677 4493 1837 4551 domarit.

115 4572 201 4634 tura'
214 4574 301 4633 dieii:
321 4596 335 4629 ι
362 4575 449 4632 Periit
476 4575 618 4632 memoria
642 4591 744 4632 eorum
759 4590 825 4632 cum
835 4577 958 4649 strepitu
974 4600 998 4667 ὓ
1014 4578 1097 4636 Unde
1110 4582 1140 4635 et
1153 4576 1190 4633 ad
1206 4578 1319 4634 Patrem
1335 4578 1385 4634 Dei
1400 4576 1492 4635 Filius
1516 4579 1606 4637 dixit:
1634 4600 1647 4630 ι
1671 4580 1729 4639 Νιι
1756 4573 1838 4639 ders-

113 4663 221 4738 (Psal.
239 4680 276 4733 ιι,
291 4664 331 4736 7).
348 4685 363 4714 ι
378 4662 518 4720 Uinbolus
534 4680 641 4721 sonum
658 4663 910 4737 quaril,(lhristus
925 4664 961 4722 si·
1015 4667 1133 4740 linques
1143 4666 1272 4724 animam
1290 4682 1383 4723 meam
1401 4667 1432 4724 in
1448 4667 1561 4727 inferno
1576 4669 1665 4744 (Psoi.
1678 4686 1724 4741 xv,
1751 4670 1805 4743 10).
1823 4689 1838 4718 ι

116 4749 271 4810 lentium.
283 4750 412 4825 lienique
429 4774 443 4805 ιι
459 4750 535 4811 siout
549 4770 643 4827 agnus
658 4770 756 4811 coram
768 4754 906 4811 tondente
917 4770 959 4824 se,
1015 4756 1091 4829 llrgo
1107 4755 1178 4828 qnia
1189 4757 1310 4812 suberat
1322 4756 1349 4813 ei
1364 4772 1416 4813 nec
1431 4757 1462 4813 iu
1477 4774 1564 4816 earne
1587 4774 1718 4833 peecare,
1740 4755 1840 4813 divine

117 4842 169 4901 sic
188 4856 251 4901 non
266 4841 611 4914 aperuiiossuum(lso.
627 4846 744 4914 ιιιι,7).
773 4865 788 4893 ι
813 4844 850 4899 Ει
871 4843 959 4900 alibi:
1016 4844 1076 4901 ait:
1093 4868 1107 4895 ιι
1123 4845 1183 4917 ligo
1197 4844 1228 4898 in
1244 4844 1328 4900 Patre
1342 4848 1372 4900 et
1385 4844 1470 4901 Pater
1482 4845 1514 4902 in
1529 4863 1576 4903 ms
1598 4850 1645 4903 est
1664 4846 1757 4918 (rom.
1779 4858 1840 4913 ιιιι,

119 4954 137 4983 ιι
156 4929 228 4987 Non
244 4928 394 5000 clamabit,
417 4946 511 5003 neque
535 4932 700 5001 contendet,
726 4948 778 4989 nec
802 4932 960 5005 quisquam
1017 4932 1073 5004 10).
1092 4954 1106 4981 ι
1121 4933 1157 4988 lit
1171 4932 1266 4989 alibi:
1287 4954 1298 4984 ι
1316 4934 1456 4991 'traditus
1468 4938 1584 5004 sumet
1598 4950 1656 4990 non
1671 4931 1842 5006 egrediebar

120 5015 237 5077 audiet
250 5018 280 5074 in
296 5018 392 5093 platea
406 5034 504 5076 vocem
518 5020 616 5091 ejus...
633 5022 724 5077 donee
737 5021 836 5092 ejiciat
850 5020 878 5076 in
903 5020 959 5076 vic·
1015 5022 1103 5095 (Psoi.
1120 5038 1244 5091 mxxvii,
1259 5021 1298 5096 9).
1316 5044 1331 5073 ιι
1347 5024 1389 5078 Ab
1410 5040 1443 5079 eo
1468 5022 1568 5095 utique
1592 5037 1651 5078 non
1674 5020 1841 5096 egredieba-

120 5106 369 5181 toriaJudicium
384 5109 393 5181 (
409 5108 503 5165 liniti.
520 5126 571 5175 mr,
592 5108 634 5177 to,
648 5110 703 5179 20;
726 5112 779 5167 lso.
805 5126 865 5179 ιιιι,
890 5111 928 5181 7).
946 5132 960 5159 ι
1017 5114 1076 5179 tur,
1090 5110 1137 5166 cui
1152 5111 1225 5167 dixit
1239 5116 1356 5184 postea:
1374 5134 1388 5162 ι
1405 5110 1725 5179 taurianensem
1743 5114 1841 5169 tecum

122 5198 205 5263 Qua
225 5200 271 5255 eat
297 5196 354 5257 istu
382 5196 439 5253 nisi
464 5197 501 5253 de
525 5200 659 5271 serpente
684 5199 827 5256 victorici
853 5201 882 5255 ln
907 5197 962 5255 hac
1017 5216 1084 5256 sum
1099 5200 1185 5273 (Paul.
1201 5216 1337 5267 cxxxvnr,
1354 5197 1408 5270 18).
1427 5220 1441 5247 ι
1456 5198 1510 5254 Ubi
1525 5203 1625 5256 sutem
1642 5199 1751 5272 aliquis
1771 5215 1842 5273 gra·

120 5283 308 5342 fortitudine
322 5286 386 5343 lilii
402 5285 452 5342 Uei
466 5284 631 5343 conturbati
646 5291 717 5343 sunt
732 5292 864 5345 montes:
894 5302 961 5343 cum
1016 5288 1082 5346 vius
1098 5289 1408 5361 peceat,commovetur
1422 5285 1452 5343 in
1467 5302 1500 5343 eo
1515 5286 1639 5358 Deus,ut
1653 5290 1690 5346 ab
1704 5302 1739 5345 eo
1749 5291 1844 5345 trans·

123 5370 273 5431 diabolus
286 5377 315 5430 et
329 5373 457 5431 ministri
474 5375 538 5447 ejus
553 5373 684 5432 viderent
708 5381 839 5433 mortuos
866 5392 962 5433 resur·
1017 5383 1074 5435 eat.
1091 5377 1173 5434 Unde
1187 5375 1293 5432 etAda
1319 5374 1453 5447 peccanti
1473 5374 1663 5434 deambulare
1687 5376 1767 5433 visus
1786 5379 1841 5446 est,

122 5463 251 5537 gentes.
268 5462 319 5519 lsti
335 5467 534 5521 suntmontes
550 5464 600 5536 qui
616 5464 848 5523 turbantur:illi
876 5482 963 5523 mon·
1017 5469 1046 5523 et
1082 5465 1229 5539 Stephano
1270 5466 1364 5531 stare;
1409 5462 1480 5534 quia
1521 5462 1569 5521 ille
1610 5464 1844 5537 prevaricatione

172 5602 233 5678 (87)
248 5604 386 5673 Quadam
402 5603 472 5661 edit.
489 5605 592 5675 Paris,
619 5614 699 5680 utque
714 5608 835 5667 ioanni:
861 5624 962 5667 emen·
1017 5606 1155 5668 omnibus
1170 5608 1200 5663 st
1214 5620 1285 5665 mss.
1298 5606 1328 5665 et
1341 5604 1411 5665 edit.
1431 5604 1487 5667 soli
1512 5603 1591 5667 lilius
1617 5612 1647 5668 et
1669 5608 1767 5669 lluocb
1779 5624 1843 5669 me·

124 5676 355 5737 damasecod.
382 5674 465 5752 lieg,
488 5680 569 5751 atquc
592 5678 735 5739 ioannem.
762 5681 818 5741 Sed
842 5680 872 5743 iu
897 5680 963 5741 aliis
1018 5684 1180 5743 morantur.

301 5806 431 5871 Persou.
455 5802 536 5873 xlv.
1642 5803 1683 5873 ³8
