4159 6184
587 306 781 378 teotonis
803 304 1026 378 onomatis
1047 309 1185 378 navio.
1199 342 1240 360 -
1259 307 1499 378 absentato.

178 446 283 504 omnia
297 446 395 506 habeo
411 466 418 518 ;
435 445 506 522 quia
520 447 669 506 Christum
683 447 788 517 habeo,
805 445 854 503 cui
869 447 954 503 Pater
970 446 1011 504 al·
1026 459 1053 527 A
1069 451 1187 504 terrena
1200 446 1304 504 omnia
1318 446 1483 507 abscondat
1496 450 1615 523 oblivio,
1631 459 1661 512 et
1675 456 1730 516 liat
1743 459 1822 517 Deus
1840 475 1903 516 cor-

177 535 352 593 tissimus«
370 553 428 594 non
444 538 573 612 pepercit
590 555 597 605 ;
614 537 664 594 scd
683 553 735 609 pro
757 536 841 592 nolio
870 537 1011 592 cornil-‚ns

179 625 305 682 tradidit
319 627 405 684 iilum
422 644 428 683 :
447 627 592 698 quomodo
607 641 676 700 ergo
692 641 749 682 non
764 641 833 682 cum
848 625 900 682 iilo
912 626 1014 682 omnia

181 715 272 772 nobis
286 716 407 773 donavit
422 717 509 788 (dorm
526 733 587 786 viu,
615 715 662 788 32)
679 733 685 784 ;
715 737 729 766 o
744 715 821 772 siout
852 714 1013 787 Apostolus

181 804 403 862 dixittOmnia
417 805 496 862 cuim
511 805 541 861 in
557 805 683 873 Christo,
700 821 751 878 per
779 819 867 878 quem
897 804 1012 871 omnis,

184 898 213 950 et
225 895 255 949 in
271 909 328 966 quo
344 898 481 951 constant
495 894 605 951 omnia.
622 894 727 951 Omnia
741 909 810 967 ergo
826 893 855 947 iu
876 891 927 948 illo
957 892 1014 949 ha-

183 983 267 1052 bens,
283 981 371 1040 aliam
384 999 445 1038 uon
457 998 555 1055 quero
571 984 747 1051 mercedem,
763 981 833 1055 quin
847 981 909 1053 ipse
931 997 1015 1037 mer-

183 1087 231 1127 ces
245 1075 289 1127 est
304 1071 655 1144 universorumldeoque
670 1072 795 1145 perfecto
811 1070 884 1127 dixit
900 1086 906 1126 :
924 1068 1015 1126 «Tol-

181 1159 208 1216 le
223 1175 338 1216 crucem
356 1163 451 1228 tuam,
469 1167 497 1216 st
507 1176 629 1233 sequere
645 1177 691 1217 me
711 1161 803 1233 (flare.
818 1176 878 1226 vm,
907 1159 964 1230 34).
989 1181 1015 1208 ¹o

171 1247 237 1312 ¹Qui
251 1247 334 1304 illum
350 1249 499 1322 sequitur,
518 1265 575 1304 non
591 1249 711 1322 premio
731 1249 850 1306 ducitur
878 1249 914 1306 ad
943 1263 1012 1321 per-

184 1337 336 1394 fectionem
357 1355 364 1394 :
383 1339 437 1394 sed
448 1337 625 1410 perfectione
639 1342 863 1395 consummatur
876 1337 912 1394 ed
937 1353 1012 1411 pra·

185 1425 287 1483 mium.
303 1426 474 1484 linitatores
486 1427 567 1483 cuim
583 1425 689 1484 Christi
705 1445 762 1485 non
779 1429 898 1502 propter
925 1443 1011 1500 spem

184 1515 252 1572 boni
267 1519 344 1583 sunt,
360 1515 414 1572 sed
431 1532 483 1588 pro
499 1531 599 1572 amore
614 1517 740 1573 virtutis.
765 1516 900 1574 Christus
929 1516 1011 1572 enim

183 1621 236 1678 per
249 1609 394 1673 naturam,
410 1605 520 1671 bonus,
536 1621 595 1660 non
612 1609 729 1678 propter
739 1605 851 1678 proemii
866 1605 1010 1678 cupidita·

182 1697 251 1749 tem.
267 1693 334 1749 ideo
347 1709 458 1765 passus
473 1698 530 1759 est,
552 1693 622 1766 quia
649 1693 817 1751 benefacere
844 1695 1008 1761 delectavit,

181 1782 323 1854 nonquia
348 1781 568 1840 incrementum
597 1782 694 1855 gloria
724 1799 758 1839 sa
787 1800 843 1840 sua
872 1785 1010 1858 passione

181 1871 337 1944 querebat.
354 1871 421 1928 ldeo
437 1870 491 1944 qni
507 1870 592 1926 illurn
608 1871 717 1928 imitari
734 1874 826 1945 cupit,
843 1889 900 1930 non
930 1873 1009 1945 quod

181 1959 250 2026 sibi,
266 1959 315 2016 sed
331 1961 409 2034 quod
425 1960 494 2018 aliis
507 1961 610 2034 prosit,
627 1965 772 2032 operatur.
791 1961 873 2019 [lude
888 1979 946 2019 nou
957 1962 1012 2018 im·

179 2049 286 2106 merito
301 2049 398 2106 delicit
411 2050 481 2116 sibi,
499 2049 566 2106 aliis
581 2053 680 2106 autem
694 2049 812 2108 virtutis
829 2051 1011 2108 incremento

177 2137 311 2195 valescit.

216 2227 263 2284 29.
277 2229 313 2284 ut
322 2229 530 2285 convenienter
544 2227 615 2282 dicit
631 2243 637 2282 :
654 2250 668 2278 n
699 2227 809 2284 Defecit
833 2247 882 2286 cor
909 2245 1010 2286 meum

179 2320 292 2373 etcsro
307 2316 656 2384 mea,l)euscordismei
685 2317 772 2388 (Psoi.
803 2335 890 2388 uxxn,
920 2319 977 2392 26).
995 2340 1009 2368 »

178 2405 282 2478 Neque
295 2407 371 2462 enim
388 2412 516 2480 pessimi
528 2407 669 2477 perpetua
683 2407 848 2475 succedere,
864 2406 922 2464 nisi
951 2411 1008 2464 ter-

179 2511 254 2552 rena
267 2495 432 2552 defecerint.
449 2495 555 2551 Deficit
569 2509 637 2567 ergo
652 2509 728 2561 caro,
746 2495 864 2567 quando
884 2497 1009 2553 mortiti-

178 2587 362 2657 cantorque
390 2589 458 2640 sunt
486 2581 625 2639 carnalia-
657 2583 801 2639 Deficiunt
829 2589 858 2641 et
884 2583 927 2641 illi
957 2585 1008 2657 qui

178 2671 434 2729 mortificationem
449 2673 523 2728 lesu
536 2669 643 2728 Christi
659 2671 688 2725 in
704 2687 759 2728 sus
773 2688 860 2730 cerne
884 2675 1009 2730 circum-

178 2761 280 2817 ferunt
296 2780 303 2829 ;
319 2779 398 2818 mors
415 2761 494 2818 enim
510 2759 619 2816 Christi
629 2760 659 2816 in
675 2758 735 2816 illis
750 2767 1007 2833 operatur,utom·

1070 535 1117 591 dis
1131 553 1246 602 rorum,
1264 535 1315 607 qui
1331 536 1409 593 beati
1430 540 1544 598 mundo
1572 544 1659 602 corde
1687 545 1780 604 Deum
1806 547 1905 604 odere

1069 630 1243 683 mereantur
1260 641 1268 694 3
1285 629 1319 682 ut
1334 628 1574 703 appropinquent
1587 633 1652 699 tibi,
1668 639 1697 691 et
1711 653 1771 693 noo
1799 653 1832 693 se
1856 653 1902 692 se-

1070 718 1204 788 gregent.
1222 711 1302 771 Deus
1318 713 1396 772 enirn
1413 720 1601 791 appoprisns,
1615 739 1674 780 non
1704 723 1839 797 repulsor
1853 741 1904 798 ap·

1071 803 1339 876 propinquantium
1353 808 1400 862 eet
1416 824 1423 872 ;
1439 809 1579 866 omnibus
1602 813 1682 869 enim
1705 813 1770 870 vult
1795 812 1902 871 salutis

1072 907 1163 949 causa
1176 907 1254 961 esse,
1271 909 1330 949 nou
1345 897 1460 954 mortis.
1475 894 1606 972 Denique
1618 901 1767 959 neminem
1786 902 1903 975 repellit

1072 980 1130 1038 nisi
1142 982 1193 1055 qui
1209 999 1241 1038 se
1256 982 1294 1038 ab
1309 982 1374 1054 ejus
1388 992 1543 1056 conspectu
1554 991 1701 1060 putaverit
1710 996 1901 1062 sequestran-

1072 1070 1154 1126 dum.

1105 1161 1149 1215 30.
1172 1159 1353 1227 «Quoniam
1384 1178 1460 1230 ecoe,
1479 1163 1587 1236 inq-uit,
1608 1166 1659 1238 qui
1692 1164 1835 1240 elongant
1868 1185 1900 1225 se

1068 1256 1143 1317 ate,
1163 1248 1304 1322 peribunt
1322 1249 1400 1321 (ibid.
1435 1251 1492 1323 2⁷).
1526 1273 1541 1302 o
1575 1253 1785 1326 Unusquisque
1817 1257 1898 1314 enim

1067 1338 1207 1410 operibus
1226 1337 1291 1394 suis
1310 1338 1411 1411 pietati
1431 1343 1487 1396 tuas
1507 1357 1571 1398 rese
1589 1348 1641 1400 aut
1656 1343 1759 1414 jungit
1782 1348 1833 1398 aut
1851 1361 1897 1402 se·

1067 1430 1160 1498 parat.
1182 1426 1367 1500 rogitantur
1386 1428 1480 1485 licum
1504 1429 1556 1502 qui
1586 1436 1725 1504 operatur
1757 1448 1801 1498 rc,
1822 1450 1897 1506 quo-

1067 1531 1133 1571 rum
1151 1515 1353 1590 cognitionem
1372 1520 1485 1574 metuat
1504 1518 1713 1591 deprehendi;
1743 1521 1821 1576 sicut
1848 1523 1897 1582 illc
2009 1592 2011 1595 ¹

1065 1604 1117 1676 qui
1136 1607 1232 1660 tectus
1258 1604 1421 1676 parietibus
1450 1610 1480 1661 at
1511 1605 1711 1664 circumfusus
1729 1610 1859 1668 tenebris
1879 1632 1893 1671 a

1066 1692 1191 1749 Domino
1210 1693 1269 1750 Dec
1288 1691 1522 1751 sess‘existimat
1540 1711 1600 1753 nou
1625 1696 1718 1753 videri
1737 1716 1744 1753 :
1777 1699 1895 1759 videtur

1065 1786 1165 1837 autern
1185 1797 1253 1837 cum
1273 1804 1288 1833 «
1309 1781 1465 1839 Perdidisti
1492 1799 1595 1840 omnes
1625 1785 1677 1857 qui
1712 1786 1895 1847 tornicantur

1067 1870 1288 1942 abstollere),
1308 1891 1323 1921 a
1344 1869 1426 1927 Sicut
1443 1871 1522 1927 enim
1542 1871 1650 1929 mulier
1674 1889 1739 1946 que
1769 1875 1893 1935 fornica-

1067 1964 1126 2028 tur,
1146 1977 1204 2017 nou
1224 1959 1353 2016 adheret
1370 1961 1442 2029 viro,
1464 1977 1517 2016 nec
1544 1975 1605 2016 una
1634 1977 1702 2018 caro
1735 1979 1802 2020 cam
1832 1965 1894 2022 viro

1067 2065 1130 2117 suo,
1152 2066 1206 2106 nec
1225 2065 1304 2104 unus
1323 2047 1445 2120 spiritus
1463 2053 1510 2106 est
1533 2066 1540 2118 ;
1560 2050 1611 2106 sed
1629 2049 1735 2107 dividit
1763 2070 1829 2110 sess
1859 2071 1894 2111 ao
2004 2065 2009 2071 ‘

1066 2142 1185 2210 separat
1202 2137 1374 2194 fornicando
1396 2154 1402 2191 :
1426 2137 1469 2193 ita
1499 2153 1683 2212 quecunque
1715 2140 1816 2198 anima
1833 2157 1892 2200 non

1066 2226 1196 2282 adheret
1213 2225 1282 2290 Deo,
1317 2226 1368 2282 sed
1401 2226 1485 2282 vanis
1513 2225 1660 2283 idolorum
1690 2227 1820 2286 cultibus
1847 2231 1893 2286 in·

1066 2314 1195 2372 serviens
1214 2314 1384 2380 fornicatur,
1409 2314 1515 2371 dividit
1534 2332 1568 2371 sc
1598 2316 1745 2391 sacrilegii
1778 2319 1891 2376 sevite-

1064 2409 1094 2460 te
1114 2405 1203 2476 (31),
1235 2408 1265 2460 et
1297 2403 1384 2476 longe
1418 2404 1451 2458 frt
1483 2420 1502 2460 a
1533 2405 1669 2475 Domino,
1703 2423 1769 2480 qun
1802 2423 1892 2483 prope

1064 2510 1130 2550 esse
1148 2495 1277 2550 deberet.
1297 2493 1376 2549 Perit
1393 2497 1494 2549 autem
1514 2492 1565 2566 qui
1584 2501 1738 2567 separatur
1757 2514 1774 2552 a
1793 2495 1889 2554 Domi-

1064 2599 1113 2639 no.

1098 2673 1144 2727 31.
1162 2671 1244 2728 Unde
1258 2675 1379 2727 sanctus
1394 2667 1445 2741 qui
1473 2671 1520 2726 Dei
1532 2671 1680 2743 judicium
1708 2675 1886 2743 reformidat,

1063 2775 1180 2833 semper
1193 2760 1340 2817 adherere
1353 2757 1418 2815 ruit
1430 2757 1558 2828 Christo,
1573 2764 1602 2817 et
1615 2760 1644 2817 in
1660 2779 1694 2819 eo
1710 2780 1791 2837 spem
1803 2781 1887 2821 suam

178 2849 229 2906 nis
245 2867 377 2907 errorum
402 2849 547 2907 moriatur
572 2846 717 2906 illecebra.
747 2849 831 2908 Unde
860 2851 1008 2926 colligitur
1063 2865 1180 2922 ponere,
1197 2846 1615 2918 utloudetliominumllbid.
1631 2851 1811 2924 28),ouiest
1836 2853 1887 2910 lto·

180 2938 255 3010 quia
268 2944 297 2996 et
315 2955 363 2996 cor
373 2939 506 2996 hominis
520 2937 627 3009 delicit,
644 2938 763 3011 quando
791 2941 1008 2997 mortificantur
1063 2955 1125 3007 nor,
1142 2937 1244 3013 gloria,
1256 2937 1435 3012 perpetuitas
1448 2953 1466 2993 a
1480 2938 1608 3009 seculis,
1627 2946 1658 2998 et
1673 2957 1752 2998 nuuc
1766 2948 1794 3008 et
1808 2959 1886 3000 sern-

176 3027 371 3102 cogitationes
391 3026 486 3096 male,
504 3043 569 3101 que
585 3027 621 3084 de
651 3028 738 3085 corde
765 3030 948 3102 procedunt;
973 3033 1005 3085 ut
1062 3045 1124 3102 per,
1140 3032 1169 3084 et
1182 3043 1234 3102 per
1247 3027 1347 3083 onioia
1360 3025 1468 3084 sucula
1487 3028 1672 3088 soculorum.
1695 3033 1797 3088 Amen.

159 3227 161 3230 .
213 3177 270 3252 (34)
287 3179 395 3237 Omnes
410 3181 479 3238 edit.
496 3179 843 3248 conscisceremus,
858 3197 961 3240 omues
976 3197 1060 3246 mss„
1074 3180 1219 3251 socttccii
1231 3180 1363 3238 tunimo.

172 3358 1886 3391 m

335 3505 389 3590 ln·
435 3501 775 3590 APOLOGIAM
817 3501 1131 3590 PuOPHuTAE
1177 3501 1349 3588 DAVlD
1397 3503 1724 3595 ADMONl'llO

173 3767 175 3772 ’
210 3770 348 3828 Nonnulli
366 3773 439 3844 (cap.
456 3787 562 3836 anum.
581 3769 607 3842 1)
623 3785 691 3824 cum
707 3767 859 3825 historiam
876 3768 967 3828 David
984 3769 1159 3844 perlegendo
1175 3771 1290 3824 tantum
1306 3767 1479 3842 prophetam
1494 3787 1528 3826 ac
1543 3787 1642 3846 regem
1658 3776 1717 3828 tarn
1745 3778 1882 3831 sanctum

171 3862 204 3918 in
220 3861 372 3934 geminum
387 3859 494 3928 scelos,
521 3856 657 3914 adulterii
673 3856 785 3913 scilieet
798 3861 888 3932 atque
903 3857 1065 3918 homicidii.
1082 3856 1222 3914 incidisse
1235 3856 1452 3931 cognovissent,
1468 3857 1660 3916 offensionem
1677 3860 1756 3916 haud
1774 3864 1882 3920 madio·

172 3967 254 4008 crem
271 3948 349 4021 passi
365 3949 490 4004 lucrant.
507 3929 688 4019 Quapropter
701 3925 795 4017 liujus
809 3945 851 4001 rei
865 3947 986 4022 vulgato
1001 3945 1183 4014 rumusculo,
1199 3954 1322 4002 sanctos
1348 3945 1532 4013 ambrosios,
1549 3949 1586 4003 ad
1611 3946 1753 4004 utilitates
1783 3950 1882 4025 populi

172 4039 221 4095 sui
238 4054 399 4111 numquam
415 4054 473 4092 uon
488 4035 629 4105 intentus,
643 4035 714 4090 huic
728 4034 805 4090 malo
821 4037 936 4108 putavit
951 4040 1065 4094 mature
1080 4035 1407 4106 occurrendum.ltaque
1421 4050 1538 4090 sacrum
1553 4041 1726 4111 suggestum
1743 4051 1882 4093 conscen-

173 4127 259 4194 dens,
275 4125 473 4183 defensionem
490 4124 622 4196 ejusdem
638 4122 787 4196 propheta·
801 4139 834 4179 ac
850 4123 928 4199 regis
943 4139 1101 4200 aggressus
1116 4128 1171 4179 est.
1187 4122 1287 4196 Neque
1297 4128 1401 4180 tamen
1418 4122 1515 4194 ipsum
1531 4123 1572 4180 ita
1587 4123 1716 4197 suscepit
1728 4123 1882 4182 defenden-

172 4217 258 4284 dum,
274 4219 308 4271 ut
322 4232 339 4272 a
354 4214 475 4270 crimine
489 4214 652 4270 immunem
666 4216 818 4269 assereret.
835 4215 954 4270 Fatetur
969 4213 1117 4288 siquidem
1132 4213 1207 4284 (cup,
1226 4216 1239 4267 1
1254 4217 1283 4269 et
1297 4210 1373 4283 seql
1387 4210 1471 4267 illurn
1486 4213 1602 4271 duobus
1617 4212 1800 4286 gravissimis
1815 4231 1880 4286 pcc·

171 4304 248 4360 catis
262 4301 440 4359 maculatum
457 4299 547 4360 fuisse
563 4317 570 4356 :
586 4305 616 4356 et
630 4317 696 4358 reru
713 4299 861 4358 contendit
875 4304 1013 4362 eunden
1029 4302 1189 4359 accelerata
1206 4300 1391 4360 confessione
1406 4301 1482 4372 (cap.
1498 4302 1537 4373 2),
1571 4301 1683 4374 prolixa
1710 4301 1879 4372 punitentia

169 4399 249 4465 (cup.
266 4393 304 4464 l),
320 4401 348 4448 et
360 4390 508 4446 indefesso
523 4390 666 4446 bonorum
682 4404 804 4461 operum
819 4387 919 4446 studio
948 4391 1024 4464 (cap.
1040 4392 1059 4446 6
1073 4390 1190 4461 etseq.)
1205 4389 1366 4462 expiatum,
1383 4392 1415 4443 ut
1435 4387 1501 4458 jam
1517 4389 1721 4462 peccatoribus
1750 4405 1818 4446 curn
1836 4407 1881 4447 ac·

171 4496 294 4538 ceramo
309 4496 397 4551 quern
412 4479 536 4550 ipsemet
548 4477 626 4532 Deus
640 4477 804 4534 absolverat
818 4477 893 4550 (cap.
911 4480 927 4534 t
942 4483 971 4536 et
985 4477 1206 4551 alibi),ruinime
1219 4477 1321 4536 liceret
1337 4493 1344 4531 t
1360 4480 1498 4532 ceterum
1522 4477 1753 4551 haudquaquam
1781 4479 1877 4537 insoli·

169 4575 237 4624 tum
252 4569 354 4634 videri,
371 4568 448 4640 quod
463 4565 633 4622 tentationis
647 4569 676 4620 et
689 4565 932 4638 concupiscentiae
946 4568 973 4624 vi
990 4566 1278 4624 succubuerithomo
1294 4564 1407 4637 fragilis
1421 4566 1497 4638 (cap.
1514 4566 1526 4622 l
1544 4572 1574 4622 et
1600 4569 1693 4641 alibi),
1723 4568 1774 4624 sed
1805 4569 1878 4626 illud

170 4674 295 4731 prorsus
309 4657 442 4714 omnium
458 4641 651 4712 admiratione
664 4654 798 4728 dignum,
815 4656 892 4726 quod
905 4673 955 4712 rex
968 4654 1194 4730 potentissimus
1209 4656 1258 4727 qui
1275 4654 1373 4728 legum
1389 4654 1541 4712 severitate
1556 4673 1614 4711 nou
1630 4657 1793 4721 tenebatur,
1817 4665 1878 4714 sta·

169 4746 226 4802 tim
241 4750 329 4818 atque
343 4745 379 4802 dc
394 4743 552 4801 commisso
568 4747 684 4815 peccato
701 4742 756 4798 fuit
770 4741 949 4812 admonitus,
961 4744 1078 4818 culpam
1095 4743 1255 4816 agnoverit,
1270 4759 1394 4816 eamque
1408 4743 1522 4801 sincero
1537 4761 1571 4800 oc
1586 4744 1750 4801 vehementi
1778 4745 1876 4802 dolore

170 4833 320 4892 deleverit.
335 4832 424 4890 Addit
437 4831 485 4888 his
500 4835 695 4888 memoratum
712 4830 829 4904 lapsum
846 4847 910 4888 eam
927 4833 1037 4890 obrem
1053 4833 1151 4889 divino
1166 4831 1345 4904 permissura
1360 4831 1493 4899 consilio,
1506 4836 1541 4888 ut
1554 4833 1633 4890 Nem
1648 4831 1729 4889 illes
1752 4834 1876 4903 posteri-

168 4925 241 4981 tatis
253 4922 420 4995 exemptum
435 4918 609 4976 humiliatos
624 4924 807 4978 exerceretur
822 4935 855 4976 ac
869 4922 1045 4994 probaretur
1058 4923 1133 4994 (cap.
1149 4925 1209 4976 2et
1222 4921 1251 4990 3)
1269 4939 1275 4990 ;
1294 4937 1388 4995 neque
1403 4938 1461 4978 uon
1475 4923 1507 4978 in
1521 4922 1577 4977 hoc
1590 4921 1655 4993 ipso
1681 4920 1813 4991 mysterii
1846 4921 1877 4976 li·

168 5027 276 5086 goram
292 5010 422 5067 extitisse
437 5011 512 5083 (cap.
529 5010 569 5081 3),
584 5025 649 5080 qua
663 5009 845 5066 atrocitatem
861 5025 940 5066 noxas
954 5011 1112 5067 minueret.
1129 5015 1291 5076 Postremo,
1303 5027 1362 5068 non
1378 5011 1479 5082 paucis
1492 5009 1640 5084 preclaris
1654 5024 1688 5065 ac
1703 5007 1812 5064 sanctis
1828 5027 1874 5064 ac·

167 5099 300 5157 tionibus
316 5103 390 5172 (cap.
405 5101 424 5154 d
437 5103 465 5154 et
480 5099 554 5172 seq.)
570 5097 678 5170 quibus
693 5097 835 5170 Propheta
852 5097 989 5159 delictum
1005 5098 1109 5157 texerit
1122 5115 1222 5165 suum,
1238 5099 1443 5166 dinumeratis,
1453 5099 1583 5154 affirmat
1596 5114 1664 5153 cum
1680 5093 1737 5154 alio
1752 5102 1874 5168 patrono

167 5188 249 5246 haud
265 5187 397 5261 indigere
414 5205 421 5256 ;
437 5185 674 5259 quandoquidem
690 5189 718 5242 et
732 5183 847 5257 psalmo
861 5203 887 5250 n,
901 5203 959 5258 quo
972 5192 1003 5244 et
1017 5194 1112 5244 actum
1128 5187 1181 5243 aba
1196 5204 1227 5243 se
1241 5185 1443 5260 penitentiam
1454 5191 1483 5242 et
1492 5186 1681 5257 impetratam
1690 5183 1807 5242 reniam
1819 5192 1875 5244 tes-

165 5282 250 5335 tatus
265 5281 309 5333 est
325 5277 399 5349 (cap.
415 5279 474 5331 ttet
488 5282 574 5347 seq),
589 5289 673 5330 suom
690 5275 752 5347 ipsa
766 5273 885 5346 reliquit
898 5275 1072 5349 apologiam.
1089 5275 1149 5332 line
1163 5277 1206 5331 vir
1219 5281 1340 5332 sanctos
1355 5275 1468 5346 prebat,
1484 5273 1563 5329 brevi
1578 5273 1748 5346 quidemst
1759 5274 1874 5347 elegan-

166 5367 203 5430 ti,
219 5365 353 5422 cmnium
367 5365 499 5435 eiusdem
514 5363 620 5436 psalmi
633 5375 772 5420 versuum
787 5362 981 5431 enarratione,
998 5363 1028 5419 in
1043 5381 1104 5437 qua
1117 5363 1195 5421 uictu
1206 5369 1235 5418 et
1249 5364 1280 5419 in
1293 5368 1355 5419 toto
1369 5378 1457 5434 opere
1471 5360 1611 5434 mattam
1625 5363 1772 5434 quasdam
1787 5379 1873 5437 expo·

167 5457 303 5521 sitiones,
319 5453 546 5517 obser-vationes,
562 5451 837 5524 adhortationesque
851 5450 979 5510 morales
994 5454 1030 5510 ad
1046 5452 1147 5526 populi
1172 5452 1249 5524 apud
1265 5468 1352 5524 quem
1376 5451 1464 5507 rerba
1491 5450 1627 5519 fauebat,
1655 5450 1872 5511 iustitutionem

168 5549 378 5706 ⁵plplglttlrujus
393 5631 490 5705 operis
504 5628 712 5688 constitutione
728 5629 800 5687 satis
815 5628 964 5704 intelligas
978 5632 1008 5688 in
1025 5630 1152 5688 editione
1168 5629 1298 5687 Romana
1313 5644 1418 5702 parum
1431 5629 1653 5692 consuitelllutl
1679 5635 1783 5692 contra
1811 5649 1871 5688 ma-
