4159 6184
132 324 196 396 233
775 329 1050 394 ausubusacta
1071 330 1146 394 tls.
1170 331 1208 395 V.
1779 330 1839 394 234

132 465 264 533 veniant,
279 462 410 520 tribunis
425 462 553 520 militum
569 463 670 520 littera
693 463 870 538 diriguntur,
900 465 962 521 dies
975 463 1159 534 Amysterio
1174 463 1247 520 dixit
1262 463 1398 520 Salomon
1414 463 1443 519 in
1473 462 1634 536 sapientia:
1664 463 1749 520 Novit
1761 465 1839 520 tem·

133 555 295 622 statuitur;
311 555 341 610 et
368 551 501 628 plerique
515 553 551 608 ad
566 552 629 608 die's
658 555 784 609 statutos
812 569 963 610 occurrere
1017 569 1074 625 pus
1089 553 1178 609 eundi
1194 557 1280 626 atquc
1297 552 1456 609 redeundi:
1473 551 1552 609 navit
1579 555 1696 625 tempus
1724 551 1841 624 periun-

133 660 192 700 ncn
207 643 420 716 queantouis
445 641 605 714 imperator
627 641 758 713 piscibus
786 646 961 714 preceptum
1017 641 1122 698 ationis
1137 646 1166 698 et
1185 641 1364 714 jactationis,
1382 644 1411 697 et
1437 641 1516 698 novit
1539 645 1570 697 ut
1599 635 1657 697 noh
1673 643 1761 714 queat
1779 639 1841 697 lalli

134 731 241 788 dedita
253 729 326 795 Quis
340 730 443 787 doctor
455 730 534 786 benc
545 730 650 788 tribuit
670 730 880 804 disciplinam?
908 729 963 797 Qui
1017 730 1115 801 (blacta.
1133 747 1175 794 111,
1191 730 1272 802 2-8);
1289 730 1358 802 quia
1375 747 1432 785 non
1443 729 1564 786 rationis
1582 729 1784 794 aestimatione,
1813 731 1842 785 et

134 825 293 877 metatores
308 820 415 876 itinera
428 819 613 891 disponunt?
625 819 680 884 Qui
699 820 789 876 duces
809 820 865 876 iter
891 819 961 875 diri·
1017 818 1226 891 disputationis
1241 823 1413 892 argumento
1436 819 1540 886 utitur,
1571 821 1622 874 sed
1650 817 1842 891 inspiratione

134 916 219 984 grint,
235 913 269 965 at
282 907 395 964 nullius
410 909 486 964 desit
502 909 664 964 occursus?
678 909 734 964 Sed
749 925 875 982 agnosco
894 910 962 981 qais
1016 912 1139 972 nature,
1162 925 1225 979 que
1240 923 1308 963 vera
1327 912 1371 962 eat
1396 908 1538 981 magistre
1561 907 1688 980 pietatis.
1713 906 1847 978 Denique

131 997 185 1054 ille
212 999 252 1054 ait
263 996 434 1070 imperator,
451 996 503 1068 qai
513 996 696 1053 ordinatione
711 998 810 1054 divina
825 998 961 1054 sensibus
1017 1012 1119 1052 omues
1135 996 1299 1052 animantes
1315 996 1482 1068 praescripta
1497 995 1605 1052 habent
1619 995 1751 1067 pariendi
1766 999 1841 1051 tem-

131 1088 337 1143 aniversoram
354 1103 442 1142 suum
453 1087 590 1142 infundat
603 1085 771 1158 imperium.
788 1088 839 1160 qui
853 1088 961 1144 tacitus
1017 1101 1097 1156 pora,
1114 1085 1201 1140 home
1218 1084 1466 1141 solusindiscreta
1479 1089 1565 1156 atque
1579 1085 1707 1140 contusa.
1721 1083 1843 1155 Reliqua

132 1175 225 1230 matis
240 1174 441 1231 animantibus
469 1173 612 1229 naturalis
637 1175 800 1246 discipline
828 1176 960 1232 ordinem
1015 1189 1124 1245 genere
1152 1173 1335 1229 elementiam
1366 1173 1506 1245 temporis
1535 1177 1678 1245 quarunt,
1705 1171 1842 1228 mulieres

131 1264 332 1334 tribuat3nec
360 1261 456 1319 solum
484 1279 594 1335 magna
620 1264 763 1336 penetret,
793 1264 844 1320 sed
872 1265 959 1320 etiam
1017 1259 1841 1334 solapnrtussuosinclementerellundunt.Vagaanim

129 1368 183 1424 per
198 1352 326 1407 minima
339 1367 461 1425 queque
481 1367 513 1408 se
526 1352 638 1408 fundat.
655 1352 765 1408 Divinas
777 1352 851 1425 legis
870 1353 961 1424 piscis
1014 1352 1044 1405 et
1058 1350 1258 1422 intemperans
1278 1351 1367 1406 libido
1396 1351 1555 1423 generandi
1583 1365 1685 1423 vagam
1709 1349 1842 1422 pariendi

127 1440 315 1514 obsequitur,
330 1445 360 1496 et
372 1440 506 1497 homines
514 1440 735 1496 contradicenti
752 1441 844 1498 Piscis
854 1440 960 1497 solem·
1014 1442 1127 1494 atatem
1143 1440 1268 1496 exhibet.
1286 1440 1382 1496 Pisces
1399 1443 1480 1495 tanto
1506 1439 1598 1494 maria
1625 1437 1840 1507 transmittunt,

126 1530 208 1585 niter
221 1529 347 1585 obaudit
361 1530 500 1586 mandata
526 1528 665 1597 coelestia,
688 1535 718 1585 et
745 1530 881 1586 homines
909 1531 960 1588 θ’
1016 1532 1049 1582 ut
1063 1527 1219 1584 utilitatem
1243 1528 1373 1601 aliquam
1402 1529 1501 1601 generi
1530 1545 1584 1584 suo
1613 1531 1757 1600 querant.
1782 1522 1841 1585 Nos

125 1617 342 1674 irritalaciant
369 1618 420 1673 Ilei
449 1619 615 1690 praeceptat
659 1625 705 1674 An
733 1618 961 1691 contemptibilis
1016 1617 1842 1690 qaoquediffusaeqaoratransfretamus:sedquanto

121 1706 408 1779 tibiaidetur,quia
432 1710 602 1772 mutasset,
628 1707 810 1780 rationisque
833 1706 961 1780 expers?
1016 1704 1179 1772 honestius,
1203 1708 1279 1778 quod
1296 1705 1493 1762 successionis
1508 1723 1617 1777 amore,
1646 1722 1734 1778 quem
1764 1705 1846 1779 quod'

122 1796 179 1851 Sed
196 1794 264 1850 vide
274 1810 311 1850 ne
325 1800 358 1851 ta
373 1794 428 1851 tibi
443 1794 538 1870 magis
552 1795 678 1868 incipias
688 1813 753 1852 esse
768 1796 959 1869 conmmptui,
1015 1795 1145 1866 pecuniae
1157 1795 1294 1851 aviditate
1308 1795 1489 1868 suscipitur?
1504 1794 1635 1868 Denique
1654 1793 1714 1850 illis
1731 1794 1767 1850 ad
1782 1794 1843 1867 pie·

119 1886 147 1939 si
205 1877 399 1940 irrationabili
440 1882 667 1940 irrationabilior
717 1884 958 1957 deprehendaris.
1015 1884 1267 1950 tatem,nobisad
1283 1889 1428 1956 questum
1458 1883 1644 1941 transmissio
1674 1883 1840 1958 deputatur.

120 1972 206 2038 Quid
225 1976 324 2028 autem
348 1971 554 2027 rationabilius
582 1972 637 2028 hae
666 1973 792 2043 piscium
821 1973 959 2041 transita,
1015 1971 1202 2028 Illisobolcm
1219 1971 1842 2030 referuntomnibusmercibuschariorem:

117 2063 219 2132 eujus
233 2060 376 2116 rationem
390 2059 509 2133 quidem
529 2060 627 2117 uerbis
642 2078 700 2117 nou
725 2061 881 2134 explicant,
908 2063 959 2118 sed
1014 2075 1069 2115 nos
1085 2061 1135 2116 ss
1153 2077 1278 2117 mercem
1293 2061 1379 2135 longe
1395 2061 1538 2134 imparem
1554 2062 1589 2118 ad
1606 2059 1728 2134 periculi
1747 2059 1842 2118 vicem

118 2149 218 2206 factis
245 2148 429 2221 loquuntur?
450 2149 580 2222 Pergunt
607 2150 686 2206 enim
703 2151 812 2206 estatis
830 2156 961 2224 tempore
1015 2148 1122 2204 misera
1137 2148 1210 2205 lucri
1225 2149 1361 2222 cupidine
1373 2155 1568 2223 reportamus.
1599 2150 1700 2224 Itaque
1729 2147 1771 2205 illi
1791 2165 1842 2222 pa-

119 2239 158 2295 ad
178 2239 296 2294 fretum
311 2237 406 2306 Ponti,
423 2255 457 2294 eo
473 2238 551 2311 quod
567 2238 681 2312 reliquo
697 2241 788 2296 maris
816 2240 882 2297 sinu
912 2239 961 2296 hie
1015 2236 1103 2292 triam
1139 2241 1289 2310 repetunt:
1316 2256 1370 2295 nos
1395 2239 1636 2312 derelinquimus.
1655 2239 1715 2297 lllis
1743 2239 1841 2296 nando

120 2328 219 2385 sinus
239 2325 353 2383 dulcior
368 2326 417 2383 sit.
432 2327 497 2382 Non
513 2327 592 2383 enim
617 2328 721 2384 tandiu
750 2327 793 2384 sol
822 2328 848 2384 ei
875 2329 958 2398 freto,
1014 2325 1228 2382 incrementum
1244 2328 1359 2402 generis
1375 2327 1556 2401 acquiritur:
1585 2327 1670 2386 nobis
1696 2327 1841 2386 minuitur

121 2415 265 2490 quandiu
280 2416 391 2472 ceteris
406 2415 591 2483 immoratur,
607 2433 699 2488 eaque
713 2417 747 2472 fit
758 2433 847 2474 causa
857 2422 890 2475 ut
901 2421 958 2474 noa
1015 2415 1192 2486 navigando.

119 2521 250 2563 omnem
265 2521 372 2576 aquam
388 2505 627 2578 extendatque
640 2504 959 2579 dulcisatquepotabi·
1049 2504 1094 2559 31·
1126 2503 1196 2567 Quis
1224 2503 1314 2577 igilur
1338 2510 1423 2578 neget
1443 2507 1584 2562 divinitus
1612 2504 1672 2563 illis
1707 2506 1840 2563 infusum

119 2595 161 2651 lis
179 2598 239 2649 est.
255 2593 326 2660 Quis
342 2597 441 2649 autem
468 2592 592 2666 ignoret,
622 2594 806 2665 quodetiam
835 2611 870 2650 ea
896 2613 959 2668 qua
1014 2591 1164 2662 ingenium
1191 2593 1440 2665 essehujusmodi
1466 2599 1553 2666 atque
1580 2594 1742 2651 virtutem?
1769 2596 1841 2652 Cum

119 2681 280 2738 maritima
300 2685 379 2747 sunt,
409 2680 494 2754 aquis
519 2680 693 2755 plerumque
719 2681 856 2739 dulcibus
880 2683 958 2740 dele·
1012 2678 1192 2736 videatistos
1208 2680 1237 2734 in
1251 2679 1426 2754 Aquilonem
1449 2685 1509 2738 tom
1526 2681 1687 2738 solemnem
1702 2683 1841 2739 obeundas

116 2768 268 2828 utentur?
290 2769 422 2842 Denique
433 2769 503 2826 dnm
519 2769 642 2826 flumina
664 2774 838 2843 sequantur,
864 2777 893 2828 et
920 2774 957 2828 ad
1013 2767 1200 2823 fecunditatis
1217 2769 1479 2842 peregrinationem
1499 2770 1589 2826 vivaci
1618 2770 1736 2843 ingenio
1764 2787 1842 2826 eom-

117 2859 287 2933 superiora
299 2858 472 2924 escendunt,
489 2859 657 2931 frequenter
672 2858 758 2915 alieni
789 2860 884 2931 pisces
907 2877 957 2934 ge·
1012 2873 1138 2928 ponere;
1155 2857 1228 2912 alios
1242 2857 1272 2912 in
1295 2859 1397 2931 exiguo
1413 2875 1532 2932 corpore
1547 2862 1664 2915 tantum
1680 2857 1840 2916 validitatis

117 2946 423 3020 ueriseapiunturln
440 2947 549 3004 tluviis.
565 2948 638 3004 Cam
662 2948 724 3003 haec
748 2948 841 3021 igitur
869 2965 959 3007 eausa
1012 2961 1175 3012 assumere,
1198 2949 1230 3001 ut
1258 2946 1401 3002 maximas
1430 2947 1548 3003 navium
1567 2945 1661 3019 plenis
1689 2949 1840 3004 currentes

118 3039 257 3094 Pontum
285 3034 344 3092 illis
373 3035 460 3091 laciat
488 3035 656 3108 gratiorem,
685 3035 730 3092 vel
762 3038 839 3109 qaod
869 3043 957 3094 aestus
1011 3033 1130 3090 valisin
1148 3034 1253 3091 mediis
1269 3035 1545 3092 fluctibussistant:
1566 3036 1643 3092 sicut
1670 3035 1767 3092 brevis
1792 3035 1839 3109 pi-

118 3127 275 3198 temperet
292 3122 432 3179 solemnis
446 3121 506 3179 illic
531 3124 618 3179 llatus
645 3123 791 3195 aquilonis
820 3126 869 3199 (7),
891 3132 956 3183 tum
1011 3122 1137 3178 salculus
1148 3123 1282 3180 echeneis
1294 3128 1377 3180 tauta
1390 3123 1529 3180 laeilitate
1541 3127 1723 3180 memoratur
1734 3139 1837 3181 navem

119 3211 369 3287 opportuniorem
384 3210 494 3267 ceteris
505 3211 651 3283 judicant,
674 3213 704 3267 in
720 3229 778 3285 quo
806 3229 954 3287 generare,
971 3189 993 3257 C
1012 3212 1162 3282 ingentem
1177 3211 1297 3281 sisterc;
1314 3217 1346 3268 ut
1361 3213 1444 3284 quasi
1461 3212 1618 3269 radicatam
1634 3212 1709 3269 mari
1728 3212 1837 3269 haerere

119 3307 149 3358 et
175 3305 284 3374 partus
308 3299 423 3372 possint
450 3300 584 3372 proprios
600 3301 740 3371 enutrire,
762 3303 840 3374 quod
863 3304 957 3360 teneri
1010 3299 1119 3366 videas,
1142 3317 1194 3356 nec
1210 3301 1329 3357 moveri.
1345 3301 1523 3373 Aliquandiu
1546 3301 1624 3356 enim
1653 3298 1836 3357 immobilem

121 3388 355 3447 letuslaborem
383 3387 484 3444 aliene
503 3388 632 3461 regionis
660 3390 734 3446 terre
760 3390 806 3446 vix
830 3392 956 3464 possint,
1012 3393 1118 3444 servat.
1135 3393 1180 3444 An
1196 3393 1224 3444 et
1239 3389 1307 3444 haic
1336 3393 1421 3462 putas
1450 3389 1514 3446 sine
1542 3389 1686 3446 Crantoris
1713 3405 1837 3446 munere

123 3493 210 3552 quos
222 3476 284 3532 illic
298 3475 375 3534 levet
389 3477 465 3534 aeris
479 3476 589 3536 blanda
601 3476 768 3534 clementia.
785 3479 885 3552 ltaque
896 3497 960 3554 per·
1012 3479 1128 3531 tantum
1144 3476 1274 3548 poluisse
1288 3482 1441 3549 suppetere
1456 3477 1595 3534 virtutis?
1623 3478 1697 3543 Quid
1722 3476 1836 3552 gladios

124 3572 198 3624 acto
213 3581 336 3622 munere
350 3581 453 3624 omnes
466 3564 557 3624 simul
571 3582 604 3622 eo
619 3583 677 3639 quo
691 3573 830 3624 venerant
844 3570 960 3642 agmina
1013 3563 1126 3636 loquar,
1144 3569 1193 3620 aut
1203 3581 1308 3631 serras,
1330 3570 1380 3621 aut
1401 3583 1487 3623 canes
1511 3567 1686 3635 maritimos,
1711 3569 1761 3622 aut
1784 3567 1835 3622 ba·

124 3657 333 3712 revertuntur.
1014 3652 1105 3720 lenas,
1123 3657 1174 3709 aut
1187 3654 1345 3725 zygaenas?
1360 3654 1433 3716 Quid
1446 3655 1534 3712 etiam
1554 3656 1677 3713 turturis
1690 3659 1836 3722 centrum,

162 3744 215 3799 30.
231 3743 371 3807 Oneum
394 3741 454 3799 ista
467 3742 506 3799 sit
527 3742 600 3799 ratio
615 3744 845 3802 consideremus.
875 3745 961 3818 Obje·
1015 3745 1044 3798 st
1067 3741 1122 3797 hoc
1136 3745 1258 3797 mortue
1273 3741 1287 3796 ‘l
1301 3742 1383 3798 Sicut
1397 3743 1476 3798 enim
1491 3743 1595 3816 ripere
1611 3761 1643 3800 os
1659 3743 1765 3816 siquis
1782 3741 1838 3798 eal·

124 3837 200 3888 etus
215 3834 263 3887 est
275 3830 358 3886 Ponti
372 3831 558 3887 sinusboreae
570 3835 798 3906 ceterorumque
809 3839 962 3890 ventorum
1016 3829 1123 3886 caverit
1138 3846 1239 3886 recens
1252 3830 1407 3898 duntaxat,
1428 3831 1546 3902 gravius
1577 3848 1666 3903 quam
1692 3846 1839 3888 venenum

125 3919 359 3977 violentissimis
374 3919 494 3975 flatibus
510 3938 517 3988 ;
534 3920 723 3993 undegravis
749 3921 809 3978 illic
837 3923 964 3996 procella
1018 3935 1122 3975 nocere
1150 3918 1319 3990 perhibetur
1347 3920 1396 3992 (8),
1431 3924 1459 3975 et
1490 3919 1705 3975 immedicabile
1732 3916 1840 3974 vulnus

126 4009 220 4076 ierit,
235 4011 267 4064 et
280 4011 468 4081 tempestates
483 4013 648 4075 moventur,
665 4009 707 4065 ita
721 4014 754 4065 ut
769 4011 805 4066 dc
819 4012 964 4084 profundo
1018 4023 1135 4080 serpere
1152 4024 1158 4063 :
1175 4007 1216 4063 ita
1229 4007 1316 4064 etiam
1332 4009 1430 4063 turtur
1446 4007 1544 4064 aculeo
1560 4023 1612 4064 suo
1640 4011 1756 4062 momua
1782 4021 1851 4062 am·¹

127 4113 228 4154 arena
240 4100 387 4152 vertatur:
404 4097 488 4166 eujus
509 4097 551 4153 rei
567 4097 673 4154 tlnatus
688 4115 829 4154 arenosus
857 4099 965 4157 indicio
1018 4095 1097 4168 plius
1113 4112 1201 4168 quam
1217 4095 1280 4152 viva
1294 4095 1416 4169 periculi
1429 4097 1531 4153 atlerre
1547 4099 1735 4152 memoratur.
1748 4096 1842 4166 Lepu-

128 4189 190 4253 est,
210 4185 262 4258 qai
275 4189 428 4240 rentomm
442 4189 524 4240 matu
539 4185 695 4257 insurgens
711 4186 810 4252 altius,
822 4193 883 4244 tum
896 4205 966 4262 pon·
1019 4183 1399 4256 soulusquoquetimidum
1416 4185 1524 4241 animal
1541 4185 1682 4256 interris,
1702 4184 1732 4239 in
1768 4181 1843 4239 mari

130 4276 209 4330 dere
222 4274 349 4345 gravim,
365 4273 443 4329 baud
458 4272 547 4329 dubie
569 4290 627 4330 non
638 4273 734 4330 solum
748 4275 965 4349 navigantibus,
1020 4271 1215 4338 formidabile,
1232 4273 1365 4329 citamet
1394 4291 1531 4346 quaenon
1559 4272 1642 4329 facile
1672 4273 1844 4345 possitae-

130 4363 191 4419 sed
206 4362 296 4417 etiam
307 4361 464 4418 maritimis
474 4360 549 4434 ipsis
560 4361 760 4420 animantibus
775 4363 967 4421 intolerabilis
1020 4361 1101 4430 ferri,
1117 4360 1312 4432 corruptelam
1326 4361 1447 4417 invehit.
1465 4361 1564 4418 Voluit
1577 4362 1656 4418 enim
1683 4364 1712 4417 te
1727 4362 1847 4418 Creator

130 4450 276 4525 habetur.
307 4451 426 4506 Amedit
439 4449 523 4516 illud,
538 4451 616 4521 qnod
632 4449 761 4522 plurima
788 4456 817 4508 et
839 4452 968 4511 maxima
1023 4465 1075 4505 nec
1091 4449 1120 4504 in
1136 4449 1209 4504 mari
1227 4447 1298 4504 satis
1322 4451 1357 4505 ab
1373 4449 1582 4506 insidiantibus
1597 4467 1661 4507 esse
1689 4465 1846 4518 securum;

132 4539 236 4595 Ponto
251 4538 376 4594 {lumina
389 4538 576 4609 misceantur,
593 4555 661 4594 cum
689 4539 813 4596 hiberno
838 4545 969 4614 tempore
985 4557 1008 4620 p
1024 4542 1057 4593 ut
1072 4541 1191 4610 propter
1206 4552 1299 4608 pauca
1313 4554 1377 4611 qaae
1394 4543 1526 4608 noceant,
1553 4539 1637 4612 quasi
1654 4539 1685 4594 in
1706 4537 1846 4606 excubiis,

132 4629 228 4685 sinus
243 4627 308 4699 ipsa
322 4626 456 4700 frigidior
483 4627 659 4683 torrentium
686 4627 813 4701 rigescat
836 4630 970 4703 allapsu3
1027 4625 1152 4698 positus,
1180 4625 1270 4681 armis
1300 4626 1366 4681 fidei
1392 4643 1507 4700 semper
1525 4632 1554 4686 ct
1579 4633 1661 4685 scuto
1689 4625 1850 4684 devotionis

133 4717 300 4789 propterea
310 4715 407 4788 pisces
417 4719 559 4788 tanquam
570 4716 674 4772 arbitri
687 4717 877 4788 fluentorum,
888 4724 972 4776 esta·
1027 4713 1186 4782 accinctus,
1209 4731 1227 4769 a
1249 4713 1371 4770 Domino
1399 4718 1450 4772 tuo
1478 4716 1584 4774 debeas
1613 4717 1719 4774 salutis
1734 4729 1851 4789 sperare

134 4810 166 4861 te
181 4803 249 4860 illie
264 4802 421 4877 aspirantis
443 4821 520 4860 auree
548 4803 732 4861 elementiam
764 4811 880 4880 captare
904 4825 974 4865 con·
1028 4802 1209 4873 presidium.

134 4899 325 4950 sueverunt:
351 4894 437 4965 enjus
476 4894 641 4949 amenitate
682 4896 836 4966 perfuncti,
870 4915 974 4955 rursus
1342 4919 1458 4975 CAPUT
1487 4919 1532 4976 XL

133 4979 255 5037 hiemis
269 4996 374 5053 ²³1³era
387 4980 534 5037 ‘leffium
549 4981 745 5051 ⁰⁰¹¹f⁰¹¹d¹¹¹¹ti
761 4988 790 5039 ⁸2
802 4985 974 5057 sellem·
1028 5007 1066 5061 lle
1086 5004 1206 5078 piscibus
1227 5005 1360 5062 Atlantici
1382 5009 1469 5063 maria
1483 5024 1493 5061 .·
1508 5008 1576 5062 item
1596 5005 1630 5062 de
1652 5003 1722 5071 sale,
1738 5003 1853 5060 corallio

135 5067 226 5126 nelis
242 5067 333 5142 plaga
348 5069 595 5141 sevalugientes,
624 5069 654 5124 in
678 5071 806 5143 reliquos
834 5090 865 5129 se
892 5074 976 5132 sinus
1065 5076 1170 5132 statiis
1194 5077 1364 5149 quibasdam.
1383 5079 1420 5134 Ob
1443 5095 1487 5143 ea,
1506 5078 1554 5132 sed
1573 5077 1696 5132 inaximo
1719 5076 1752 5130 ob
1773 5076 1854 5130 antae

135 5157 312 5225 conterunt,
327 5157 488 5229 inquibus
503 5161 555 5212 aut
568 5162 721 5213 ventarum
737 5159 901 5218 molliorsit
916 5161 976 5234 pla·
1065 5150 1214 5217 actionem,
1230 5165 1308 5204 mart
1326 5152 1408 5204 imit
1419 5153 1554 5220 WSW‘?
1567 5165 1573 5203 ³
1587 5153 1649 5218 P⁰⁵²
1672 5161 1735 5218 ll&
1757 5146 1855 5218 ΡΜ

136 5244 267 5316 emim,
291 5249 342 5323 ω
356 5245 429 5305 ,0153
443 5245 535 5304 soleat
548 5263 668 5303 vernare
696 5249 862 5320 temperies.
892 5251 978 5308 Novi,
1066 5219 1099 5274 de
1110 5221 1179 5276 lona
1189 5236 1222 5275 ae
1236 5221 1317 5276 Petro
1331 5221 1498 5290 memoratis,
1524 5233 1614 5274 sermo
1627 5217 1778 5273 clauditur.

137 5334 345 5409 igiturpiscis
371 5334 504 5407 pariendi
532 5339 659 5406 tempus,
690 5336 769 5408 quod
793 5354 846 5410 pro
870 5355 976 5414 magno
1068 5335 1287 5392 32.Veniamas
1316 5335 1351 5391 ad
1368 5333 1550 5390 Atlanticum
1578 5349 1668 5389 mare.
1691 5335 1784 5401 Quam
1811 5333 1860 5390 in-

179 5486 224 5568 (7)
239 5483 366 5549 Gemet„
379 5485 423 5568 nel
435 5484 508 5568 qaod
520 5489 604 5540 astas
624 5487 746 5555 tempore
765 5486 896 5542 solemnia
918 5488 978 5545 atta
1030 5489 1056 5544 si
1071 5489 1131 5560 qais
1149 5487 1294 5543 calcaverit
1308 5501 1387 5542 renes
1400 5484 1547 5558 caraea,
1572 5487 1685 5560 gravius
1706 5503 1789 5562 qaam
1808 5500 1854 5546 aa·

137 5557 334 5704 oppres&
347 5557 494 5628 mattam.
869 5631 874 5643 Ι
1030 5575 1133 5620 mnam
1146 5559 1353 5631 accaetertar.

195 5627 228 5709 ⁸l
304 5627 395 5687 ‚Bou
410 5627 486 5686 sara
500 5643 534 5688 ae
546 5625 649 5688 dmm.
666 5624 743 5686 Sicca
756 5629 832 5689 eatan
844 5644 976 5708 aaran

319 5753 451 5824 Pomm.
472 5751 552 5824 tat.
1687 5757 1707 5842 fl
