4159 6184
159 323 219 398 08⁸
561 329 613 398 Da
636 329 1004 402 luteusutulrlouu
1023 333 1095 404 JOB
1118 339 1169 406 ΕΤ
1189 337 1311 407 otuu
1332 335 1410 404 tte.
1432 327 1488 400 lli.
1824 321 1886 390 880

156 469 288 536 assutus,
320 463 458 524 dicebam
487 465 560 524 mibi
581 485 588 525 :
613 492 627 520 «
651 471 708 527 lloc
735 469 816 528 labor
853 476 897 528 est
924 475 991 528 ante
1008 472 1030 537 Α
1048 476 1076 527 ot
1092 473 1161 529 aiibi
1176 475 1268 532 habas
1283 475 1448 547 scriptum:
1466 493 1480 522 n
1496 465 1564 526 Vidi
1577 466 1704 544 impium
1719 463 1888 542 superexel-

158 572 217 625 me,
238 556 332 614 donso
363 555 510 615 introeam
534 556 564 614 in
588 558 787 616 sanctuarium
817 559 878 628 Dei,
894 566 922 617 et
943 562 988 618 in·
1049 562 1145 616 tatum
1160 566 1190 618 et
1204 564 1350 620 elevatum
1366 575 1457 632 super
1471 558 1575 615 cedros
1590 556 1712 626 Libani;
1727 559 1757 614 et
1777 557 1886 614 transi·

158 645 291 720 telligam
316 645 347 702 in
380 645 542 704 noussimo
566 648 652 715 (Prot.
684 665 768 717 axxn,
784 649 829 718 lo,
857 651 910 722 17).
927 671 941 700 n
958 651 988 706 ld
1044 647 1084 720 vi,
1095 654 1125 705 et
1138 667 1205 708 ecce
1219 668 1276 708 non
1299 656 1378 709 erat:
1393 653 1424 704 et
1450 647 1571 719 quaesivi
1594 664 1675 715 eum,
1701 649 1730 704 et
1758 663 1816 704 non
1841 647 1888 704 est

157 739 213 804 eet,
230 735 312 793 solus
322 735 396 792 mibi
412 738 548 809 superest
563 734 656 803 labor,
672 741 706 794 ut
720 738 906 811 ingrediarin
922 756 989 795 san·
1046 735 1183 795 inventus
1196 738 1277 796 locus
1291 740 1358 812 ejus
1374 736 1464 811 (Paul.
1480 753 1577 803 xxxvi,
1605 736 1651 801 35,
1666 735 1713 808 36)
1727 735 1741 791 ι
1757 757 1772 786 ›>
1787 739 1885 793 inore·

157 825 307 882 stuarium
323 824 384 894 Dei,
403 825 454 882 ubi
469 828 515 882 est
530 823 699 893 Cherubim,
713 828 741 884 id
761 832 805 884 est
815 827 990 901 cognitionis

156 915 352 987 protundum,
369 918 399 970 et
413 930 471 970 non
489 912 621 970 laborem
637 915 667 970 in
683 915 801 973 incertis
820 917 875 988 (30)
897 921 926 972 et
940 934 990 972 va·

159 1002 206 1059 nis
221 1001 413 1075 opinionibus
429 1021 436 1073 ;
449 1002 579 1082 narratio
595 1003 673 1061 enim
689 1005 760 1061 latui
784 1004 860 1062 sicut
875 1004 992 1062 sarcina

157 1090 188 1146 in
200 1090 256 1147 via.
274 1091 343 1146 Ideo
359 1091 562 1165 ingrediamur
576 1093 698 1165 adytum
713 1094 912 1167 cognitionum
943 1109 991 1148 sa·

155 1196 286 1248 orarum,
303 1183 393 1252 atque
403 1180 542 1248 interiora
558 1181 721 1254 penetralia
734 1183 874 1250 veritatis,
886 1185 918 1238 ut
931 1199 991 1238 uon

156 1267 195 1324 sit
209 1268 240 1323 in
257 1269 344 1325 uobis
360 1268 460 1339 lebor;
477 1270 625 1344 sapientia
639 1271 717 1327 enim
734 1288 786 1328 nos
802 1287 918 1328 assusu
948 1270 991 1326 la-

155 1356 237 1413 boris
252 1357 385 1413 abducit.
406 1358 536 1431 Denique
566 1375 625 1415 uou
654 1362 699 1415 est
724 1359 807 1416 labor
834 1363 864 1415 in
888 1359 989 1415 Jacob.

157 1443 252 1500 Causa
267 1448 367 1502 autem
383 1444 492 1503 laboris
506 1446 672 1520 ignorantia
696 1450 758 1504 est:
772 1448 912 1521 quoniam
940 1446 990 1519 qui

157 1533 356 1604 nessitjuetis
372 1535 501 1606 reposita
529 1552 593 1593 esse
608 1537 737 1609 premia,
755 1553 813 1594 non
829 1537 992 1592 refluitura

158 1621 321 1691 laboribus,
332 1623 382 1678 esd
394 1622 488 1696 magis
496 1622 702 1697 imprudentia
714 1641 773 1681 sua
782 1623 990 1682 laborsourva·

155 1713 205 1764 tur
218 1715 248 1765 st
265 1708 418 1782 trangitur.
437 1711 639 1783 ingrediamur
667 1712 760 1786 igitur
788 1714 990 1770 sanctuarium

153 1797 217 1866 Dei,
234 1796 286 1854 ubi
301 1803 372 1854 sunt
384 1797 551 1869 Cherubim,
573 1801 602 1857 in
619 1803 732 1875 quibus
746 1807 793 1858 est
807 1803 992 1858 recordantia

154 1901 246 1944 saorra
256 1886 433 1959 cognitionis
448 1891 476 1943 st
483 1888 541 1944 veri
553 1888 734 1964 illiusatque
745 1890 848 1947 eterni
858 1890 992 1947 luminis.

1047 825 1147 882 dibilis
1171 829 1305 885 celeritas
1343 823 1536 884 extinctionis
1557 824 1632 896 ejus.
1658 823 1749 882 Vides
1785 824 1884 883 subito

1046 914 1173 987 impium
1190 917 1220 972 in
1234 915 1290 974 hoc
1305 912 1417 974 seculo
1433 916 1600 984 potentem:
1617 913 1688 968 dum
1709 921 1742 969 tu
1761 914 1883 985 transis,

1047 1002 1096 1082 ills
1107 1006 1171 1075 jam
1187 1012 1315 1062 nonest.
1333 1005 1454 1069 Quanta
1469 1001 1600 1057 estsnim
1617 1001 1723 1058 umbra
1736 1002 1767 1058 in
1786 1002 1883 1062 terrai

1048 1109 1138 1164 quem
1154 1090 1886 1164 nondiuturnatTransponsvsstigium,etumbra

1048 1181 1183 1252 preterit.
1200 1184 1258 1238 Aut
1273 1182 1298 1237 si
1313 1181 1362 1236 hic
1378 1175 1493 1250 aliquid
1509 1182 1614 1244 movet,
1632 1178 1667 1234 ed
1689 1195 1724 1234 ea
1745 1194 1810 1251 que
1837 1180 1885 1237 lu·

1047 1273 1115 1324 turn
1129 1274 1208 1340 sunt,
1225 1270 1324 1326 attolle
1340 1265 1455 1325 mentis
1471 1266 1638 1339 vestigium,
1649 1266 1814 1324 etinvenies
1824 1268 1885 1327 illic

1048 1356 1175 1429 impium
1199 1374 1257 1413 non
1273 1359 1424 1424 luturum,
1451 1371 1539 1425 quem
1563 1354 1611 1410 hio
1630 1371 1694 1412 sese
1722 1357 1882 1430 credebas;

1048 1460 1107 1499 non
1125 1444 1203 1500 enim
1218 1451 1272 1512 est,
1286 1446 1336 1518 qui
1354 1442 1434 1500 nihil
1449 1444 1503 1498 est.
1522 1442 1652 1516 Denique
1666 1444 1808 1502 Dominus
1832 1465 1883 1507 eos

1048 1533 1183 1605 cognovit
1197 1534 1246 1606 qui
1262 1539 1332 1591 sunt
1347 1532 1467 1607 ipsius:
1483 1530 1535 1602 qui
1549 1537 1647 1589 autem
1663 1549 1720 1589 non
1736 1539 1815 1604 sunt,
1831 1555 1883 1596 eos

1048 1635 1107 1676 non
1122 1622 1273 1694 agnoseit;
1289 1623 1361 1696 quia
1374 1620 1436 1693 ipsi
1450 1634 1518 1675 eum
1534 1620 1584 1692 qui
1599 1625 1653 1691 est,
1670 1639 1728 1681 non
1757 1641 1882 1698 agnove-

1048 1712 1128 1764 runt.

1360 1778 1483 1835 CAPUT
1497 1778 1570 1834 vlu.

1008 1837 1032 1903 Β
1049 1852 1150 1920 lrnoioe
1165 1855 1195 1907 iu
1208 1855 1324 1910 interitu
1338 1867 1388 1906 erro
1403 1866 1470 1905 mom
1496 1855 1601 1907 tornulo
1630 1856 1696 1910 leue
1715 1861 1881 1928 comparari,

1087 1924 1157 1994 quod
1170 1940 1267 1995 nempe
1281 1924 1388 1978 animae
1403 1921 1520 1976 illorum
1534 1925 1660 1981 omnibus
1685 1927 1763 1983 bouis
1786 1945 1881 1988 oucute

188 1975 234 2030 20·
254 1975 287 2030 111
315 1973 366 2030 illo
388 1975 563 2034 candelabro
588 1980 689 2053 imtgo
717 1979 903 2052 rflflpissssdei·
935 1995 995 2050 ql¹⁰
1087 1996 1276 2064 repedantur:
1298 1998 1325 2048 et
1346 1991 1506 2047 corumdem
1534 1997 1683 2055 mastrucae
1711 1999 1883 2069 imnqiucrc

151 2063 301 2136 possimus
317 2061 476 2137 intelligere
491 2066 521 2122 in
536 2068 710 2126 novissimo.
729 2069 860 2125 Sanctus
882 2068 992 2124 sionim

1087 2065 1192 2121 lumine
1203 2063 1484 2121 cateruscruaatem
1495 2063 1647 2123 doleantur.

151 2151 181 2208 in
193 2151 297 2209 ultimo
307 2153 464 2226 cognoscit,
485 2159 513 2210 et
524 2157 684 2227 perlectam
713 2157 895 2229 sapientiam
924 2172 993 2229 pro·
1085 2154 1131 2208 23.
1149 2153 1189 2208 Ds
1204 2152 1277 2224 ipsis
1293 2154 1404 2221 ergoet
1419 2150 1467 2208 hic
1489 2153 1577 2212 dicit:
1608 2179 1622 2207 u
1652 2158 1826 2215 Defecerant
1854 2166 1883 2217 at

152 2257 236 2298 sessu
252 2240 525 2314 etatisadipiscitur
539 2243 658 2302 dicens:
676 2269 690 2296 «ι
710 2245 822 2302 Notum
843 2246 889 2303 lac
905 2243 990 2311 mihi,
1050 2235 1525 2314 perieruntproptsriniquitatem
1537 2245 1881 2318 suam,velutsomnium

151 2330 286 2398 Domine,
300 2330 389 2387 linem
405 2347 513 2398 meum,
527 2336 728 2390 stnumerum
757 2333 876 2390 dierum
909 2349 990 2390 meo·
1047 2324 1335 2400 exsurgentisll’sat.
1352 2341 1436 2397 Lxxu,
1452 2329 1496 2403 lt),
1510 2333 1566 2406 au),
1584 2357 1598 2384 n
1613 2334 1642 2390 id
1657 2340 1712 2403 est,
1739 2336 1781 2394 ita
1809 2337 1880 2394 defi-

151 2433 220 2476 rum
230 2418 358 2492 quisset,
371 2423 402 2475 ut
412 2419 501 2478 sciam
511 2421 580 2494 quid
591 2423 670 2479 desit
683 2421 757 2478 mihi
768 2422 857 2494 (Paul.
868 2439 986 2489 axxvrrr,
1045 2416 1130 2472 ciunt
1144 2413 1880 2501 etevanescuntimpii,sicutsomnium'sxsurgcntis

149 2507 190 2580 5).
208 2529 222 2558 u
236 2507 307 2575 Quis
320 2513 365 2566 est
379 2508 456 2574 llnis,
472 2508 529 2566 nisi
543 2509 602 2576 ille,
620 2527 689 2567 cum
706 2511 838 2568 traditur
859 2527 985 2585 regnum
1043 2523 1061 2562 a
1076 2522 1184 2563 somno
1201 2501 1329 2574 primum
1343 2505 1431 2576 tquia
1441 2508 1472 2565 in
1486 2513 1613 2570 tenebris
1624 2519 1704 2584 sunt,
1716 2521 1746 2571 st
1756 2517 1785 2571 in
1797 2522 1879 2571 tene·

150 2597 211 2654 Deo
225 2597 315 2665 Patri,
331 2598 445 2670 quando
466 2598 629 2656 revelantur
654 2598 772 2656 occulta
801 2599 985 2675 supientiae?
1041 2593 1105 2649 bris
1121 2588 1361 2660 ambulaverunt,
1377 2611 1428 2652 ⁰⁰⁰
1443 2602 1550 2658 resedit
1564 2601 1681 2676 flliqlffld
1693 2620 1793 2660 emm
1807 2602 1877 2660 b⁰¹¹i

149 2687 235 2744 Hunc
250 2687 336 2744 finem
348 2687 439 2744 nostri
454 2688 622 2746 certaminis
634 2689 806 2760 requirebat
820 2691 981 2763 Propheta,
1039 2682 1138 2755 operis
1157 2673 1327 2748 νθΰῒῑὲῑΰῑῡ,
1339 2683 1388 2738 esd
1403 2685 1515 2746 similes
1533 2706 1632 2747 eorum
1649 2691 1701 2764 qui
1722 2692 1872 2749 somnium

150 2776 273 2850 cupiens
288 2793 459 2850 cognoscere
479 2778 548 2850 quid
573 2795 632 2834 sure
661 2778 760 2834 desset
784 2779 977 2852 perlectioni;
1037 2771 1145 2828 vident
1167 2790 1175 2828 :
1195 2765 1542 2847 quieutemsomnint,in
1559 2780 1873 2849 u00le⁵1¹mssititss⁰¹

148 2866 220 2923 linis
230 2865 306 2922 enim
320 2865 479 2939 discipline
490 2871 595 2924 nostres
610 2872 638 2925 et
657 2866 825 2924 studiorum
838 2867 979 2941 perfectio
1036 2865 1139 2917 aulem
1159 2860 1346 2920 intenebris.
1367 2864 1431 2920 Filii
1458 2869 1645 2926 tenebrarum
1675 2875 1745 2925 sunt
1768 2869 1871 2943 privati

149 2959 206 3014 aar,
1034 2949 1096 3006 sols
1127 2950 1276 3026 justitia,
1310 2959 1340 3011 st
1363 2954 1517 3028 splendore
1544 2947 1672 3028 virtutis,
1695 2959 1874 3016 dormientes

186 3045 232 3102 tl.
249 3045 312 3102 Hes
322 3062 389 3120 ergo
404 3045 500 3119 prima
513 3061 584 3102 vers
595 3044 669 3102 ratio
682 3045 878 3117 cognitionis,
909 3046 980 3118 quia
1035 3055 1175 3112 semper,
1194 3045 1223 3098 ct
1239 3060 1295 3101 uon
1310 3044 1473 3118 vigilantes,
1490 3047 1651 3122 dequibus
1666 3047 1872 3106 benedicitur:

151 3135 273 3192 innuite
288 3134 496 3208 acciduntque
512 3135 542 3191 in
557 3134 662 3192 samito
673 3139 759 3189 aunt:
773 3136 905 3192 secunda
916 3133 977 3192 illa:
1037 3152 1052 3179 «
1069 3127 1268 3192 Dormicrunt
1282 3151 1417 3194 somnum
1434 3153 1532 3204 suum,
1548 3141 1577 3194 et
1606 3137 1679 3194 nibil
1703 3133 1876 3194 invenerunt

153 3223 226 3297 quia
236 3245 250 3274 u
267 3229 383 3298 propter
397 3238 499 3280 sorum
512 3222 766 3295 tergiversationes
781 3224 908 3295 posuisti
937 3222 980 3279 sis
995 3203 1018 3271 C
1036 3218 1126 3288 (Psal-
1147 3241 1236 3293 cxxv,
1250 3227 1288 3299 6).
1307 3251 1320 3277 n
1337 3226 1448 3283 Dtenim
1464 3242 1530 3284 cum
1546 3229 1651 3286 anima
1663 3245 1764 3287 eorum
1779 3244 1796 3284 a
1810 3243 1875 3284 cor·

155 3314 244 3386 (Prot.
261 3329 344 3381 saxu,
361 3313 405 3385 le)
422 3334 437 3362 n
461 3327 615 3368 successus
643 3310 772 3384 prolluos
797 3311 985 3369 saecularium
1041 3323 1112 3379 pore
1128 3319 1284 3385 separatu,
1302 3322 1443 3390 tanquam
1460 3317 1580 3375 resoluti
1595 3337 1613 3374 a
1628 3319 1757 3395 corporis
1772 3335 1875 3376 somno

156 3402 390 3470 commodorum,
420 3405 450 3458 et
477 3399 689 3456 abundantiam
718 3398 908 3468 divitiarum,
951 3416 987 3456 ns
1044 3394 1119 3450 nihil
1136 3398 1297 3473 invenient,
1314 3405 1696 3484 nihiltenebunt3etquod
1718 3427 1750 3467 se
1778 3412 1876 3467 lenem

157 3493 352 3549 causarentur
374 3493 493 3563 propter
524 3487 655 3562 inopiam
683 3503 715 3542 sc
741 3490 770 3542 et
798 3489 988 3548 acerbitatem
1045 3483 1278 3559 arbitrabantur,
1296 3495 1432 3550 amittant
1447 3513 1455 3563 3
1471 3497 1611 3568 quoniam
1626 3499 1736 3557 stultus
1750 3502 1780 3556 et
1804 3498 1876 3556 inei·

155 3580 287 3652 alicujus
309 3577 417 3637 doloris
442 3582 471 3634 et
489 3577 588 3634 luctus
611 3576 712 3633 minus
742 3575 833 3632 tuisse
858 3577 988 3646 devotos,
1046 3571 1130 3645 piens
1146 3589 1215 3630 cum
1226 3577 1337 3638 divitiis
1353 3584 1573 3654 exundaverint,
1590 3587 1755 3662 relinquent
1774 3584 1883 3646 alienis

155 3677 246 3743 atque
266 3670 295 3726 in
309 3669 427 3743 culpam
441 3666 588 3724 latrocinii
613 3670 641 3722 et
661 3665 837 3736 direptionis
856 3667 990 3722 studium
1047 3660 1164 3717 divilias
1181 3679 1264 3736 suae,
1281 3685 1376 3742 neque
1398 3670 1485 3727 simul
1514 3674 1550 3729 ad
1579 3674 1694 3734 interna
1720 3679 1878 3749 descendet

154 3751 332 3816 necessitate
350 3756 490 3832 egestatis
506 3756 583 3812 oea
598 3752 753 3827 impulsos.
769 3754 833 3810 Non
849 3755 928 3812 enim
953 3756 991 3811 ed
1046 3766 1115 3806 cum
1131 3751 1173 3806 eis
1188 3751 1283 3824 glorie
1298 3759 1405 3816 domus
1424 3777 1537 3817 eorum.

155 3845 400 3919 tranquillitatem
416 3844 482 3902 vitae
496 3858 677 3915 usuramque
692 3841 798 3898 letitie
813 3841 923 3899 divitiis
933 3842 993 3916 opi·
1081 3839 1127 3895 24.
1144 3839 1304 3913 Sequentia
1315 3848 1646 3918 quoquedemonatrant
1657 3855 1805 3925 quomodo
1820 3854 1876 3911 im-

155 3937 242 4002 mati,
273 3931 619 3992 autbonoribusclevati
635 3939 720 3988 sunt:
737 3931 788 3988 scd
817 3935 851 3988 ut
874 3931 993 4005 querela
1048 3926 1115 3999 pius
1130 3943 1187 3983 nou
1204 3927 1379 4002 inveniatur,
1395 3935 1445 3991 scd
1462 3937 1595 3995 interant.
1621 3941 1764 4007 Quoniam
1779 3940 1876 4015 imago

155 4023 372 4092 excluderetur,
389 4025 607 4080 coacervaretur
622 4037 762 4076 arumna.
1046 4016 1112 4088 ejus
1128 4014 1158 4070 in
1183 4017 1303 4076 civitate
1332 4023 1443 4078 Domini
1473 4023 1524 4081 illa
1547 4029 1696 4102 superiore
1714 4029 1877 4088 ierusalem

193 4116 242 4170 22.
258 4112 442 4183 Dejiciuntur
456 4110 556 4182 itaqua
570 4111 641 4167 dum
656 4109 992 4183 elevanturhujusmodi
1047 4121 1106 4160 non
1121 4106 1277 4163 invenitur.
1293 4108 1437 4166 Dominus
1451 4111 1529 4170 enim
1547 4116 1640 4189 pinxit
1653 4135 1707 4175 nos
1722 4119 1759 4175 ad
1773 4117 1877 4192 imagi-

158 4200 336 4272 virillbid.).
365 4199 524 4256 Nonsnim
540 4199 643 4271 gratia,
668 4198 719 4255 sed
742 4199 912 4268 ruinaeet;
942 4199 993 4256 ubi
1048 4209 1116 4250 nem
1132 4198 1161 4250 ei
1175 4194 1400 4255 similitudinem
1413 4217 1509 4270 ouem,
1522 4205 1876 4280 sicutipsedocetdicsna:

161 4305 217 4345 nec
230 4287 360 4344 diuturni
376 4304 450 4343 usus
466 4286 596 4342 muneris
612 4289 786 4352 reservetur,
803 4289 833 4341 et
853 4286 993 4342 adimitur
1049 4306 1063 4333 u
1081 4283 1151 4340 ecce
1165 4299 1228 4356 ego,
1244 4286 1421 4357 Jerusalem,
1438 4289 1518 4362 pinxi
1535 4309 1636 4351 muros
1651 4300 1718 4353 tuos
1732 4297 1786 4369 (lau
1801 4314 1876 4366 sarx,
1981 4360 1984 4363 ,

160 4376 311 4436 excusatio
325 4374 526 4449 delinquendi.
547 4374 629 4440 Quod
655 4374 732 4430 enim
757 4373 900 4445 gravioris
924 4393 992 4446 pon·
1049 4375 1103 4443 16).
1122 4395 1135 4421 »
1156 4372 1234 4429 (tlt)
1248 4374 1278 4429 Si
1295 4376 1367 4430 bene
1383 4378 1541 4449 egerimus,
1559 4389 1660 4440 manet
1673 4385 1703 4442 in
1720 4386 1805 4443 nobis
1823 4385 1879 4443 ista

163 4467 222 4522 dus
239 4463 372 4536 querelor,
389 4481 479 4536 quom
492 4461 564 4518 illud
586 4461 718 4518 divinum
734 4463 812 4534 quod
841 4462 931 4519 habas
962 4464 991 4518 in
1048 4461 1307 4535 imagocoelcstis:
1337 4465 1360 4518 si
1379 4467 1625 4544 malequisugit‚
1650 4475 1808 4532 deleturia
1828 4475 1878 4532 illo

163 4553 292 4612 Micheas
308 4553 454 4627 propbeta
469 4551 544 4608 libro
560 4570 566 4607 :
584 4574 598 4602 ι(
622 4550 729 4623 Popule
745 4567 839 4619 meus,
854 4551 923 4622 quid
939 4552 990 4608 leci
1006 4570 1029 4633 D
1048 4551 1108 4607 hec
1124 4552 1220 4623 imago
1236 4550 1328 4621 (illius
1344 4553 1447 4625 utique
1463 4558 1513 4626 qui
1530 4559 1682 4618 descendit
1697 4563 1732 4619 ds
1747 4564 1874 4637 caieta

163 4642 230 4712 tibi,
247 4647 299 4698 aut
312 4641 341 4697 in
357 4658 415 4714 quo
431 4640 600 4698 contristavi
616 4644 654 4708 ts,
671 4644 721 4696 aut
750 4639 821 4712 quid
850 4639 991 4700 molestus
1046 4644 1092 4696 est
1107 4640 1135 4694 in
1151 4655 1184 4695 eo
1200 4639 1296 4712 imago
1312 4642 1430 4698 terreni.
1447 4643 1530 4703 Unde
1545 4653 1574 4704 et
1600 4651 1759 4722 Apostolus
1788 4653 1875 4709 dicit:

165 4731 210 4788 lui
225 4729 300 4786 tibi‘l
317 4729 461 4802 responde
474 4727 557 4786 mihi.
573 4729 674 4784 Nonne
696 4728 783 4785 eduxi
805 4731 833 4784 ts
852 4729 887 4783 ds
915 4733 993 4786 terra
1047 4751 1062 4778 «
1077 4727 1158 4784 Siout
1172 4729 1353 4800 portavimus
1364 4730 1523 4805 imaginem
1536 4735 1616 4794 illius
1632 4741 1750 4805 terreni,
1775 4744 1876 4813 ports·

164 4818 293 4893 AEgypti,
309 4819 386 4876 etde
402 4818 489 4875 domo
501 4818 650 4874 servitutis
665 4817 785 4874 liberavi
800 4822 829 4873 te
844 4817 932 4888 (dict.
954 4837 991 4887 vr,
1049 4834 1117 4873 mus
1131 4821 1159 4873 et
1177 4817 1336 4890 imaginem
1353 4819 1446 4892 hujus,
1456 4823 1582 4882 coelestis
1596 4826 1621 4898 (l
1639 4831 1702 4884 cor.
1725 4844 1772 4894 xv,
1801 4825 1879 4898 49).»

164 4911 194 4980 3,
212 4907 263 4977 ι)ἰ
278 4931 292 4958 o
307 4907 377 4963 ltcce
393 4905 540 4980 quomodo
555 4905 733 4979 dejiciuutur
747 4905 909 4980 impiidum
926 4907 994 4964 alle·
1050 4906 1197 4962 Bonorum
1213 4924 1281 4980 ergo
1297 4907 1441 4982 imagines
1456 4920 1653 4984 perseverant,
1669 4919 1697 4971 et
1712 4915 1741 4970 in
1757 4913 1808 4971 ille
1827 4915 1879 4972 Dei

166 5001 285 5064 vantur,
301 4995 993 5070 querelaeorumercluditur‚poennacerbatur.
1051 4994 1167 5052 civitate
1183 4996 1379 5068 resplendent.
1410 4998 1440 5055 Si
1466 5001 1534 5072 quis
1562 5006 1660 5059 autem
1689 5003 1726 5058 ad
1741 5002 1878 5076 graviora

168 5083 344 5143 Goelsstibue
368 5085 447 5141 enirn
467 5083 615 5141 beneficiis
639 5083 752 5142 invitati
777 5085 910 5141 deserere
938 5103 996 5140 non
1052 5087 1171 5157 peccata
1185 5085 1342 5155 dellsxsrit,
1359 5103 1412 5143 nec
1427 5089 1519 5160 egerit
1537 5090 1749 5162 poenitentiam,
1779 5090 1879 5166 imago

169 5174 337 5232 debuerunt
356 5173 421 5229 vitre
437 5173 604 5229 securitatis
628 5176 656 5228 et
685 5173 887 5245 prosperitatis
915 5173 997 5230 dato·
1054 5176 1120 5246 ejus
1136 5172 1269 5230 aboletur
1282 5175 1327 5232 vel
1341 5175 1477 5247 dejicitur
1488 5194 1495 5244 ;
1507 5177 1687 5233 sicuttdam
1698 5179 1734 5235 de
1744 5180 1882 5252 paradiso

169 5279 246 5334 rem,
258 5262 304 5318 cui
328 5262 422 5336 magis
435 5262 597 5319 debuerant
611 5262 821 5333 obtemperare.
844 5261 899 5316 Sed
923 5260 999 5316 sicut
1057 5263 1167 5335 ejectus
1183 5268 1229 5320 est
1243 5268 1271 5319 et
1285 5261 1433 5320 exclusus.
1450 5263 1622 5338 Quicunque
1635 5269 1733 5325 autem
1753 5269 1799 5343 pie
1827 5268 1883 5326 bo-

165 5350 287 5426 justitia
318 5351 366 5406 Dei
396 5367 513 5424 magna,
544 5351 583 5406 ita
611 5349 698 5406 elium
730 5365 833 5405 severa
863 5349 999 5406 vindicta.
1059 5358 1198 5424 resteque
1213 5341 1245 5407 se
1258 5351 1392 5424 gesserit,
1420 5352 1512 5409 intrat
1539 5353 1570 5408 in
1597 5354 1743 5412 civitatem
1769 5357 1832 5425 Dei,
1855 5362 1885 5415 et

170 5441 296 5509 Quando
311 5437 389 5496 enim
404 5439 514 5513 impius
529 5454 714 5513 perseverare
724 5438 883 5506 consuevit,
895 5439 931 5495 de
946 5456 1003 5512 quo
1059 5441 1147 5498 insert
1164 5440 1321 5513 imaginem
1339 5455 1435 5507 suam,
1451 5445 1483 5495 ut
1497 5442 1528 5497 in
1542 5441 1594 5497 illa
1608 5443 1659 5500 Dei
1675 5444 1788 5518 lulgsat
1813 5446 1885 5504 civi·

219 5581 267 5655 30)
279 5582 321 5638 lta
336 5599 408 5640 mss.
425 5583 552 5653 thuan„
568 5583 654 5650 vict,
671 5581 762 5649 uolo,
775 5581 861 5637 Turn.
876 5583 911 5638 At
925 5583 994 5641 edit.
1010 5585 1076 5642 Dra.
1093 5601 1126 5641 ac
1141 5583 1219 5653 uili,
1235 5586 1261 5639 et
1272 5598 1328 5639 ocu
1342 5581 1471 5640 norrun
1485 5586 1517 5640 iu
1537 5587 1659 5644 incertia.
1676 5588 1772 5660 Rom,
1787 5594 1813 5646 ct
1825 5605 1882 5646 nou

183 5673 202 5712 o
221 5671 255 5712 or
269 5656 317 5726 qui
330 5657 368 5712 ut
383 5656 413 5711 ia
429 5657 550 5713 incertis.
578 5658 632 5711 eto.
