4159 6184
146 328 201 407 aa
315 406 317 409 ,
656 309 1353 408 intransmeabiles.
1787 302 1861 409 ‘teo

148 475 213 549 qaia
227 490 244 530 a
258 468 368 530 dicbus
396 467 518 529 ioannis
538 483 661 545 regnum
683 474 821 531 coetorum
850 471 975 543 cogitur,
990 476 1018 541 Α
1033 477 1152 533 rabunt.
1165 477 1239 543 Quid
1266 476 1458 534 fenerabunt?
1471 476 1541 533 Non
1565 476 1665 551 utique
1689 478 1857 551 pecuniam,

136 568 173 621 et
199 555 339 637 cogentes
365 551 510 634 diripidnt
538 552 621 617 illud.
659 551 839 619 destinantes
877 563 976 617 autem
1034 566 1086 620 sed
1101 564 1287 639 sapientium,
1303 565 1381 621 sicut
1395 570 1425 622 et
1438 563 1483 622 lex
1495 563 1581 621 dicit:
1599 586 1614 616 ι(
1630 564 1861 640 Fenerabisgen·

147 648 368 729 petrespascba
395 646 593 731 celebrabant,
620 650 671 723 qui
695 642 867 707 testinantes
892 664 976 705 man·
1033 653 1113 710 tibus
1149 650 1269 710 multis:
1294 657 1327 707 tu
1356 656 1453 709 autem
1469 656 1606 709 mutuum
1633 669 1691 709 non
1732 652 1859 727 accipies

145 739 289 800 ducebant
313 748 437 813 agnum,
470 750 529 795 non
555 738 759 796 demorantes:
790 740 820 794 et
855 737 976 796 fratrem
1033 740 1239 813 (Deat.xv,d).
1259 738 1441 798 »Feneravit
1463 741 1542 797 enim
1565 740 1684 798 iudans
1712 741 1858 815 proselyto

143 828 290 904 benjamin
313 831 437 885 sanctus
466 818 575 899 Josepb
604 826 658 900 piae
687 832 854 885 commento
894 826 976 883 trau·
1032 830 1136 886 divina
1152 830 1363 903 legisoracnla.
1380 831 1435 886 Sed
1452 829 1597 903 quiaipse
1624 830 1697 904 legis
1718 829 1859 904 mysteria

142 922 186 978 dis
214 916 365 977 accersivit
392 921 421 974 et
448 916 547 973 tenuit
586 916 663 988 (Gen.
701 934 769 985 rau,
805 916 857 984 20;
874 900 880 919 ¹
899 933 974 986 xarv,
1031 919 1129 975 videre
1145 937 1203 975 non
1225 918 1332 991 potuit,
1356 923 1384 974 et
1412 934 1476 991 quae
1500 917 1629 974 habebat
1649 918 1770 975 nescivit
1792 925 1858 975 ora·

142 1009 195 1081 17).
1032 1006 1108 1074 cula,
1125 1007 1174 1080 qui
1191 1004 1319 1063 litteram
1333 1006 1483 1063 fenerabat
1494 1007 1641 1079 gentibus,
1658 1022 1735 1063 nuno
1757 1008 1793 1063 ab
1809 1006 1858 1063 his

176 1096 217 1153 ti.
247 1096 283 1153 tat
306 1092 369 1167 ipse
397 1096 499 1150 tamen
526 1096 561 1149 ut
596 1094 818 1151 benediceretur
846 1094 975 1165 cogendo
1032 1094 1217 1167 spiritalibus
1236 1094 1514 1169 doctriuaegraiiam
1541 1099 1710 1151 mutuatur:
1736 1096 1857 1152 merito-

124 1184 234 1265 ·elicuit
253 1187 281 1241 et
296 1183 467 1256 impetravit
483 1180 563 1255 illm:
578 1195 666 1253 xxvrr,
683 1184 729 1251 38,
746 1182 812 1256 39);
837 1182 888 1237 sad
909 1198 975 1239 eam
1031 1185 1250 1255 quesubjectus
1264 1188 1311 1241 est
1324 1183 1473 1241 servituti:
1499 1185 1639 1257 quoniam
1663 1185 1713 1257 qui
1739 1185 1858 1241 mut'ua·

140 1272 462 1345 benedictionemque
483 1267 554 1328 cu'm
572 1272 723 1345 superiore
751 1275 925 1344 congrueret
947 1274 976 1328 et
1030 1277 1193 1330 turservus
1207 1276 1356 1343 est(Prov.
1378 1290 1446 1343 xxa,
1474 1272 1512 1345 ti,
1537 1273 1622 1347 quasi
1651 1273 1785 1329 addictus
1813 1272 1855 1329 te·
1877 1311 1881 1315 Α

141 1360 314 1429 conveniret,
341 1360 374 1415 ut
402 1352 529 1416 serviret
558 1360 641 1417 tratri
672 1374 738 1417 suo.
769 1360 885 1416 atenim
925 1359 975 1433 qui
1031 1360 1095 1415 uori
1120 1360 1289 1417 creditoris:
1321 1361 1371 1433 qui
1398 1364 1496 1417 autern
1520 1362 1573 1433 pia
1599 1360 1736 1417 doctrina
1771 1353 1858 1416 tenus

141 1442 282 1523 imperare
297 1460 354 1503 non
382 1447 500 1520 poterat
523 1438 701 1505 stulterum
734 1436 845 1520 regere,
868 1446 976 1504 servire
1029 1446 1171 1519 impartit,
1189 1448 1433 1521 isestprinceps,
1458 1449 1534 1505 sicut
1558 1448 1605 1505 lex
1627 1447 1712 1505 dicit:
1729 1471 1745 1499 «
1772 1442 1856 1504 Prii:-

141 1533 271 1607 debebat,
287 1522 558 1608 utaprudeutiore
581 1532 746 1609 regeretur.
775 1536 874 1607 Neque
896 1534 974 1591 enim
1031 1536 1169 1607 capsaris
1184 1537 1316 1608 gentium
1331 1536 1508 1593 multarum:
1526 1536 1579 1592 tibi
1596 1541 1693 1593 autem
1708 1535 1856 1609 principes

140 1628 191 1684 tuit
216 1624 387 1681 Patriarcbie
416 1624 572 1689 suncti,ut
596 1624 693 1681 tilium
725 1637 817 1679 suum
840 1622 973 1697 degeneri
1031 1623 1430 1696 exipsisnoneruntweat.
1446 1640 1492 1692 xv,
1516 1626 1583 1693 6).»
1612 1625 1751 1698 Princeps
1775 1625 1856 1681 enim

140 1714 296 1777 conditioni
312 1712 460 1769 servitutis
476 1710 643 1769 addiceret:
661 1710 713 1770 sed
742 1714 778 1767 ut
804 1711 899 1767 bonus
923 1724 975 1787 pa·
1030 1715 1075 1767 est
1089 1710 1140 1783 qui
1154 1713 1237 1784 regit,
1250 1712 1302 1784 qni
1317 1719 1346 1768 ct
1370 1712 1459 1769 babet
1481 1713 1625 1785 patientia
1646 1713 1855 1785 principatum,

138 1810 189 1872 ter,
205 1804 272 1860 cum
287 1802 360 1859 duos
383 1800 510 1857 hab'e'ret
534 1792 622 1867 tilios,
649 1816 748 1857 unum
777 1799 973 1871 intemperen·
988 1827 1013 1901 B
1031 1814 1118 1872 quem
1142 1800 1246 1856 habuit
1273 1800 1401 1873 populus
1428 1801 1607 1857 iudeorum.
1633 1800 1690 1857 Sed
1714 1801 1855 1873 quoniam

139 1899 205 1962 tem,
221 1892 433 1966 prudentemet
447 1887 586 1946 sobrium
602 1888 746 1954 atterum,
778 1902 837 1961 quo
856 1888 972 1959 utrique
1028 1889 1105 1961 quod
1120 1889 1251 1957 docebat,
1278 1905 1394 1946 servare
1418 1905 1476 1946 non
1499 1888 1605 1963 potuit,
1630 1888 1717 1945 debet
1740 1880 1852 1945 disoert

136 1976 307 2046 concuteret,
321 1976 532 2052 intemperanti
552 1974 682 2051 prefecit
701 1976 854 2043 sobrium,
875 1978 904 2032 et
927 1976 971 2031 iu·
1028 1977 1106 2050 quod
1123 1976 1367 2033 docerenescivit.

137 2070 289 2143 sipientem
305 2068 437 2141 prudenti
449 2064 560 2123 statuit
574 2065 710 2123 obedire:
729 2063 804 2137 quia
829 2062 972 2135 insipiens
1064 2065 1108 2120 13.
1125 2065 1184 2121 Ηοο
1198 2070 1244 2121 est
1269 2065 1360 2138 igitur
1388 2068 1465 2139 quod
1481 2068 1533 2124 ‘ait
1561 2063 1727 2139 patriarcha
1755 2066 1854 2122 lsaae':

137 2172 194 2216 uon
205 2158 301 2231 potest
309 2155 497 2213 voluntarius
514 2153 630 2209 virtutis
644 2170 709 2210 esse
726 2150 907 2224 discipulus,
919 2156 972 2209 nec
1028 2173 1042 2201 κ
1058 2152 1172 2208 Servios
1186 2152 1269 2209 tratri
1302 2158 1363 2210 tuo.
1388 2154 1449 2211 Erit
1469 2159 1567 2213 autem
1592 2170 1659 2211 curn
1685 2149 1856 2227 deposuerit

138 2254 318 2321 mmeuerare
332 2244 362 2301 in
376 2243 487 2309 studio,
504 2240 576 2313 quia
590 2239 700 2298 stultus
716 2240 799 2298 sicut
814 2238 884 2295 iuna
905 2254 970 2295 mu·
1026 2244 1056 2295 et
1076 2239 1197 2297 solveris
1217 2242 1323 2315 jugum
1348 2242 1463 2299 illiusa
1486 2243 1561 2300 collo
1589 2248 1640 2299 tuo
1664 2242 1742 2313 (Gen.
1766 2256 1854 2310 narr,

138 2340 223 2401 tetur,
249 2335 411 2407 meritoque
439 2332 467 2389 ei
504 2330 672 2387 libertatem
709 2326 824 2403 proprii
856 2328 971 2400 negavit
1025 2328 1082 2399 40),
1099 2350 1115 2377 »
1128 2328 1298 2401 significans
1312 2330 1387 2387 duos
1402 2331 1518 2388 tuturos
1529 2329 1664 2405 populos,
1681 2346 1775 2387 unum
1798 2343 1853 2387 an-

137 2425 257 2491 arbitrii,
273 2440 309 2480 ne
323 2416 400 2479 velut
414 2421 503 2479 nevis
518 2419 549 2473 in
569 2415 707 2474 tluctibus
733 2418 801 2474 sine
825 2416 969 2489 guberna·
1026 2414 1099 2471 oilla
1114 2417 1219 2484 filium,
1243 2418 1368 2474 atterum
1397 2418 1496 2475 libera
1524 2420 1626 2491 (servit
1644 2418 1724 2475 enim
1745 2416 1853 2488 littere,

137 2512 352 2573 tractatura:
369 2510 419 2567 sed
435 2503 576 2566 subdidit
590 2517 658 2561 eum
683 2505 781 2574 tratri,
806 2503 968 2560 secundum
1025 2503 1119 2560 libera
1132 2508 1177 2561 est
1192 2505 1307 2578 gratia),
1324 2522 1451 2579 eumque
1465 2507 1607 2579 populum
1622 2506 1671 2578 qui
1687 2505 1789 2562 litters
1805 2506 1854 2563 in·

137 2603 215 2676 quod
242 2601 385 2673 scriptum
413 2603 508 2655 cett«
548 2592 642 2650 Servit
680 2595 760 2652 enim
797 2593 971 2664 imprudens
1025 2593 1128 2659 tendit,
1152 2593 1256 2649 tandiu
1286 2609 1401 2649 servum
1430 2596 1500 2663 lore,
1539 2594 1672 2666 quandiu
1711 2593 1854 2665 spiritalis

137 2689 274 2765 peccarat
288 2691 382 2763 (Prae.
397 2692 436 2752 xi,
452 2684 512 2756 29).
528 2704 542 2732 ιι
574 2680 658 2738 Recte
683 2698 753 2755 ergo
777 2696 846 2738 eum
870 2672 969 2736 subdi·
1025 2680 1164 2737 doctriua
1180 2686 1322 2755 sequatur
1336 2682 1536 2755 interpretem.
1552 2683 1636 2738 'lunc
1650 2696 1766 2755 quoque
1776 2679 1852 2753 illud

137 2780 191 2845 dit,
205 2782 239 2834 ut
252 2766 383 2851 regestis·
397 2773 523 2847 imperio
539 2772 628 2827 suum
644 2770 811 2827 melioraret
831 2762 968 2825 affectunt
1024 2770 1157 2826 laturum
1183 2775 1238 2845 est,
1264 2772 1340 2844 quod
1371 2770 1530 2845 Apostolus
1546 2771 1604 2839 ait;
1622 2792 1636 2821 a
1661 2769 1697 2826 Ut
1720 2758 1854 2846 reliquia

136 2862 205 2925 ideo
218 2864 279 2925 aie:
298 2866 418 2937 «Super
433 2861 564 2937 gladium
580 2864 665 2915 tuum
688 2860 779 2924 vives,
809 2861 839 2914 et
861 2856 970 2915 servies
1024 2858 1109 2914 salva
1125 2852 1375 2917 fiantsecundum
1391 2858 1565 2917 electionem
1593 2859 1792 2936 gratiaedtom.
1810 2875 1852 2931 rx,

137 2955 219 3016 butri
232 2953 362 3023 tubalea
376 2955 466 3018 risu,
482 2948 539 3019 110).
558 2969 571 2997 a
589 2946 712 3003 Domina
726 2946 804 3004 enim
820 2950 866 3001 est
876 2944 970 3029 pietas
1022 2947 1079 3019 27).
1098 2970 1112 2997 »
1127 2946 1242 3007 Servios
1256 2964 1325 3022 ergo
1341 2948 1425 3004 tratri
1438 2953 1505 3007 tuo:
1523 2948 1574 3005 sed
1589 2946 1775 3005 tuncsenties
1790 2962 1853 3022 ser3

136 3040 330 3110 crudelitatis,
355 3046 384 3098 et
413 3037 611 3096 mansuetudo
640 3036 722 3092 duris
744 3034 875 3091 motibus
899 3045 969 3105 prae·
1023 3035 1316 3109 vitutisprotectum,
1332 3053 1399 3094 cum
1423 3035 1606 3095 voluntarius
1630 3036 1728 3111 potius
1755 3052 1855 3109 quam,

136 3136 197 3191 stat
210 3133 277 3205 (31),
1022 3128 1141 3180 coactus
1156 3125 1275 3182 obedire
1290 3125 1410 3199 coeperis
1425 3127 1508 3182 tratri
1522 3125 1590 3199 (35).

173 3217 219 3277 lt.
246 3219 339 3277 serait
367 3215 466 3274 omnis
495 3214 545 3287 qui
571 3213 773 3270 auctoritatem
800 3223 881 3283 pura
906 3194 1001 3266 nonC
1341 3241 1458 3298 CAPUT
1478 3242 1525 3298 lv.

137 3304 218 3367 m
256 3306 345 3364 babet
369 3302 569 3361 conscientie:
599 3301 687 3358 servit
715 3298 885 3373 quicunque
921 3296 966 3353 vet
1020 3329 1112 3383 mm·
1137 3345 1229 3386 necem
1251 3331 1399 3385 minitatur
1420 3331 1503 3398 Em,
1526 3345 1581 3402 qua
1607 3329 1747 3385 omme
1778 3328 1854 3400 pla?

137 3403 220 3454 metu
235 3396 390 3469 dangdur,
404 3392 450 3449 vel
470 3388 660 3447 delectatione
681 3385 822 3452 irretitur,
846 3384 891 3441 vel
915 3402 965 3442 cu·
1056 3396 1153 3455 caadae
1181 3401 1296 3457 invttiae
1321 3405 1462 3473 praecepta
1486 3403 1688 3475 proponantur,
1733 3399 1773 3458 Ad
1795 3389 1849 3457 [a.

136 3484 315 3559 dipitatibus
330 3481 460 3549 ducitur,
475 3476 523 3535 vel
547 3476 751 3549 indignatione
767 3476 965 3546 exasperetur,
1058 3470 1159 3525 tanam
1170 3474 1309 3542 profectus
1334 3472 1416 3528 lacot
1431 3475 1462 3527 ιἰι
1484 3474 1531 3528 uia
1553 3472 1716 3540 nupciarum
1741 3474 1857 3529 recreo·'

132 3572 182 3633 vel
197 3585 321 3630 macrore
336 3569 486 3643 dejicitur.
503 3564 622 3623 Servitia
637 3562 716 3623 enlm
732 3564 777 3621 est
792 3562 888 3618 omnis
898 3578 967 3635 pas-
1057 3544 1101 3595 ⁸¹⁴³
1116 3544 1300 3613 allatam,
1316 3556 1348 3596 αθ
1360 3545 1455 3614 imita
1469 3545 1546 3599 ‘²⁰²2ss
1561 3543 1758 3614 “mtlififflltt

133 3664 198 3722 sio:
233 3660 374 3735 quoniam
403 3656 453 3731 qui
483 3655 553 3712 ladit
591 3649 752 3727 peccatum,
788 3666 890 3708 servus
924 3654 968 3708 est
1062 3654 1102 3707 14.
1119 3653 1447 3725 Hineortaestinvidia,
1462 3655 1848 3730 etmiuabaturllsauquod

133 3750 263 3827 peccati,
278 3752 308 3805 et
322 3748 400 3821 qdod
416 3747 501 3819 pejus
517 3748 571 3813 ost,
592 3742 754 3799 multorum
781 3747 884 3795 emaus
908 3743 966 3795 est:
1023 3742 1218 3816 postobitnm
1246 3743 1338 3816 patris
1368 3742 1488 3800 tratrem
1510 3742 1666 3800 occideret.
1693 3744 1750 3800 Sed
1765 3744 1790 3801 si
1819 3744 1848 3800 id
1958 3752 1964 3757 ’

132 3838 357 3913 quisubjsctus
371 3839 417 3893 est
431 3832 521 3903 vitiis,
538 3830 640 3888 multis
652 3842 683 3888 ee
699 3828 827 3887 dominis
846 3826 967 3895 addixit,
1023 3830 1163 3889 acciderit
1179 3832 1247 3904 (36),
1264 3831 1412 3887 discamus
1431 3849 1449 3887 a
1464 3831 1593 3888 Rebecca
1606 3827 1685 3888 m
1709 3826 1860 3904 quemad?

133 3934 172 3985 ut
195 3927 315 3985 servitio
343 3925 370 3981 ei
398 3921 478 3980 exire
504 3922 552 3977 vix
574 3918 721 3977 liceatdt
750 3929 817 3975 vero
841 3915 890 3973 ille
918 3916 969 3989 qui
1025 3919 1375 3993 modumprovidcndum
1396 3920 1444 3989 sit,
1474 3918 1644 3975 reinuidis
1668 3919 1852 3976 iracundiam

133 4013 301 4073 voluntatis
321 4026 381 4069 sus
405 4009 514 4065 arbiter
538 4011 593 4075 est,
615 4007 702 4077 iudex
730 4000 856 4071 consilii,
879 4002 968 4058 inler-
1025 4008 1140 4074 excitet,
1165 4009 1318 4065 iracundia
1338 4009 1368 4064 in
1394 4007 1584 4081 parricidium
1601 4012 1734 4079 proruat.
1749 4003 1854 4064 Veniat

133 4119 208 4178 pres
234 4097 359 4169 arbitrii,
389 4098 441 4173 qui
464 4099 577 4154 coercet
603 4110 745 4167 corporea
771 4090 970 4165 appetentiam
1026 4095 1166 4165 Rebecca,
1182 4096 1237 4153 hoc
1253 4102 1307 4164 est,
1332 4098 1489 4153 inducatur
1516 4094 1665 4169 patientia,
1695 4096 1772 4153 hona
1799 4113 1853 4152 cn·

136 4188 367 4267 pacaruntaqui
383 4198 496 4261 eaque
513 4186 583 4259 agit,
600 4184 758 4257 beneagit,
774 4182 849 4238 bene
872 4184 970 4237 autem
1026 4185 1089 4241 stes
1115 4183 1298 4254 innocentie,
1315 4186 1436 4241 suadeat
1463 4190 1496 4241 ut
1519 4185 1568 4239 ira
1597 4184 1697 4241 locum
1732 4186 1851 4242 demus·
1957 4236 1959 4240 .

133 4284 326 4356 egensreete
342 4278 412 4352 agit,
430 4281 459 4332 et
485 4274 536 4347 qui
561 4276 638 4329 recte
665 4271 735 4345 agit,
766 4268 917 4341 inculpate
945 4270 974 4324 et
1027 4272 1229 4329 concedamus
1245 4273 1486 4345 aliquolongius,
1503 4274 1595 4329 donec
1621 4277 1752 4345 tempore
1776 4272 1855 4329 indi·

134 4364 444 4443 irreprehensibiliter
465 4360 535 4437 egit,
561 4360 673 4417 habens
694 4371 816 4416 suorum
854 4361 973 4413 actuum
1028 4360 1129 4437 gratio
1144 4359 1302 4426 molliatur,
1319 4360 1489 4422 offensionis
1517 4360 1638 4433 obrepat
1660 4360 1776 4441 oblivio.
1798 4361 1856 4418 It'a·

135 4460 340 4534 potestatem:
361 4448 532 4527 iaproiecto
547 4449 687 4507 liberast.
703 4448 775 4504 Nam
796 4445 847 4519 qui
876 4443 975 4502 omnia
1030 4465 1088 4524 que
1103 4448 1232 4521 patentia
1246 4465 1299 4505 nec
1313 4447 1448 4505 exsilium
1464 4449 1645 4518 reformidat,
1662 4451 1714 4507 sed
1731 4439 1864 4524 impigro

136 4548 310 4623 prudenter
324 4540 393 4619 agit,
422 4543 451 4599 et
473 4536 601 4597 itavivit
621 4542 653 4592 ut
674 4536 746 4605 vult,
771 4536 796 4591 is
820 4534 902 4591 solus
930 4537 975 4591 ast
992 4558 1016 4623 D
1031 4537 1172 4609 suscipit:
1190 4552 1247 4593 non
1263 4542 1323 4592 tam
1339 4536 1550 4609 uipericulum
1566 4538 1681 4609 salutis,
1710 4554 1801 4611 quam
1826 4540 1867 4595 ut·

135 4637 233 4695 liber.
262 4634 325 4690 Non
354 4630 483 4689 conditio
509 4627 631 4685 fortuite
663 4640 780 4681 seruum
808 4622 886 4691 tacit,
925 4622 975 4680 ssd
1032 4624 1212 4682 incentivum
1228 4624 1345 4681 sceleris
1360 4625 1531 4683 declinetur.
1554 4626 1646 4684 Mater
1668 4642 1786 4700 qnoque
1811 4618 1866 4698 pia¹

137 4722 296 4799 probrosa
320 4718 502 4793 insipientie.
530 4715 661 4788 Denique
690 4710 819 4769 famulus
849 4712 979 4783 prudens
1034 4713 1136 4770 abesse
1148 4713 1204 4769 sibi
1229 4712 1455 4770 dilectissimum
1478 4715 1573 4772 tilium
1597 4715 1710 4784 tolerat,
1735 4714 1803 4788 plus
1832 4708 1867 4768 ei¹

135 4810 226 4887 regit
240 4808 375 4866 dominos
391 4802 508 4875 stultos,
525 4808 553 4862 et
567 4803 652 4878 periti
668 4801 741 4858 servi
757 4797 885 4858 dominis
898 4800 979 4857 tene·
1035 4801 1176 4857 collatura
1190 4816 1279 4872 quem
1292 4797 1381 4856 lesit:
1398 4803 1515 4876 utrique
1529 4808 1627 4861 tamen
1642 4801 1809 4868 consulens,
1826 4802 1860 4857 ut

136 4936 367 5019 modolaatem
396 4940 450 5007 pro
469 4922 564 5014 'omni
593 4924 706 4983 fallacia
729 4928 757 4981 et
794 4923 981 4982 simulatione
1035 4923 1295 4998 cantpbilosopbi.
1442 4983 1448 5008 ;
1528 4997 1533 5007 Ι
1727 4993 1732 5004 Ι
1820 4977 1869 5049 cd

136 5005 448 5150 :carraria
468 5000 788 5129 :eumue
819 4997 980 5152 teau:
1037 4996 1563 5150 artatur,caecati
1576 4994 1769 5151 :aaa
1790 4993 1865 5149 t,

139 5150 240 5208 Hunc
267 5150 341 5204 teste
369 5145 515 5211 Cicerone,
547 5138 598 5196 ltb.
627 5154 660 5195 ur
688 5138 721 5194 de
768 5137 861 5212 Offae,
897 5143 980 5194 rtem·
1037 5155 1111 5210 erpo,
1129 5123 1869 5221 etc.Derndemputtertrumcontinuatasquaad

140 5236 214 5306 que
244 5236 275 5301 ιιιΙ
302 5217 336 5273 de
361 5210 438 5301 liat.v
454 5214 531 5299 decu
558 5208 891 5334 Aquiliuevdefiniebat,
913 5223 982 5335 lcum
1038 5209 1214 5277 haeverba,
1230 5212 1324 5265 omnia
1337 5210 1716 5334 ιιιιι«ἰεῙεειιιᾰηιιἰιιέίναι.ἱ
1769 5281 1771 5288 Ι
1796 5276 1818 5333 Ε

135 5281 873 5429 :tacitaetacitae:tritu
886 5280 909 5337 ¹³
1039 5280 1864 5435 tertiarumque:far·aarum

190 5432 256 5507 (24)
280 5430 363 5487 ilem.
387 5429 471 5495 edita,
516 5428 576 5482 arte
602 5424 725 5501 meritus
748 5430 869 5495 praeut.
900 5420 983 5505 H.⁸¹¹d
1039 5423 1093 5479 Sed
1107 5438 1142 5504 ue
1166 5423 1195 5477 ut
1223 5420 1370 5503 accederem
1394 5419 1465 5501 edit.
1493 5419 1571 5486 Gril,
1587 5420 1724 5504 accident.
1755 5420 1873 5506 Iterum¹

139 5504 254 5564 male:
273 5500 323 5559 sed
340 5496 680 5563 uun¹ideoabaliardtm
698 5498 726 5550 et
752 5510 822 5550 mss.
851 5506 982 5573 omnium
1040 5491 1330 5572 bocrpsoloco,ub1
1355 5490 1559 5568 ed1t.em.ac
1582 5493 1659 5561 Era,
1684 5492 1807 5548 coemto
1829 5487 1866 5549 ad

141 5574 356 5637 recedendum
370 5570 504 5639 tectione,
522 5572 634 5626 dumet
648 5566 713 5639 ipea
735 5565 812 5622 bona
837 5562 883 5621 sit.
909 5564 985 5621 Sant
1042 5564 1212 5627 Rebeccam:
1221 5559 1288 5618 0111.
1305 5574 1338 5617 ac
1351 5561 1432 5617 Rom.
1459 5578 1527 5621 cum
1550 5579 1623 5653 mss,
1650 5562 1789 5624 omnibus
1811 5561 1866 5647 hoff

141 5647 241 5709 enim
252 5645 319 5705 duri
331 5646 419 5703 motas
434 5642 523 5713 idem,
540 5654 572 5698 ac
586 5638 666 5697 dura
695 5636 857 5712 passiones,
880 5638 912 5697 ut
934 5651 984 5697 ro·
1043 5636 1122 5709 bant,
1138 5632 1437 5697 macuculam.

324 5770 454 5839 Panos.
477 5766 557 5837 ΧΠ.
1665 5759 1707 5854 tt
