4159 6184
167 307 229 378 aar
528 319 530 324 ·
774 307 968 377 ereccon
995 299 1120 370 osvio
1143 307 1317 375 semes.
1849 321 1911 394 ,g

166 441 432 515 formavirtutis3
462 455 523 500 non
552 425 582 500 in
608 441 718 503 tabulis
743 443 877 521 lapideis,
907 443 958 502 aad
986 443 1019 498 in
1036 443 1311 508 ,tinuocentsmts
1326 441 1459 504 εεεεειει
1486 445 1551 509 lio'u
1575 457 1621 512 est
1646 449 1739 530 igitur
1763 460 1911 520 maximus
1953 499 1964 513 .

164 537 282 597 tabulis
310 535 414 595 cordis
443 531 627 592 carnalibus.
658 535 712 594 Sed
744 552 809 610 que
838 535 915 592 bona
944 536 1019 592 sunt
1076 535 1379 604 erubescendilocus,
1395 539 1515 610 quando
1538 557 1606 600 cum
1634 542 1772 617 plurimis
1800 551 1910 622 peccati

167 645 228 684 non
245 629 417 686 atramento
432 623 620 691 scribuntur,
641 625 692 682 aed
722 623 828 698 spiritu
857 624 906 681 liei
937 621 1016 680 vivi:
1075 624 1434 691 mistaoonsortiasuut;
1451 629 1760 704 sisequamurtameu
1776 637 1909 696 studium
2014 658 2023 666 ·

166 733 234 788 que
249 723 352 774 sutem
369 714 490 781 vitiosa,
512 712 638 786 graphio
663 713 754 771 ierreo
775 718 805 771 et
829 705 927 788 ungue
945 711 1017 768 ada·
1075 713 1249 786 corrigendi.
1266 715 1371 784 Neque
1387 731 1490 773 sumus
1518 735 1633 791 paveas.
1664 738 1701 778 ιθ
1718 722 1810 797 culpo
1838 739 1909 780 001¹·

166 807 306 864 mantino
349 803 460 878 (leid).
492 801 575 858 'l'alis
605 804 819 876 propemodum
836 829 838 836 1
857 803 1016 875 scriptura,
1074 799 1162 857 tassio
1177 798 1365 858 teneaturad
1394 816 1522 873 prauam.
1538 806 1774 868 fflnusenimet
1793 811 1909 868 miseri·

167 895 266 967 qualis
293 899 339 953 set
364 911 455 968 poena
483 889 611 966 peccati.
644 891 791 950 scribitur
814 891 865 949 illa
893 887 1017 964 grapbio
1074 903 1139 946 cors
1155 895 1229 946 Deus
1244 904 1307 945 uon
1325 886 1421 945 solum
1435 891 1539 965 culpas
1567 895 1716 970 ignoscere
1743 899 1908 969 medianti-

167 983 272 1054 terreo,
289 985 344 1041 boc
358 984 442 1056 virga
458 981 556 1038 terrea
571 984 735 1050 coercetur,
765 981 842 1037 sicut
870 979 1016 1052 scriptum
1074 977 1141 1042 bus,
1164 978 1216 1035 sed
1244 978 1338 1034 etiam
1367 982 1489 1050 premia
1516 985 1731 1063 corrigentibus
1757 987 1909 1060 impertire

168 1075 232 1128 ssa:
250 1095 265 1124 a
282 1074 377 1146 neges
393 1088 448 1129 eos
462 1069 495 1127 in
509 1069 597 1142 virga
610 1068 706 1126 ferrea
720 1070 851 1143 (Pactu,
867 1069 906 1140 9).
924 1087 938 1117 ε
953 1063 1018 1120 Alie
1073 1066 1242 1137 consucvit3
1256 1066 1283 1125 si
1299 1071 1401 1124 tamen
1412 1073 1679 1146 unusquisquesibi
1695 1075 1799 1133 donari
1814 1080 1906 1150 petat,
1949 1088 1951 1093 '

167 1170 213 1220 εει
226 1161 277 1220 illa
288 1163 373 1235 virga
386 1167 479 1224 recta,
504 1159 591 1233 virga
608 1159 690 1232 regni
708 1159 751 1217 tui
767 1159 854 1228 (Prot.
876 1173 950 1223 serv,
965 1155 1014 1225 tt:
1072 1156 1152 1226 quod
1178 1155 1320 1228 intelligit
1341 1159 1400 1212 non
1414 1156 1514 1217 latere.
1535 1185 1545 1212 ι
1563 1162 1615 1220 Dic
1638 1179 1707 1237 ergo
1734 1164 1908 1236 iniquitates

169 1251 230 1309 baec
244 1251 391 1325 supplicio
405 1254 523 1306 coercet
538 1247 658 1315 noxios,
679 1246 731 1305 ille
744 1247 879 1304 innoxios
908 1245 1016 1318 guber·
1043 1275 1047 1284 -
1071 1248 1150 1310 tuas,
1166 1249 1199 1299 ut
1220 1245 1400 1316 justificeris
1413 1249 1478 1316 (lac.
1503 1267 1582 1319 sarri,
1597 1252 1655 1323 26).
1672 1273 1687 1302 e
1702 1251 1752 1310 uei
1771 1269 1825 1310 vox
1849 1253 1908 1309 ista

171 1345 224 1398 nat
236 1337 451 1414 imperiollrgo
467 1335 580 1409 scripta
596 1341 645 1393 εει
659 1335 764 1407 culpa:
780 1334 936 1391 videamus
953 1328 1015 1388 ubi.
1071 1335 1116 1387 est
1140 1331 1267 1389 volentis
1293 1333 1465 1407 ignoscere:
1481 1337 1532 1395 Dei
1546 1355 1602 1396 vox
1626 1340 1683 1398 ista
1708 1345 1755 1396 est
1783 1340 1906 1413 promit·

174 1430 239 1487 Non
249 1428 325 1496 loris,
341 1429 393 1486 aed
408 1427 497 1483 intus
511 1424 542 1480 in
558 1424 651 1482 corde
665 1426 716 1482 tuo
731 1427 760 1480 et
775 1423 805 1479 in
821 1427 940 1496 pectore
952 1423 1014 1475 tuo.
1071 1418 1174 1487 tentis,
1189 1421 1269 1493 quod
1279 1424 1368 1478 tuum
1382 1422 1452 1480 velit
1465 1425 1562 1484 delere
1580 1435 1743 1500 peccatum.
1874 1495 1879 1502 .

174 1518 343 1576 sicutenim
358 1530 455 1590 prope
470 1516 515 1571 εει
545 1513 673 1570 verbum
701 1512 731 1569 iu
756 1528 806 1569 ore
834 1513 898 1580 tuo,
925 1511 955 1564 et
983 1507 1015 1563 iu
1106 1508 1248 1565 d9.·'l'ibi
1264 1511 1411 1582 peccam»
1426 1514 1517 1570 David
1531 1514 1786 1584 dicit‚«etmalum
1802 1534 1903 1576 coram

173 1608 341 1665 cordetuo:
357 1605 402 1663 sic
416 1600 594 1660 iussdelibua
611 1602 643 1658 iu
657 1602 723 1674 ipso
737 1601 823 1657 corde
841 1593 1017 1670 exprimitur
1071 1598 1101 1651 ιε
1115 1596 1181 1652 ιεει.
1200 1618 1211 1646 u
1231 1599 1290 1656 llcc
1303 1603 1361 1667 εει,
1376 1600 1431 1658 ειεί
1447 1601 1583 1660 homines
1596 1619 1656 1660 nou
1670 1604 1779 1675 vident,
1796 1607 1849 1664 sed
1873 1611 1906 1666 tu

172 1694 399 1769 figurapsoaati,
416 1697 449 1748 ει
464 1691 573 1747 erroris
587 1689 714 1762 effigies.
744 1689 827 1746 lutus
853 1687 946 1760 igitur
970 1689 1016 1741 εει
1070 1681 1172 1740 uum:
1188 1686 1244 1741 etsi
1266 1686 1406 1744 homines
1420 1705 1469 1746 me
1491 1691 1653 1762 dijudicare
1682 1707 1741 1749 nou
1770 1699 1906 1766 possunt,
2002 1689 2011 1707 '

172 1784 272 1856 culpa,
287 1783 409 1840 intueat
425 1780 533 1847 virtus,
548 1779 585 1836 ua
599 1779 667 1836 idco
692 1777 852 1836 Dominus:
870 1781 885 1825 e
902 1772 1014 1840 Sentio,
1030 1807 1055 1872 B
1071 1771 1141 1844 quia
1156 1775 1316 1848 participes
1331 1776 1508 1835 delictorum
1536 1784 1624 1849 sunt;
1641 1785 1671 1836 tu
1700 1785 1802 1838 umen
1812 1783 1905 1855 judex

172 1871 282 1944 inquit,
298 1871 332 1927 da
348 1883 395 1925 me
423 1867 563 1924 virtutem
580 1867 679 1924 exisse
695 1867 772 1938 (tac.
789 1882 850 1932 vru,
868 1861 932 1931 idi:
950 1882 965 1910 »
982 1863 1015 1916 ut
1070 1874 1102 1915 es
1116 1859 1313 1934 singulorum,
1331 1865 1404 1938 quie
1417 1883 1520 1940 expers
1535 1883 1567 1924 as
1579 1866 1766 1926 delictorum.
1798 1870 1906 1935 Quam-

173 1959 340 2017 ostenderet
359 1971 427 2029 quaa
445 1956 622 2022 bonasuut,
640 1955 677 2012 de
701 1953 841 2012 interiore
857 1948 1015 2026 procedere
1070 1946 1186 2005 libatio
1206 1952 1294 2008 corde
1319 1952 1633 2028 intimocogitatiouee
1659 1955 1755 2012 noxis
1784 1956 1906 2028 lauant,

171 2054 203 2106 ει
217 2051 316 2104 contra
329 2061 393 2118 que
409 2043 772 2113 melaauut,dsiutericre
785 2037 914 2116 prodire.
926 2057 940 2088 e
951 2036 1014 2092 Non
1070 2051 1169 2091 coram
1183 2043 1213 2094 te
1227 2042 1328 2097 ιεωεε
1346 2043 1496 2116 sunt,'qui
1510 2046 1593 2116 potas
1608 2042 1722 2101 dicere:
1742 2064 1755 2095 s
1772 2046 1848 2113 Quid
1862 2065 1907 2107 eo-

172 2137 257 2194 enim
272 2131 465 2208 quod'intiat,
482 2127 591 2206 inquit,
622 2132 653 2188 in
671 2148 715 2200 cs,
732 2130 908 2204 coinquinat
920 2123 1015 2182 homi·
1070 2122 1169 2195 gitatis
1184 2128 1264 2184 mala
1288 2129 1319 2185 in
1347 2131 1488 2188 cordibus
1514 2132 1621 2190 vestris
1634 2133 1739 2204 (Ηειιι.
1755 2152 1796 2206 rx,
1823 2138 1874 2211 lli
1891 2160 1903 2189 ι

172 2227 256 2289 nam,
271 2223 320 2280 sed
340 2222 417 2295 quod
447 2221 504 2277 exit
528 2222 565 2279 de
591 2237 643 2277 ore
671 2220 780 2290 (Μαιιι.
796 2237 841 2287 xv,
856 2216 914 2288 lt).
932 2236 947 2265 e
975 2215 1015 2272 De
1071 2211 1181 2285 Nempe
1194 2215 1331 2274 Christus
1345 2217 1402 2275 boc
1416 2219 1568 2285 dicit'Oui
1583 2233 1652 2293 ergo
1672 2221 1756 2280 novit
1774 2224 1847 2299 quid
1872 2207 1905 2282 in

172 2311 342 2372 cordaenim
357 2309 611 2383 tuoccgitaticues
625 2311 809 2381 procedunt;
820 2312 851 2366 ct
864 2307 932 2362 ideo
947 2319 1015 2360 cave
1070 2301 1156 2357 corde
1171 2302 1211 2358 ait
1224 2305 1383 2377 scriptum,
1399 2308 1602 2380 potestdetere
1616 2307 1761 2383 quidquid
1773 2311 1804 2370 in
1819 2314 1905 2371 corde

173 2400 412 2461 nedecordetuo
428 2397 509 2456 male
520 2397 722 2473 cogitationes
735 2398 891 2473 prodeant,
908 2409 973 2466 quae
987 2395 1015 2448 ιε
1069 2391 1270 2464 conscriptum
1285 2397 1341 2450 εει.
1359 2395 1460 2454 Gulae
1475 2397 1600 2454 fateatur
1615 2401 1715 2455 noster
1727 2401 1820 2459 David
1846 2418 1904 2459 non

170 2489 333 2566 posteriore
345 2493 476 2561 tempore
490 2490 623 2560 arguant
638 2488 667 2542 ει
682 2491 839 2545 accusent.
854 2483 919 2544 Non
935 2478 1015 2538 euim
1069 2476 1165 2534 solum
1181 2479 1211 2534 in
1226 2480 1337 2554 seipso,
1353 2485 1405 2541 aed
1419 2485 1507 2542 etism
1522 2485 1553 2541 in
1577 2485 1673 2558 prime
1688 2486 1810 2547 bomine
1838 2507 1903 2564 pcc-

172 2585 252 2637 licus
265 2576 438 2638 testimoniis
452 2577 488 2634 ad
514 2574 733 2634 revincendum
760 2581 789 2634 te
816 2569 1015 2650 argumentis·
1068 2567 1242 2637 cesse,dum
1257 2573 1515 2646 preceptadivina
1530 2579 1721 2632 emerentur.

171 2685 231 2744 que
242 2668 367 2741 indiget:
393 2666 563 2740 tuateipsa
578 2662 668 2735 culpa
683 2668 807 2722 accusat
821 2669 851 2722 et
865 2659 978 2737 prodit.
1102 2658 1148 2711 70.
1178 2657 1240 2724 Quo
1282 2659 1351 2717 licet
1379 2663 1536 2730 advertere,
1566 2662 1672 2720 tratres
1701 2663 1902 2737 dilectissimi,

208 2759 254 2814 67.
271 2756 376 2814 Deinde
395 2755 469 2812 bene
497 2755 528 2810 in
558 2753 615 2810 hcc
640 2751 761 2811 Psalmo
790 2753 881 2810 David
913 2749 1010 2807 dicit:
1068 2745 1900 2828 quemadmodumomnesbaerases,dumseimpugnant‚

172 2870 187 2900 e
204 2846 241 2902 lit
258 2843 395 2908 delictum
408 2859 507 2900 meum
536 2843 641 2899 contra
655 2855 702 2897 me
719 2846 766 2899 est
789 2858 908 2915 semper
923 2837 1011 2912 (Paci.
1067 2833 1099 2892 in
1114 2851 1146 2892 sc
1166 2841 1333 2894 recurrunt.
1350 2839 1462 2913 ltaque,
1475 2839 1575 2897 Ariani
1595 2840 1667 2896 dum
1681 2840 1780 2901 Patris
1793 2847 1823 2901 et
1836 2842 1901 2901 llilii

172 2953 200 3008 a,
215 2935 255 3009 5).
272 2957 287 2986 o
299 2933 346 2990 Vae
359 2933 438 2991 euim
454 2929 527 2988 mibi
542 2929 622 3002 quod
643 2928 736 2987 latere
751 2930 848 3004 cupio,
863 2935 893 2988 ει
916 2929 1013 2986 latere
1067 2927 1206 2996 separant
1221 2928 1407 3002 potestatem,
1422 2929 1452 2985 in
1467 2945 1534 2986 cum
1550 2927 1660 2986 luricae
1671 2929 1783 2988 exitum
1798 2932 1900 3006 dispu-

173 3040 233 3081 non
249 3021 385 3096 pessumi
401 3020 552 3090 Quomodo
568 3017 648 3075 anim
662 3016 772 3088 latebo,
787 3021 839 3092 qui
862 3015 1013 3090 inscripta
1066 3012 1187 3070 tationis
1201 3012 1359 3074 incurrunt
1371 3023 1479 3076 utcurn
1488 3016 1767 3076 Mauicbeiseorum
1778 3024 1900 3078 coucur'·

172 3111 206 3170 in
222 3115 337 3186 pectme
350 3125 416 3168 meo
443 3125 512 3184 gero
527 3121 662 3164 rusorum
677 3105 1014 3166 indiciadaliotcrum?
1067 3105 1114 3160 rat
1128 3102 1272 3172 assedi03
1288 3104 1332 3162 illi
1348 3108 1429 3166 euim
1444 3104 1683 3167 dicuutalterum
1713 3108 1805 3166 Deum
1834 3126 1900 3168 esse

173 3200 340 3258 Nudabitur
353 3199 384 3256 in
396 3197 447 3255 illo
459 3194 564 3269 judicii
581 3193 628 3250 die
642 3193 879 3268 uniuscujusque
894 3198 1012 3270 pectus,
1028 3175 1050 3242 C
1069 3191 1185 3258 veteris,
1201 3189 1327 3251 alterum
1343 3197 1411 3254 novi
1427 3195 1618 3254 Testamenti.
1637 3196 1730 3263 Quam
1744 3197 1897 3270 protanam

174 3287 378 3346 testimonium
393 3285 536 3342 reddente
549 3281 690 3338 omnibus
704 3283 887 3340 conscientie
901 3300 971 3352 sua,
984 3287 1012 3338 ct
1068 3279 1260 3338 sufflationem
1276 3283 1407 3342 Ecclesia
1421 3283 1716 3355 auucucondemnat,
1728 3302 1792 3359 que
1803 3303 1895 3344 unum

175 3377 300 3433 invicem
313 3371 521 3432 assumptibus
536 3369 777 3442 cogitationibus,
792 3373 845 3426 tui
859 3370 949 3427 eiiam
965 3371 1013 3427 iifl·
1067 3368 1160 3427 Deum
1175 3367 1263 3441 i0gii3
1274 3373 1345 3444 quia
1359 3397 1374 3425 ι
1391 3391 1469 3432 uuus
1485 3375 1562 3431 Deus
1577 3373 1659 3431 Pater
1672 3390 1707 3431 ex
1717 3375 1895 3448 queomnia,

84 3529 88 3536 ,
176 3463 374 3532 laudantibus,
388 3462 420 3519 in
431 3463 478 3519 die
493 3476 553 3533 qua
564 3456 713 3531 judicabit
722 3457 867 3515 Dominus
895 3457 1012 3515 occulta
1065 3461 1095 3513 et
1108 3473 1162 3513 noa
1177 3456 1207 3510 in
1222 3456 1340 3530 ipsum:
1356 3466 1386 3519 et
1400 3479 1479 3521 uuus
1493 3462 1732 3521 DominusJesus
1746 3479 1895 3538 perquem

176 3552 342 3611 bominum.
359 3549 429 3617 Quis
457 3549 555 3623 pudor
581 3545 641 3614 illa,
665 3562 733 3604 cum
762 3545 846 3619 prodi
869 3546 1011 3604 omnibus
1065 3543 1288 3606 emplastum
1305 3550 1471 3623 peripsum
1486 3550 1510 3622 (l
1524 3550 1584 3607 Cor.
1601 3566 1664 3620 viu,
1680 3552 1719 3624 d).
1747 3576 1761 3604 e
1789 3552 1896 3626 Utique

177 3640 298 3715 coperit
310 3641 388 3718 quod
405 3639 587 3712 putabamus
608 3632 756 3693 occultum
773 3652 781 3702 ς
804 3649 873 3691 oum
897 3633 1011 3706 aperire
1064 3632 1251 3706 omnipotens
1265 3641 1396 3709 ροιεειεε
1409 3644 1439 3695 ει
1454 3655 1512 3695 una
1522 3638 1616 3694 Patris
1644 3644 1673 3695 at
1687 3639 1751 3696 Filii
1765 3639 1895 3698 declara-

177 3742 211 3787 εε
226 3726 347 3802 coperit
373 3726 612 3798 uniuscujusque
627 3713 725 3795 imago
742 3713 852 3788 delicti,
869 3724 902 3778 ut
916 3738 1009 3778 unus·
1064 3726 1123 3790 tur,
1153 3722 1186 3776 ut
1213 3737 1266 3780 nec
1294 3724 1409 3782 Patrem
1437 3742 1455 3782 a
1481 3723 1553 3781 Novi
1580 3725 1758 3784 Testamenti
1800 3717 1895 3802 gratia

176 3816 305 3889 quisque
320 3815 366 3871 sui
382 3812 516 3872 cuminis
530 3809 606 3868 seris
621 3809 813 3866 revincatur?
826 3809 898 3875 Quis
913 3810 1010 3883 pudor
1063 3825 1267 3881 secernamus,
1281 3822 1335 3870 uec
1349 3828 1454 3871 rursus
1482 3811 1518 3868 ab
1546 3809 1760 3871 instauratione
1790 3817 1894 3873 mundi

176 3919 247 3962 oum
273 3903 357 3960 illum
399 3917 487 3976 quem
501 3898 710 3972 despicabilem
725 3897 757 3955 iu
772 3897 828 3954 boc
841 3897 947 3954 seculo
958 3899 1007 3971 Ju—
1064 3899 1171 3957 Filium
1191 3915 1371 3971 separemus.
1705 3915 1710 3922 ·
1862 3916 1865 3928 ·

177 3993 310 4062 dicebas,
335 3991 442 4048 videris
474 4005 540 4047 esse
563 3977 731 4061 prelatum
761 3984 847 4043 illum
888 4001 1006 4043 servum
1096 3989 1142 4042 71.
1159 3987 1289 4061 Denique
1303 3989 1524 4048 consideremus
1535 3992 1634 4044 utrum
1647 3986 1726 4044 idem
1741 3986 1820 4045 Deus
1833 3988 1891 4061 (45)

177 4087 275 4149 tuum,
290 4079 373 4137 illum
388 4095 476 4152 quam
499 4079 587 4150 juxta
623 4074 723 4133 εεειιιι
752 4075 845 4146 hujus
883 4075 1007 4132 astutias
1061 4075 1217 4147 utriusque
1231 4077 1272 4134 sit
1289 4078 1422 4135 conditor
1444 4075 1760 4146 Testamenti.liempe
1788 4092 1892 4133 omnes

177 4170 312 4242 ineptum
331 4173 361 4227 ει
387 4165 549 4225 inhabilem
574 4163 777 4231 arbitraberis,
805 4161 1007 4236 simplicitatis
1060 4164 1090 4221 in
1105 4163 1200 4236 primo
1215 4163 1335 4222 bomine
1350 4166 1545 4239 peccavimus,
1561 4167 1590 4222 et
1614 4169 1792 4237 pernatura
1820 4179 1893 4222 suc·

176 4273 239 4316 sura
249 4255 359 4315 divitiis
372 4253 543 4328 cognoveris
555 4249 757 4310 honoratum?
780 4250 854 4323 lirgo
869 4250 939 4307 dum
963 4252 1006 4307 vi·
1060 4251 1222 4310 cessionem
1237 4253 1329 4327 culpa
1343 4271 1460 4328 quoque
1474 4253 1512 4312 eb
1530 4267 1590 4309 uno
1605 4252 1636 4309 in
1664 4267 1768 4310 omnes
1796 4255 1892 4310 trans·

176 4347 287 4415 vimus,
302 4345 507 4420 coniugiumue
523 4342 559 4399 ad
575 4356 643 4398 eum
658 4339 709 4413 qui
722 4335 1006 4412 potestdelerepac·
1059 4341 1126 4398 tuse
1153 4343 1313 4409 successio,
1341 4347 1394 4399 est.
1426 4343 1459 4399 ln
1490 4357 1579 4414 quem
1608 4358 1676 4416 ergo
1706 4341 1831 4414 peccavi,
1859 4342 1890 4399 in

176 4435 288 4492 catum.
316 4433 374 4490 Neo
408 4446 525 4490 vereare
551 4427 630 4502 quod
655 4427 778 4501 graphio
806 4423 899 4483 terreo
929 4429 1004 4487 m
1059 4430 1184 4496 Patrem,
1200 4446 1238 4486 an
1250 4429 1281 4486 iu
1293 4429 1423 4487 Filium?
1447 4430 1555 4503 Utique
1581 4430 1611 4488 in
1639 4447 1706 4487 eum
1736 4430 1788 4503 qui
1814 4429 1891 4488 milii

177 4522 321 4596 scriptum
336 4527 390 4589 ast,
405 4525 434 4578 et
448 4533 547 4594 ungue
559 4513 749 4574 adamantino
762 4513 818 4587 (dl)
831 4531 838 4584 ;
853 4513 902 4571 bic
925 4517 1004 4574 enirn
1018 4533 1043 4598 D
1058 4516 1193 4587 credidit,
1210 4518 1288 4590 quod
1316 4534 1375 4574 non
1399 4518 1542 4574 servando
1565 4519 1691 4591 peccavi.
1716 4517 1889 4576 Mandatum

176 4617 279 4686 portas
290 4611 399 4668 terreas
421 4607 689 4678 adamantinasque
703 4601 856 4678 confregit,
887 4620 940 4661 nac
968 4605 1004 4661 ti·
1059 4609 1105 4662 est
1118 4604 1243 4672 bomini,
1258 4610 1291 4662 ut
1305 4607 1342 4663 ab
1357 4606 1496 4664 omuibus
1510 4611 1643 4681 gustaret
1658 4624 1722 4681 ques
1745 4609 1831 4664 erant
1858 4604 1888 4663 in

177 4717 261 4758 meae
275 4699 392 4775 culpam
408 4697 503 4755 lauri.
1059 4694 1206 4767 paradiso,
1221 4695 1273 4752 sed
1287 4693 1401 4767 lignum
1429 4694 1557 4752 scientis
1587 4695 1657 4754 boui
1674 4699 1704 4752 et
1731 4694 1801 4750 mali
1830 4709 1888 4749 nou

214 4788 260 4845 68.
284 4788 442 4846 Confessus
469 4791 514 4842 ast
542 4783 644 4850 David,
670 4781 790 4856 agnovit
817 4781 1004 4855 iniquitatem
1058 4785 1192 4855 tangeret
1205 4782 1283 4852 (Gen.
1299 4799 1330 4851 11,
1346 4785 1401 4852 tt).
1415 4785 1511 4841 Adam
1526 4801 1595 4856 ergo
1610 4785 1640 4840 in
1662 4781 1786 4855 singulis
1801 4780 1887 4839 nobis

177 4892 276 4942 suam,
296 4875 576 4948 agnoviterrorem3
603 4870 710 4927 etidao
739 4868 830 4926 aitte
859 4869 1002 4936 Quoniam
1058 4875 1114 4927 est.
1131 4871 1162 4926 ln
1179 4870 1229 4929 illc
1244 4872 1323 4929 enim
1338 4873 1467 4930 conditio
1495 4871 1627 4929 humana
1654 4868 1787 4942 deliquit,
1816 4869 1888 4942 quia

150 4951 152 4954 ¹
177 4963 365 5037 iniquitatem
380 4977 475 5019 meam
489 4974 615 5034 agnosco
630 4957 720 5031 (leid).
735 4980 749 5008 a
760 4957 848 5016 David
860 4957 1003 5032 agnoscit,
1046 4970 1110 5032 ‘per
1124 4976 1217 5018 unum
1232 4960 1262 5016 in
1278 4977 1381 5018 omnes
1395 4959 1584 5033 pertransivit
1602 4962 1766 5032 peccatum.
1795 4956 1886 5014 Video

178 5057 211 5110 ει
225 5055 258 5108 tu
274 5067 331 5110 non
344 5048 503 5124 Quorcisl
517 5045 606 5104 David
634 5045 752 5112 latetur,
780 5049 810 5102 et
834 5049 866 5102 tu
893 5045 1005 5119 neges?
1058 5064 1207 5106 summum
1223 5048 1296 5106 mibi
1312 5049 1465 5116 creditam,
1480 5047 1564 5104 video
1580 5063 1659 5120 qun
1673 5044 1884 5118 praevaricatio·

178 5140 289 5199 Paulus
303 5156 335 5198 se
353 5141 505 5196 nocentem
529 5135 638 5193 clamat
658 5134 683 5206 (l
706 5135 774 5191 Tim.
798 5151 820 5204 1,
835 5133 890 5204 15),
921 5139 950 5191 ει
971 5138 1002 5191 tu
1058 5136 1106 5193 nis
1120 5153 1177 5195 ara
1192 5138 1268 5194 m
1294 5133 1501 5202 contraxerim,
1525 5134 1598 5190 dum
1625 5132 1712 5191 vetita
1736 5137 1766 5190 et
1793 5133 1885 5190 iuter-

215 5336 272 5409 (aa)
288 5335 350 5392 Non
365 5335 525 5392 obscurum
539 5335 584 5389 est
597 5315 729 5408 alludere
739 5331 896 5388 Auctorem
906 5329 942 5386 ad
953 5329 1004 5386 ille
1057 5332 1120 5389 sius
1134 5331 1184 5390 ille
1196 5331 1244 5401 sit,
1257 5335 1308 5388 aut
1321 5330 1385 5401 ejus
1398 5343 1508 5400 suppar
1521 5324 1610 5398 stati,
1630 5342 1665 5385 ea
1692 5325 1823 5384 citaverit
1849 5343 1884 5386 cr

177 5407 307 5475 Hieram,
321 5423 347 5474 c,
369 5407 401 5462 17
419 5422 425 5462 :
453 5405 599 5478 Peeeqtum
615 5402 694 5460 ludae
717 5403 774 5458 scri
791 5405 852 5456 tum
865 5404 905 5458 est
931 5403 1003 5474 stylo
1058 5402 1116 5460 alio
1127 5403 1260 5476 interpr,
1276 5405 1327 5458 aut
1342 5402 1416 5456 sorte
1430 5417 1466 5456 ox
1479 5397 1611 5457 versione
1630 5399 1792 5468 communi,
1819 5415 1883 5473 quaa

147 5480 462 5607 'tutatuta
481 5470 850 5603 admutilabit·
864 5473 1000 5601 utsii·
1056 5471 1454 5602 uitululuiittltit
1466 5469 1520 5599 ll
1541 5486 1884 5602 iiimcllluiwiisl'

799 5586 800 5590 ,
906 5583 915 5600 ,
991 5575 1002 5586 .
1607 5585 1613 5599 ‚
1787 5608 1794 5620 Δ,
1874 5585 1882 5611 ‚

175 5627 281 5695 torpe..
297 5634 416 5680 secuse
430 5614 856 5689 luerit.utlluotor,=siquidem
879 5615 1001 5674 Ambro-
1057 5616 1083 5674 si
1097 5621 1190 5687 vacat,
1205 5614 1361 5689 superbae
1379 5614 1442 5671 loco
1457 5558 1616 5673 Nobiiium.
