4159 6184
245 265 302 330 rer
931 224 935 232 ’
971 269 1002 334 s.
1030 265 1216 336 ertanosn
1887 268 1942 332 nc

283 405 378 463 Unum
394 402 531 476 estquod
547 399 632 460 nobis
647 415 793 460 remoram
808 399 903 475 possit
917 401 1049 476 injicere,
1065 402 1178 460 scilieet
1190 399 1391 459 conviviorum
1405 412 1470 475 qua
1484 397 1643 460 Gbrisdaoi
1657 398 1727 458 elim
1752 411 1842 477 super
1869 417 1943 457 mro-

244 497 342 568 tyrum
366 491 510 563 sepulcris
537 490 735 559 celebrabant,
747 491 937 550 iactamentio
948 491 1023 565 (cap.
1040 493 1085 558 ti,
1103 509 1185 548 num.
1201 492 1258 562 62).
1274 491 1388 548 Etenim
1399 491 1626 550 encousoetudo
1637 495 1824 548 outeacuum
1836 490 1945 548 anobis

242 583 430 657 designatum
438 581 554 638 uidetur
564 581 662 638 studio
672 581 765 638 sancti
781 580 1027 637 antistitisluisse
1042 579 1453 654 antiquata;quandoquidem
1462 580 1498 636 ab
1508 581 1669 654 Augustino
1681 581 1821 638 traditum
1830 581 1895 637 estl
1899 579 1945 637 lib.

242 690 269 730 vr
285 674 398 746 consess.
416 690 480 746 cap.
495 675 522 739 2,
540 687 621 727 num.
637 671 666 743 2)
681 670 796 726 beatam
813 669 968 740 Menicam,
985 687 1054 726 cum
1069 668 1267 727 Mediolanum
1292 669 1593 735 anoo384veaisset
1623 670 1756 727 sobrium
1785 672 1944 744 prandium

243 779 325 820 more
339 779 393 819 suc
409 779 497 833 super
511 777 610 818 sacros
625 759 757 817 tumulos
771 759 845 815 serre
860 758 997 826 voluisse,
1013 765 1044 817 at
1057 759 1149 816 luisse
1172 776 1237 816 eam
1253 758 1290 815 ab
1312 758 1432 816 ostiario
1447 775 1536 832 qoem
1563 758 1671 815 idcireo
1685 759 1726 815 ibi
1754 761 1947 816 constituerat

243 853 426 916 Ambrosios,
443 850 630 924 prohibitum.
647 848 728 905 Unde
742 848 903 904 admodum
918 848 1079 905 verisimile
1108 852 1153 905 esi
1167 848 1411 905 consuetudinem
1426 847 1502 904 hanc
1516 848 1553 903 ad
1568 864 1659 920 qoam
1674 848 1850 906 abolendam
1874 852 1947 906 tanti

242 944 369 1019 episcopi
385 959 455 998 cura
468 940 617 1014 vigilabat,
633 955 691 994 nou
706 939 756 994 diu
772 941 838 1012 post
852 937 903 994 iila
917 938 1055 1012 viguisse.
1071 939 1116 994 Ad
1131 938 1192 994 beo
1206 936 1349 994 discimus
1363 955 1398 994 ex
1411 938 1528 995 duabus
1542 938 1799 1012 sanctitogustini
1812 939 1947 1012 epistolis

243 1034 340 1106 (epist.
356 1034 402 1098 22,
418 1046 501 1086 num.
518 1031 545 1093 i,
561 1032 589 1082 et
603 1027 689 1099 epist.
705 1027 750 1106 29,
767 1043 849 1082 num.
867 1029 923 1098 10),
939 1044 1066 1100 quarum
1082 1027 1174 1085 altera
1187 1027 1217 1082 in
1239 1026 1343 1082 ultima
1356 1027 1485 1084 editione
1499 1026 1629 1101 primam
1643 1029 1673 1083 iu
1702 1026 1799 1084 lucem
1827 1029 1946 1101 prodiit.

243 1118 606 1192 usumillnmautverius
631 1117 756 1172 abusum
773 1133 849 1172 anne
878 1116 994 1173 circiter
1008 1117 1057 1171 391
1075 1116 1225 1191 viiglantia
1240 1116 1386 1172 bonorum
1414 1117 1630 1190 episcoporum,
1659 1117 1735 1174 inter
1762 1134 1837 1192 quos
1867 1118 1948 1175 baud

128 1230 135 1245 ·
243 1211 332 1268 tlobie
347 1226 404 1265 non
421 1213 566 1279 postremo
581 1206 643 1262 lece
661 1206 860 1261 numerandus
875 1210 919 1262 eet
933 1205 1117 1277 Ambrosius,
1134 1223 1185 1280 per
1199 1206 1365 1263 universam
1388 1207 1479 1262 terme
1507 1205 1621 1262 ltaliam
1649 1205 1779 1262 excisum
1808 1207 1949 1280 profliga-

243 1311 365 1372 tumque
380 1299 481 1354 luisse.
498 1296 705 1352 Verumtamen
723 1294 783 1349 brec
798 1293 927 1367 opinioni
944 1299 1050 1351 nostra
1064 1312 1170 1368 perum
1185 1295 1338 1364 crocinum
1358 1295 1384 1352 si
1398 1295 1479 1351 anim
1507 1296 1616 1369 quibua
1642 1295 1740 1352 verbis
1768 1296 1950 1353 Ambrosius

241 1394 351 1453 utetur,
368 1387 598 1455 consideremus,
614 1383 694 1439 nollo
710 1384 824 1456 negotio
840 1383 1093 1456 deprehendemus
1108 1383 1192 1439 illum
1208 1400 1266 1440 non
1281 1400 1315 1440 aa
1328 1383 1514 1439 vehementia
1527 1383 1633 1449 dicere,
1648 1399 1709 1455 qua
1722 1387 1822 1440 eontra
1839 1385 1898 1440 viti
1904 1403 1949 1441 arm

240 1495 369 1553 presens
384 1495 418 1534 ac
433 1479 535 1550 vigens
550 1475 739 1546 disputasset,
753 1489 848 1545 neque
864 1472 921 1529 sibi
935 1477 1169 1544 temperaturum
1185 1472 1286 1540 luisse,
1303 1477 1337 1528 ut
1350 1473 1423 1529 dum
1439 1471 1497 1529 alia
1511 1470 1743 1545 intemperantis
1763 1489 1874 1545 genera
1892 1479 1950 1532 iam

241 1567 347 1623 acriter
362 1563 537 1621 debellabat.
553 1561 626 1618 illud
643 1579 734 1617 unum
749 1566 809 1617 tem
825 1560 879 1617 levi
896 1561 1014 1618 brachie
1030 1567 1221 1634 oppugnaret.
1238 1562 1419 1634 Quapropter
1435 1577 1453 1617 a
1467 1561 1524 1617 ilde
1538 1560 1709 1633 neutiquam
1739 1561 1903 1620 abhorreat
1929 1565 1950 1620 si

240 1655 402 1712 dixerimus
417 1657 551 1709 sanctum
568 1650 721 1724 praesulem
738 1651 831 1706 obiter
850 1649 907 1706 ista
922 1650 1140 1721 perstrinxisse,
1152 1649 1230 1724 quod
1246 1648 1428 1722 imprudenti
1442 1648 1504 1707 zelo
1532 1650 1637 1722 privati
1652 1650 1787 1723 quipiam
1811 1654 1952 1710 convivia

240 1743 412 1814 huiusmodi
428 1743 645 1813 frequentarent
662 1757 668 1794 :
685 1743 737 1795 aut
752 1739 823 1794 lorte
838 1739 936 1810 ipsum
952 1737 1081 1796 indicare
1094 1737 1222 1795 voluisse
1236 1739 1399 1795 Romanam
1415 1738 1583 1806 ecelesiam,
1595 1738 1756 1796 obieadem
1766 1745 1951 1800 consuetudo

241 1833 414 1897 etiamnum,
431 1836 464 1887 ut
479 1827 662 1886 memorabili
677 1827 845 1884 Pammachi
861 1827 993 1900 exemplo
1008 1829 1238 1895 demonstratur,
1255 1826 1314 1883 rim
1329 1828 1492 1884 obtinebat.

278 1921 319 1976 Ad
337 1923 498 1977 extremum
514 1917 562 1974 hic
578 1916 645 1972 nddi
679 1920 775 1988 potest
789 1916 835 1971 vix
849 1914 944 1971 ullom
960 1931 994 1972 ex
1009 1915 1214 1974 ambrosianis
1228 1916 1368 1988 operibus
1382 1917 1412 1972 in
1427 1915 1606 1974 editionibus
1628 1917 1684 1973 bec
1711 1921 1835 1974 tractatu
1850 1922 1952 1995 magis

239 2009 430 2082 depravatum
446 2012 577 2064 exstare:
594 2005 644 2061 sed
661 2019 727 2060 eum
757 2005 1082 2077 anobismagnacura
1109 2005 1234 2062 admss.
1263 2004 1390 2061 cedices»
1411 2006 1493 2061 bona
1535 2009 1621 2073 nete,
1632 2010 1722 2078 atque
1734 2005 1887 2081 imprimis
1918 2011 1951 2066 ad

239 2097 436 2154 colbertinum
453 2095 504 2169 qui
519 2099 587 2152 ante
602 2093 682 2150 mille
697 2110 789 2150 annos
803 2093 920 2150 videtur
947 2097 1094 2161 exaratae,
1110 2099 1246 2151 exactum
1274 2094 1511 2168 castigatumque
1540 2093 1640 2151 luisse.

565 2516 979 2679 siocli
1074 2518 1623 2680 AMBROSll

868 2793 1187 2856 Moutouanouffls
1207 2795 1387 2858 episcoel

662 2985 764 3113 ns
809 2985 994 3114 uno
1027 2945 1143 3114 'ur
1184 2981 1521 3120 turonio

949 3236 1094 3311 LIBER
1111 3235 1148 3300 (ί)
1173 3237 1297 3312 UNUS

417 3603 567 3662 582-ss
590 3602 707 3662 CAPUT
727 3601 881 3659 PRIMUM.
1078 3600 1165 3672 Aria
1179 3607 1280 3660 nostra
1294 3619 1366 3662 crux
1380 3603 1486 3662 Christi
1501 3609 1565 3673 est;
1583 3610 1725 3680 troporum
1739 3613 1947 3683 nostrum‚pa·

239 3718 316 3776 sicut
334 3715 401 3773 0152„
414 3719 515 3786 parm,
544 3728 607 3767 cum
634 3709 862 3783 promeremur
889 3707 924 3764 aa
952 3707 1063 3782 aarum,
1120 3692 1191 3750 seba
1205 3697 1250 3750 est
1265 3691 1378 3750 Domini
1401 3693 1484 3752 iesu.
1499 3694 1556 3752 Sed
1576 3694 1626 3751 ilie
1640 3700 1706 3752 ante
1720 3701 1766 3754 est
1785 3698 1947 3772 proliatos,

274 3796 354 3860 cique
369 3789 399 3842 in
426 3785 580 3841 neomeniis
603 3783 750 3854 diebusque
780 3781 964 3838 laetitiectuba
982 3797 1065 3837 eone·
1119 3785 1153 3838 ut
1170 3781 1306 3848 vinceret,
1321 3799 1380 3838 non
1395 3784 1473 3856 quod
1496 3784 1560 3857 ipse
1582 3788 1679 3858 egeret
1701 3787 1875 3853 certamine,
1895 3789 1945 3844 sed

274 3861 347 3926 bani·
368 3858 407 3940 5²,ss
422 3861 447 3940 ἒῑ
462 3855 540 3940 Μρῑὸ
555 3853 766 3925 dfsslffil'ssi'stm'l'
791 3851 969 3925 limatique
996 3854 1065 3922 s⁶⁸1⁰
1121 3874 1154 3925 ot
1168 3871 1254 3927 nobis
1288 3871 1413 3928 formam
1443 3871 1571 3928 bellandi
1601 3878 1668 3928 anie
1682 3875 1895 3946 proscriberet,
1919 3883 1946 3932 et

273 3927 557 4004 “limi’'”lussm‘bm
570 3925 637 3981 tuba
651 3924 814 3980 ‘mmm'
1120 3962 1222 4029 postea
1237 3959 1320 4015 deret
1339 3960 1465 4032 gratiam
1481 3960 1698 4034 triumphandi.
1721 3962 1876 4021 Certamen
1897 3981 1947 4020 no-

273 4055 300 4112 t,
318 4053 452 4110 Divinum
468 4051 505 4107 ad
526 4054 625 4124 patres
654 4047 808 4104 resultavit
843 4047 1007 4116 oraculum,
1033 4054 1067 4106 ut
1120 4049 1227 4114 atrum,
1240 4046 1386 4119 jejunium
1401 4052 1455 4106 est.
1472 4049 1755 4122 Deniquejejonavit
1769 4050 1910 4119 Salvator,
1920 4059 1947 4108 et

238 4161 304 4202 cum
321 4142 529 4217 egrederentur
543 4139 578 4194 ad
596 4137 717 4202 bellum,
732 4136 804 4192 tuba
819 4141 957 4194 canerent
971 4138 1064 4206 (Num.
1120 4134 1163 4190 sic
1178 4139 1305 4194 tentator
1319 4138 1357 4193 ad
1371 4154 1440 4194 eum
1455 4137 1589 4196 umescit.
1598 4139 1633 4194 ot
1646 4139 1777 4211 primum
1789 4140 1865 4214 gula
1874 4143 1946 4198 dire·

237 4252 265 4304 x,
286 4233 324 4306 9),
342 4232 427 4303 eujus
442 4229 541 4286 sonitu
557 4226 698 4285 Dominus
711 4225 949 4282 reminisceretur
965 4226 1065 4299 populi
1119 4222 1163 4278 xit
1177 4223 1326 4295 spiculum
1340 4224 1461 4296 dicens;
1477 4249 1491 4276 c
1507 4226 1537 4282 Si
1552 4227 1644 4284 Filius
1658 4228 1708 4285 Dei
1726 4245 1770 4295 es,
1785 4231 1834 4286 die
1861 4230 1944 4304 lapidi

238 4321 295 4390 sui,
315 4336 373 4392 que
388 4320 511 4393 petitum
528 4317 674 4374 conterret
691 4313 834 4370 auxilium
849 4313 917 4386 plus
932 4330 994 4388 que
1011 4316 1066 4370 mi·
1120 4311 1201 4381 huic,
1216 4317 1249 4370 ut
1263 4315 1349 4387 panis
1363 4315 1415 4373 ssat
1429 4317 1505 4388 (tue.
1530 4332 1569 4384 iv,
1586 4317 1623 4388 3).
1641 4339 1655 4366 n
1675 4316 1727 4374 llle
1751 4318 1852 4376 cibum
1872 4318 1945 4374 velut

237 4409 403 4467 sericordia
423 4425 482 4464 sua
497 4405 643 4462 incentiva
659 4405 903 4476 cognoscens(2);
920 4408 948 4459 et
964 4403 992 4459 in
1005 4402 1066 4460 die·
1120 4417 1218 4458 escam
1234 4401 1334 4475 laquei
1346 4403 1514 4476 praetendit,
1529 4409 1563 4460 ot
1576 4406 1618 4462 sie
1628 4404 1805 4478 illaquearet
1814 4412 1946 4481 appeten·

237 4499 293 4554 bus
317 4495 425 4552 letitia
446 4511 517 4560 sua,
546 4495 574 4550 in
606 4493 768 4548 neomeniis
792 4490 855 4548 sois
880 4491 1068 4550 concinerent
1120 4489 1194 4546 tiam
1210 4489 1407 4564 corporalem:
1425 4493 1567 4550 Dominus
1577 4495 1725 4566 jejunium
1756 4495 1891 4570 pretulit,
1915 4500 1944 4550 ut

237 4585 375 4643 tubarum
393 4600 476 4640 seno.
493 4582 574 4640 Unde
595 4587 624 4638 et
647 4581 737 4638 Dauid
758 4580 845 4648 dieit3
877 4604 891 4630 «ι
908 4581 1008 4636 Currite
1036 4582 1067 4638 in
1121 4578 1244 4652 laqueos
1259 4580 1429 4648 tantatoris,
1445 4585 1479 4639 ut
1492 4582 1608 4640 vincula
1622 4583 1806 4643 dissolveret.
1822 4585 1943 4658 Denique

237 4673 321 4733 initio
337 4671 450 4729 mensis
462 4673 535 4728 tuba
549 4669 578 4726 in
594 4669 642 4726 die
656 4669 801 4742 frequenti
816 4669 855 4741 (3)
871 4666 1067 4726 solemnitatis
1122 4666 1165 4724 sic
1179 4666 1271 4725 babes
1285 4668 1429 4742 scriptum
1443 4687 1451 4726 :
1469 4693 1483 4720 α
1494 4669 1559 4727 Noa
1569 4671 1600 4728 in
1610 4671 1672 4728 solo
1682 4689 1760 4746 pauo
1774 4674 1940 4736 riothamo,

236 4767 338 4822 restra
349 4762 435 4835 (Psoi.
454 4777 537 4827 cxxx,
554 4761 593 4833 l).
614 4755 749 4814 »Veniet
777 4756 868 4832 igitur
897 4758 982 4814 nobis
1005 4757 1068 4816 dies
1124 4756 1175 4812 sed
1192 4756 1315 4813 inomni
1332 4758 1418 4814 serbe
1433 4757 1483 4816 Dei
1499 4759 1578 4832 (ibid.
1599 4764 1660 4831 tl.»
1677 4760 1732 4817 illo
1744 4761 1939 4836 laqueoddam

237 4851 446 4917 solemnitatis,
462 4851 565 4922 etJ'am
581 4847 806 4922 appropinquat.
829 4847 977 4904 Canamos
996 4847 1069 4904 tuba
1121 4845 1218 4903 lueret
1232 4846 1308 4904 586
1322 4847 1535 4920 strangulatus,
1552 4849 1606 4906 hac
1631 4849 1820 4909 erisolutione
1846 4851 1938 4908 diabo-

237 4949 378 5015 ianquam
395 4941 423 4997 in
438 4938 569 5012 praelium
586 4936 813 5010 progredientes.
824 4935 971 4992 Ganomus
985 4939 1067 5005 tuba,
1123 4933 1186 4989 lica
1203 4935 1373 5006 questionis
1389 4936 1588 4994 omnishomo
1607 4945 1652 4994 est
1670 4937 1826 4996 liberatus.

238 5037 270 5088 ut
282 5036 496 5088 annuntiemus
515 5025 712 5082 solemnitatis
728 5024 815 5092 diem,
838 5023 927 5080 simol
944 5024 1029 5082 nebia
1044 5029 1074 5083 et
1396 5054 1406 5064 ·
1452 5025 1572 5082 CAPUT
1591 5026 1626 5084 ll.

173 5125 176 5132 '
237 5124 384 5178 certamen
401 5117 547 5184 imminet,
564 5120 593 5172 et
607 5113 725 5170 viatoria
737 5113 959 5186 repromittitur.
970 5113 1066 5170 Victo·
1123 5111 1210 5180 Quam
1227 5129 1329 5184 niagno
1340 5114 1427 5170 cirtio
1445 5115 1483 5172 sit
1490 5115 1604 5188 jejunii,
1619 5131 1757 5188 quare-que
1768 5119 1888 5191 speciosa
1910 5129 1938 5168 cc

287 5289 301 5344 t
330 5287 464 5361 Scriptus
475 5287 547 5343 sorte
562 5301 638 5342 enno
653 5284 715 5341 390.
1126 5284 1203 5356 quod
1221 5288 1292 5355 teret
1308 5286 1432 5355 signum,
1454 5294 1486 5344 ut
1499 5288 1725 5344 reminisceretur
1749 5289 1877 5344 bomem
1897 5298 1937 5352 po·

287 5361 306 5414 2
333 5358 375 5414 lta
390 5375 462 5414 mss.
483 5375 585 5414 omnes
601 5376 608 5426 ς
630 5356 679 5412 ubi
692 5355 912 5428 postineentr'uu,
924 5354 1068 5410 subintel·
1123 5356 1187 5428 puli
1201 5357 1257 5424 rui,
1272 5365 1299 5413 et
1310 5357 1427 5428 petitum
1437 5359 1573 5430 cresceret
1592 5359 1744 5422 auxilium,
1760 5361 1870 5430 insuper
1881 5355 1938 5410 ee

239 5429 308 5503 lige,
325 5434 401 5486 suut.
418 5432 440 5484 A
456 5445 528 5486 msa.
550 5429 605 5486 vel,
636 5429 707 5485 edit.
732 5426 787 5482 hec
815 5431 930 5482 tautum
960 5425 1068 5482 disere·
1122 5434 1282 5501 provocaret
1293 5428 1412 5499 popolus
1426 5429 1563 5485 incentis-o
1577 5431 1784 5496 misericordie,
1808 5432 1838 5485 irr
1854 5425 1939 5482 dietus

240 5507 322 5574 pant,
341 5501 417 5572 quod
439 5500 563 5570 legunt..
592 5501 707 5572 piosque
731 5497 931 5555 misericordiae
948 5513 1005 5553 suae
1025 5498 1069 5553 in·
1124 5500 1314 5568 latitiaesuae,
1331 5499 1577 5568 indomitae
1598 5503 1674 5573 sestis
1701 5502 1798 5558 diebus
1825 5499 1939 5556 concine·

239 5573 349 5628 centiua
362 5573 548 5639 cognoscentes
564 5575 593 5627 r'n
609 5573 713 5638 uetus,
730 5575 786 5627 etc.
807 5573 916 5626 Verum
943 5569 1070 5625 editores
1123 5575 1195 5637 rent,
1215 5573 1271 5626 eto.

242 5642 368 5698 Romani
384 5641 563 5708 conjecturis
578 5642 639 5697 suis
656 5641 728 5697 sorte
738 5639 860 5698 liberius
871 5637 1070 5714 indulgentes,
1160 5642 1200 5713 (3)
1228 5640 1315 5710 Edit,
1344 5642 1376 5698 r'n
1390 5641 1434 5700 die
1446 5643 1596 5717 frequenti,
1612 5643 1715 5718 scripti
1739 5643 1816 5710 ced„
1844 5642 1873 5697 ie
1897 5635 1937 5692 dit

244 5712 286 5765 sic
301 5708 398 5765 lecum
423 5709 579 5766 reformare
604 5713 700 5767 conati
715 5717 799 5769 sunt:
832 5712 903 5768 Tube
930 5716 1068 5782 comens,
1124 5713 1241 5782 insipat.
