4159 6184
277 404 334 470 teo
1003 404 1035 467 S.
1058 399 1246 467 AMBROSH
1648 412 1651 417 '
1893 414 1940 477 tae

275 534 385 599 Deinde
400 552 459 614 qus
474 538 586 599 retione
601 557 666 600 cum
684 539 761 597 illius
778 540 842 614 rjus
857 538 946 599 [them
962 554 1097 614 peccave·
1112 536 1140 607 Α
1190 537 1251 595 121.
1268 534 1308 596 De
1331 536 1517 612 generatione
1539 536 1679 612 iapheth,
1693 537 1794 613 inquit,
1812 542 1905 603 Rimas
1923 557 1944 605 et

276 630 396 697 rit,non
411 630 508 705 ipsum
531 632 580 689 sed
606 630 700 688 filium
724 631 788 702 ejus
812 629 943 687 servituti
966 627 1100 686 addixit?
1153 630 1220 687 alie
1241 630 1340 685 insola
1363 632 1428 684 aaa
1449 630 1594 685 ammaum
1606 629 1683 701 (Gen.
1698 647 1726 697 x,
1738 630 1775 699 5).
1791 632 1845 689 Non
1858 634 1943 693 imme·

278 718 312 775 tlt
326 720 450 778 sortasse
466 720 531 778 ideo
558 721 636 786 quod
656 724 738 792 palor
753 719 818 793 plus
834 719 961 776 allicitur
983 716 1101 789 injuriis
1154 716 1210 773 rito
1223 717 1346 773 latitudo
1361 717 1478 786 dicitur,
1493 718 1612 789 quando
1625 718 1712 774 etiam
1727 718 1756 775 in
1770 719 1879 779 alteram
1892 742 1945 796 par-

277 805 1099 882 ssliisui,mexi1nequurun1ipsorousoteuctorcxsistat,
1155 810 1215 862 tem
1239 811 1362 874 naturae,
1376 806 1429 861 boc
1457 812 1503 862 est
1531 806 1720 874 maritimam,
1735 812 1871 881 generatio
1894 816 1946 884 ejus

278 902 308 955 et
322 897 523 955 vehementius
539 896 730 954 contristatur
749 898 794 954 sui
815 896 922 968 peccati
937 894 1099 952 damnatio·
1155 894 1307 966 processit.
1322 894 1394 950 Vere
1408 893 1485 951 enim
1502 898 1643 967 tanquam
1664 894 1783 952 latitudo
1797 914 1850 954 non
1863 900 1910 955 luit
1922 918 1948 956 co

279 1004 345 1045 nem
362 986 450 1043 ofilio
475 986 665 1058 pcrsoIntnrn,
682 986 731 1059 qui
751 1002 808 1042 non
839 992 899 1042 tam
928 1001 982 1042 suo
1011 1000 1101 1056 quam
1155 982 1949 1059 contemmquodinusumhominibusnetureprescri·

278 1076 371 1149 petris
387 1074 489 1131 merito
505 1075 669 1148 puniretur.
686 1076 762 1133 27⁸
777 1074 886 1131 Deinde
901 1074 970 1147 quie
985 1072 1035 1145 qui
1051 1072 1102 1129 do·
1156 1076 1263 1145 psornt‚
1280 1071 1336 1127 hoc
1358 1078 1402 1128 est
1426 1077 1510 1129 terro
1533 1071 1717 1145 possessione
1737 1091 1743 1129 :
1763 1091 1858 1131 vorum
1879 1076 1951 1133 etiam

279 1164 379 1221 ctrinae
393 1167 521 1237 paternae
536 1163 701 1237 discipulus
715 1169 793 1221 essct
812 1163 900 1231 iilius,
917 1166 945 1219 el
959 1161 1102 1235 pessima·
1157 1160 1392 1234 introgresseest
1404 1164 1531 1230 merc,et
1541 1162 1577 1218 ad
1591 1160 1705 1217 insulas
1720 1180 1808 1235 usque
1821 1168 1949 1237 processit.

279 1270 345 1310 rum
363 1246 493 1309 monulus
518 1252 809 1327 cogitationum,uno
835 1268 955 1325 corpore
981 1255 1104 1323 uterque
1157 1247 1216 1305 Hoc
1231 1249 1394 1305 secundum
1410 1247 1547 1305 litteram.

279 1346 411 1399 uteretur
426 1346 454 1398 et
468 1346 575 1409 mento,
590 1342 750 1415 eademque
766 1339 888 1397 malitia.
904 1340 1105 1397 lndiilerenter
1194 1338 1255 1393 125.
1286 1337 1454 1393 Secundum
1487 1336 1621 1395 altiorem
1655 1343 1753 1396 eutem
1780 1357 1904 1409 mucan,
1927 1361 1954 1400 ee

280 1431 371 1505 igitur
387 1430 432 1487 vel
448 1434 584 1503 paterna,
597 1430 639 1486 vol
655 1448 714 1486 suec
743 1429 861 1486 malitia
877 1428 956 1485 iilius
978 1427 1104 1501 pretium
1158 1444 1223 1499 quae
1242 1430 1321 1482 extro
1347 1431 1426 1495 sunt,
1442 1442 1507 1498 quae
1529 1427 1669 1483 dicuntur
1682 1428 1768 1494 bona,
1793 1430 1900 1499 divitia,
1914 1450 1953 1504 po-

280 1520 351 1589 luit;
372 1520 511 1593 quoniam
533 1518 728 1593 improbitatis
744 1535 900 1575 commune
924 1517 1104 1574 consortium
1158 1520 1290 1582 testatos,
1306 1516 1380 1572 w
1400 1515 1535 1584 houooes,
1552 1517 1637 1589 qussi
1656 1517 1954 1586 diffundunturlatius;

281 1614 335 1666 est.
347 1607 427 1674 Quod
444 1608 534 1683 igitur
549 1626 600 1681 pro
615 1608 706 1682 petris
727 1608 812 1664 solvit
827 1606 1024 1679 improbitate,
1042 1605 1107 1662 sino
1159 1620 1212 1661 nnc
1240 1607 1355 1660 tautum
1384 1603 1430 1659 bis
1460 1605 1586 1660 contenti
1617 1609 1688 1661 sunt
1713 1605 1827 1676 divites,
1854 1625 1909 1680 que
1932 1610 1956 1664 in

281 1696 371 1754 dubio
386 1702 414 1755 ct
429 1714 481 1771 pro
503 1713 557 1753 sua
578 1695 664 1753 solvit
678 1694 769 1770 culpo
785 1697 849 1768 ejus
864 1712 931 1752 rcus
949 1713 955 1750 :
972 1692 1013 1750 vel
1029 1697 1106 1750 certe
1159 1692 1297 1749 manibus
1318 1697 1347 1747 et
1369 1692 1398 1747 in
1423 1699 1579 1764 conspectu
1602 1698 1673 1750 sunt
1698 1713 1705 1751 ε
1730 1696 1780 1752 sed
1802 1695 1880 1770 longe
1899 1697 1956 1754 lab-

282 1786 395 1843 diutiue
406 1803 491 1859 poeno
501 1784 848 1859 producitur,cumetia1n
859 1784 895 1840 ad
906 1782 1001 1839 lilium
1011 1798 1106 1855 usque
1159 1798 1216 1853 que
1239 1779 1409 1837 diffundunt
1433 1797 1503 1837 suas
1526 1782 1713 1856 cupiditates,
1729 1784 1798 1840 dum
1820 1791 1868 1839 sut
1887 1801 1957 1857 pecu-

282 1874 437 1948 pertendit,
451 1878 479 1930 ot
493 1874 671 1932 successoris
685 1873 804 1931 alilictio
819 1874 848 1930 in
863 1876 997 1945 tempore
1011 1870 1108 1927 multa
1160 1867 1276 1925 uiarum
1296 1869 1503 1942 compendium
1518 1870 1555 1926 de
1570 1870 1758 1929 ulterioribus
1773 1872 1960 1945 quantumst

281 1962 438 2036 profertur.
454 1963 514 2018 Hoc
529 1964 692 2019 secundum
706 1961 844 2019 litteram.
1161 1957 1255 2015 honor
1269 1956 1435 2031 apluribus
1453 1962 1504 2014 aut
1526 1963 1657 2031 potestus
1680 1961 1823 2032 diffusior,
1837 1968 1884 2019 aut
1895 1961 1959 2035 cupi·

318 2052 379 2108 121.
391 2052 532 2109 Ceterum
548 2068 609 2107 non·
621 2055 682 2108 tem
695 2051 741 2107 hio
756 2050 891 2110 hominos
905 2066 993 2122 quem
1011 2065 1107 2107 mores
1163 2046 1250 2103 ditas.

282 2140 580 2213 comprehenduntur,
594 2157 720 2213 quorum
736 2140 765 2196 in
782 2146 905 2213 utroquo
918 2156 977 2197 uns
992 2143 1107 2196 notura.

282 2228 356 2287 Num
373 2229 465 2286 Chem
483 2227 712 2299 rabir‚Chanean
727 2231 869 2287 commotio
884 2234 913 2285 ct
927 2227 1108 2301 inquietudo:
1446 2206 1562 2265 CAPUT
1581 2208 1703 2266 ΧΧΧΝ·

282 2316 332 2390 (ιυί
347 2322 445 2374 sutem
462 2316 575 2373 calidus
587 2320 641 2385 est,
654 2317 756 2390 utiquo
767 2317 916 2390 inquietus
929 2322 1018 2390 etque
1033 2332 1110 2373 com·
1163 2313 1259 2382 Qualis
1279 2312 1364 2396 ditum
1384 2313 1462 2368 illiue
1485 2314 1611 2399 improbi.
1626 2315 1705 2385 filiae
1727 2318 1818 2373 senor
1838 2319 1913 2387 [aeri
1925 2320 1964 2397 :at

283 2406 389 2463 motior
411 2411 466 2462 est.
483 2404 515 2461 ln
538 2404 655 2462 duobus
679 2404 769 2479 igitur
791 2412 854 2462 erat
876 2422 935 2463 une
960 2404 1059 2478 passio
1082 2410 1112 2461 et
1199 2384 1231 2440 ὼ
1245 2385 1304 2455 filw
1320 2382 1391 2439 Chul
1413 2384 1559 2441 Nssmbmffi
1580 2391 1694 2458 tilam
1714 2396 1740 2443 02
1762 2396 1963 2458 immittit*

282 2512 361 2552 unus
375 2495 505 2551 allectus.
518 2495 620 2567 ltaque
635 2510 702 2550 oum
713 2494 786 2551 alter
798 2495 945 2552 addicitur
955 2494 1024 2568 (ot),
1036 2499 1112 2551 uter·
1198 2456 1479 2599 zaemff’
1491 2459 1519 2512 ά
1531 2473 1549 2511 ⁰
1563 2473 1617 2530 W
1639 2474 1759 2528 'iiim
1777 2459 1914 2531 Bibilm‘
1925 2472 1965 2514 Μ·

282 2600 340 2656 que
355 2584 523 2640 damnetur.

318 2674 380 2726 122.
396 2671 468 2728 Cum
484 2674 606 2728 sanctus
626 2670 717 2745 igitur
741 2672 801 2728 Noe
825 2672 1002 2729 benedicens
1018 2670 1112 2727 filium
1202 2670 1263 2725 126.
1280 2672 1363 2725 Nunc
1377 2685 1476 2741 quero
1502 2686 1560 2742 qua
1585 2672 1702 2728 ratione
1722 2671 1813 2728 Cbam
1834 2669 1906 2727 illius
1924 2670 1968 2725 im·

282 2776 370 2817 suum
385 2759 492 2833 anhet
517 2759 557 2815 ait
574 2778 580 2815 :
598 2760 704 2817 Ditctct
718 2762 850 2816 comino
868 2760 992 2833 inpleti,
1008 2755 1114 2816 taboret
1166 2757 1249 2830 probi
1264 2756 1358 2814 illium
1373 2756 1518 2814 seniorem
1528 2758 1683 2833 Scriptura
1697 2761 1788 2817 inisse
1802 2757 1967 2827 memoranti

282 2849 312 2903 ia
328 2848 453 2905 domibus
475 2847 547 2914 Sem,
564 2860 590 2903 et
610 2848 660 2919 fiat
684 2847 818 2904 Cinnano
831 2864 924 2905 servm
948 2849 1007 2921 ejas
1030 2848 1110 2919 (loia.
1166 2847 1229 2903 Duo
1243 2862 1350 2919 genere
1366 2850 1457 2914 terra,
1473 2864 1567 2904 unum
1581 2848 1660 2904 velut
1679 2866 1835 2907 arenosum
1849 2854 1877 2906 et
1888 2846 1969 2921 pulec-

281 2936 347 3007 27);
364 2932 493 2991 diximus
509 2951 599 3008 supra
619 2934 744 3007 iapheth
767 2935 852 3008 qunsi
877 2936 1047 2993 indifferens
1062 2936 1113 2992 bo·
1166 2933 1328 3001 nutantum,
1340 2934 1411 3003 imo,
1421 2939 1455 2991 ut
1469 2936 1637 3009 expressius
1651 2938 1764 3005 dicam,
1780 2937 1891 3011 pulvis:
1906 2934 1969 2992 eliud

286 3040 358 3079 num
374 3022 534 3097 significari
557 3023 648 3097 (supr.
666 3040 729 3096 cop.
745 3025 784 3097 2).
802 3023 1000 3081 lndiil'ercntia
1013 3030 1111 3082 autem
1166 3038 1260 3096 genus
1276 3027 1358 3078 mrim
1373 3022 1555 3080 fructiferum
1571 3027 1660 3098 etque
1685 3028 1853 3095 secundum,
1867 3026 1916 3083 hoc
1927 3026 1970 3087 ost,

286 3109 473 3167 latiiudinem
489 3111 587 3179 hnbct,
603 3129 668 3185 quac
692 3117 737 3167 cst
760 3112 790 3167 in
814 3112 919 3180 smute,
936 3112 1044 3185 vigore,
1060 3114 1112 3169 de·
1166 3116 1244 3167 terre
1261 3111 1382 3167 solidior
1395 3117 1431 3169 et
1455 3113 1610 3185 profunde.
1624 3115 1702 3181 Quid
1729 3116 1819 3189 igitur
1841 3112 1970 3187 improbus

286 3216 363 3269 core,
379 3199 559 3267 fortitudine,
577 3198 697 3269 divitiis,
711 3199 815 3273 gretia,
832 3201 1111 3273 nobilitatesmiois,
1167 3198 1223 3256 nisi
1247 3199 1395 3272 pulvorem
1410 3204 1540 3273 generat,
1555 3218 1590 3258 ex
1609 3219 1668 3275 quo
1684 3203 1833 3278 genoratio
1854 3217 1913 3260 esse
1925 3216 1971 3255 non

284 3289 490 3364 potestatibus,
507 3291 535 3345 ct
549 3288 670 3345 coleris.
687 3289 742 3345 Scd
759 3289 819 3345 bac
834 3290 901 3347 licet
916 3270 1148 3349 indicaremini}
1167 3288 1283 3361 possiti
1299 3289 1424 3361 ldeoque
1438 3289 1582 3362 Propheta
1596 3291 1750 3363 pulverem
1765 3292 1862 3364 impiis
1873 3304 1971 3360 compe·

286 3380 364 3436 bona
380 3378 449 3447 sini,
466 3382 563 3433 tamen
581 3376 728 3451 plerisque
750 3383 923 3445 nocuerunt,
939 3380 991 3452 qui
1006 3396 1041 3436 ea
1055 3397 1113 3436 non
1167 3376 1242 3433 revit
1255 3376 1356 3434 dicens
1373 3395 1380 3433 :
1397 3378 1455 3433 Noa
1477 3382 1518 3435 sic
1543 3380 1633 3452 tropei,
1649 3398 1707 3437 noa
1727 3384 1783 3448 τίω
1797 3381 1842 3437 sed
1863 3387 1973 3449 unquam

288 3482 355 3523 cum
374 3464 517 3538 sapientis
527 3471 557 3522 et
567 3465 683 3537 justitie
695 3467 898 3539 possederunt.
913 3466 1020 3525 Multos
1034 3468 1114 3525 enim
1165 3465 1258 3537 palcis
1273 3482 1353 3539 qoem
1366 3468 1475 3539 projicit
1489 3470 1585 3523 ceolas
1599 3485 1616 3524 a
1629 3470 1706 3540 socie
1718 3473 1803 3527 terrae
1817 3468 1898 3541 (Prot.
1913 3484 1929 3530 r,
1942 3465 1972 3532 tl.

287 3555 383 3613 ebrios
395 3554 486 3612 iecere
501 3554 619 3621 divitie,
632 3554 770 3612 nobilitas
781 3561 809 3611 et
821 3559 950 3628 potestas
961 3559 1114 3630 superbos,
1169 3554 1208 3610 lto
1223 3555 1301 3627 quod
1326 3555 1414 3611 etiem
1430 3556 1591 3612 monadum
1616 3556 1754 3615 altiorem
1778 3573 1894 3614 sensum
1913 3552 1974 3610 inle-

287 3641 477 3717 pulohritudo
512 3641 690 3709 luxuriosos,
723 3643 809 3715 cujus
842 3645 981 3719 suffragio
1013 3646 1115 3703 clienae
1169 3642 1490 3716 cundesltimpiorum
1506 3644 1616 3713 anime,
1632 3663 1700 3719 ques
1717 3650 1831 3703 l'ructus
1846 3642 1974 3713 utilosge

287 3732 395 3790 mentis
410 3731 593 3805 corruperint
607 3732 774 3789 castitatem
790 3732 857 3805 (95).
874 3734 947 3807 Ergo
963 3751 1014 3807 pro
1030 3739 1117 3791 uton-
1171 3748 1272 3789 necare
1288 3748 1346 3787 nou
1362 3734 1465 3805 possit.

286 3822 325 3879 tis
339 3821 444 3879 ellectu
459 3821 564 3878 horurn
581 3838 644 3893 quae
660 3820 801 3889 diximus,
816 3820 1019 3879 indifferentia
1035 3828 1118 3907 sunt,
1206 3821 1268 3876 127.
1283 3821 1346 3886 Qua
1356 3822 1467 3877 ratione
1477 3822 1567 3878 etiem
1578 3821 1657 3880 Ghus
1671 3822 1833 3880 Nembroth
1848 3822 1976 3895 gigantem

286 3928 411 3985 quorum
427 3927 500 3967 usus
517 3914 568 3966 aut
581 3909 740 3967 virtutibus
756 3910 878 3984 regitur,
895 3914 945 3967 aut
960 3916 1037 3969 certe
1054 3912 1118 3969 sine
1170 3908 1313 3981 genuerit,
1329 3908 1380 3981 qui
1394 3912 1457 3965 erat
1471 3914 1590 3966 venator
1608 3916 1679 3968 ente
1694 3913 1812 3969 Deum?
1826 3910 1898 3969 m
1912 3905 1978 3964 Unde

285 4000 498 4075 gubernatione
522 4000 662 4055 virtutum
686 3999 783 4055 irnudi
800 4014 864 4057 esso
879 3998 1034 4073 incipiunt,
1052 4017 1117 4073 qun
1170 3995 1281 4053 dictum
1308 4002 1352 4053 est
1376 4014 1383 4053 :
1409 3998 1485 4053 Sicut
1513 3999 1660 4057 llambrotlt
1689 4004 1772 4072 qipae
1799 4002 1979 4057 conobrem

286 4092 411 4164 possunt
423 4104 488 4145 esse
505 4086 633 4143 utilitati.
1171 4086 1256 4142 Deam
1270 4086 1326 4159 (96)
1341 4086 1417 4159 (Gen.
1433 4104 1460 4156 x,
1477 4086 1516 4158 9).
1531 4086 1605 4151 Quid
1629 4088 1723 4162 igitur
1747 4090 1826 4146 eliud
1851 4086 1937 4161 pulvis
1957 4086 1980 4135 et

571 4191 688 4249 (ιχριιι
705 4192 829 4249 χχχιιι,
1170 4190 1260 4231 arena
1273 4179 1434 4247 generaret,
1450 4174 1506 4232 nisi
1520 4181 1671 4235 terrenum
1688 4176 1840 4235 bominem
1852 4194 1858 4233 :
1870 4192 1901 4233 eo
1915 4168 1978 4245 quod

290 4284 325 4339 De
339 4298 407 4339 ccci.
420 4284 502 4337 artare
517 4298 582 4353 qnos
603 4281 659 4338 Noe
670 4286 731 4352 pon
751 4281 888 4337 diluvium
907 4284 1008 4339 omisso
1028 4285 1116 4340 trudi·
1169 4262 1280 4335 im95⁰⁵
1290 4262 1582 4321 ⁰OE¹⁰⁸ilb⁰⁸wff⁰¹¹⁸
1593 4272 1756 4338 ΡΓΒΡΟΜῑ·
1769 4260 1979 4339 ὓῐῧθῦῐθθθῃῑω

324 4360 387 4415 tarr
403 4361 461 4409 tum
474 4353 507 4409 de
518 4353 676 4425 posteritate
688 4353 806 4425 topbeth
820 4353 856 4410 od
877 4354 997 4411 litteram
1012 4369 1045 4410 oc
1058 4372 1116 4411 mo·
1171 4350 1274 4409 sabula
1301 4352 1445 4408 inducunt
1472 4353 1627 4410 adversum
1652 4372 1765 4428 supera
1789 4353 1913 4411 voluisse
1937 4363 1979 4421 pu·

325 4424 433 4480 naliter.
1170 4454 1270 4513 gnare,
1285 4445 1314 4495 et
1329 4446 1442 4496 terreno
1458 4456 1582 4499 escensu
1599 4444 1805 4500 scandendum
1821 4442 1856 4499 ad
1871 4434 1981 4498 coelestia

324 4528 387 4583 123.
401 4526 483 4583 Nunc
503 4529 641 4601 quoniam
669 4534 735 4602 post
762 4528 906 4586 diluvium
923 4530 983 4587 Nos
1008 4530 1117 4586 dicitur
1170 4533 1355 4599 putaverunt.

289 4615 475 4689 (cen.1x,28)
489 4616 597 4673 vixisse
617 4617 757 4674 trecentis
781 4622 810 4674 et
833 4618 1051 4691 quinquaginta
1063 4636 1115 4675 en·
1132 4635 1155 4702 ιι
1206 4614 1498 4673 tarentasiensem
1511 4634 1598 4674 sensu
1615 4618 1690 4676 illud
1707 4620 1902 4694 significatur,
1916 4612 1981 4687 qnod

288 4703 346 4775 nis,
361 4718 548 4777 nequaquem
572 4705 806 4777 pratereundum
830 4712 978 4779 putamus.
995 4706 1070 4765 Nam
1084 4708 1114 4763 in
1169 4703 1219 4777 qui
1234 4710 1363 4761 terrenus
1379 4704 1476 4779 diligit
1490 4704 1665 4779 voluptates,
1676 4725 1729 4765 eas
1747 4708 1889 4781 sequitur,
1899 4712 1926 4762 et
1937 4718 1981 4775 pu·

287 4794 425 4851 trecentis
440 4808 556 4850 crucem
572 4792 679 4849 Christi
696 4793 856 4865 significari
871 4800 983 4851 certum
998 4800 1052 4862 cst,
1065 4813 1114 4849 cu·
1168 4796 1212 4848 tat
1230 4791 1277 4849 bis
1292 4808 1323 4850 se
1337 4810 1424 4867 posse
1437 4794 1473 4850 ed
1498 4794 1550 4851 Dei
1573 4796 1699 4869 gratiam
1724 4798 1886 4870 pervenire,
1900 4798 1927 4849 et
1945 4805 1982 4844 rt·

283 4883 335 4955 jus
350 4888 419 4956 typo
429 4882 529 4955 justus
544 4898 561 4937 a
575 4880 684 4938 diluvio
700 4881 841 4938 liberatus
854 4887 908 4939 cst.
923 4884 956 4939 ln
971 4884 1116 4956 quinque·
1168 4895 1261 4953 gnum
1276 4880 1392 4938 ooeleste
1405 4881 1574 4955 hujusmodi
1591 4884 1744 4943 erroribus
1760 4884 1952 4947 deferendum,
1962 4878 1983 4933 it

287 4969 520 5045 gintajubiloeus
535 4974 580 5027 cst
595 4986 736 5027 numerus
750 4970 933 5027 remissionis
949 4988 1007 5043 quo
1021 4972 1115 5045 Spiri·
1169 4968 1324 5025 advorsum
1350 4969 1482 5028 coelsstia
1505 4975 1675 5030 contumaci
1705 4976 1856 5048 praelietur
1882 4972 1982 5028 sunto.

288 5064 336 5116 tus
363 5065 484 5117 sanctus
513 5058 623 5115 missus
637 5076 654 5114 a
669 5056 740 5114 crolo
754 5065 808 5123 eet.
825 5060 949 5133 gretiam
975 5059 1116 5117 humenis
1168 5057 1324 5130 Propterea
1337 5063 1366 5114 et
1379 5057 1409 5115 in
1423 5060 1573 5132 proverbio
1587 5067 1633 5120 est
1648 5062 1686 5119 ds
1701 5079 1737 5119 co
1753 5063 1805 5137 qui
1820 5056 1982 5135 deliquerit:

288 5148 455 5221 pectoribus
481 5148 648 5204 infundens.
665 5146 794 5203 Perfecto
808 5147 900 5219 igitur
924 5164 1046 5204 numero
1070 5166 1114 5204 re·
1167 5149 1245 5203 sicat
1259 5148 1404 5203 Nemorotla
1419 5151 1496 5219 piqos
1511 5154 1624 5207 venato
1637 5156 1704 5209 onte
1725 5144 1983 5208 omnitenentis

289 5235 439 5293 missionis
454 5242 483 5293 et
504 5235 603 5310 gratia
614 5237 715 5309 justus
731 5234 910 5293 curriculum
935 5236 998 5291 vitae
1024 5237 1115 5309 hujus
1168 5240 1266 5291 nutem
1283 5252 1334 5309 per
1352 5236 1620 5308 interpretationem
1631 5238 1743 5295 dicitur
1757 5239 1898 5313 AEthiops.
1912 5233 1985 5292 Color

288 5322 431 5397 implevit.
1168 5324 1313 5397 AEtbiopis
1327 5325 1464 5382 tenebras
1477 5325 1583 5385 anime
1593 5326 1827 5401 squaloremque
1840 5326 1983 5401 significat,

326 5496 381 5580 (ii)
397 5498 470 5554 Edit.
484 5503 550 5555 Am.
566 5516 634 5557 cum
658 5502 797 5559 Parisinis
818 5502 929 5586 eliquat
944 5502 984 5558 ibi
1005 5503 1115 5560 babent
1167 5519 1250 5561 corre
1274 5504 1290 5558 ‘t
1303 5504 1465 5560 castitatem.
1482 5504 1553 5562 Mes.
1569 5523 1636 5564 vero
1651 5511 1686 5561 ut
1700 5523 1758 5564 nos
1772 5506 1802 5562 in
1817 5509 1905 5563 textu.

289 5568 431 5652 αάιιοιιιυ·Ζ
447 5568 496 5625 ubi
512 5570 584 5637 alin,
600 5588 667 5655 cum
683 5572 1114 5643 mss.,oddioatar.blelius‚hio
1203 5519 1398 5647 (dosoeerant
1421 5574 1450 5631 in
1474 5576 1588 5635 cunctis
1610 5575 1683 5634 edit.
1711 5578 1866 5651 sequentia
1889 5592 1896 5631 :
1921 5570 1984 5631 l'nde

289 5655 368 5698 enim
383 5656 401 5697 e
423 5644 480 5695 rtur
495 5641 531 5696 de
546 5646 694 5699 servitute.
1167 5644 1270 5702 doctam
1284 5653 1342 5702 est:
1358 5647 1432 5703 sicat
1445 5646 1589 5704 liembrotlt
1600 5651 1681 5722 qinon
1695 5657 1812 5706 cermwr
1823 5651 1885 5705 cote
1893 5646 1983 5703 ileum

324 5711 381 5784 (95)
396 5656 504 5769 graneo
518 5710 599 5775 edit..
623 5714 702 5783 cuim
715 5714 876 5787 suffragatio
899 5717 1001 5776 alienae
1014 5720 1114 5774 necatis
1168 5732 1233 5789 que
1248 5720 1346 5775 temen
1362 5716 1391 5774 in
1408 5717 1546 5777 omnibus
1560 5734 1633 5778 mss.
1651 5721 1850 5793 reperiuntur.
