<?xml version="1.0" encoding="UTF-8"?>
<!DOCTYPE html PUBLIC "-//W3C//DTD XHTML 1.0 Transitional//EN"
    "http://www.w3.org/TR/xhtml1/DTD/xhtml1-transitional.dtd">
<html xmlns="http://www.w3.org/1999/xhtml" xml:lang="en" lang="en">
 <head>
  <title>
</title>
<meta http-equiv="Content-Type" content="text/html;charset=utf-8" />
  <meta name='ocr-system' content='tesseract 3.04.00' />
  <meta name='ocr-capabilities' content='ocr_page ocr_carea ocr_par ocr_line ocrx_word'/>
</head>
<body>
  <div class='ocr_page' id='page_1' title='image "./patrologiaecurs31goog_0201.png"; bbox 0 0 4159 6184; ppageno 0'>
   <div class='ocr_carea' id='block_1_1' title="bbox 149 198 1925 329">
    <p class='ocr_par' dir='ltr' id='par_1_1' title="bbox 149 198 1925 329">
     <span class='ocr_line' id='line_1_1' title="bbox 149 198 1925 329; baseline 0.029 -54"><span class='ocrx_word' id='word_1_1' title='bbox 149 230 203 296; x_wconf 63' lang='lat'>39³</span> <span class='ocrx_word' id='word_1_2' title='bbox 772 232 978 297; x_wconf 81' lang='lat' dir='ltr'>uranu-ou</span> <span class='ocrx_word' id='word_1_3' title='bbox 999 236 1159 303; x_wconf 84' lang='lat' dir='ltr'>uouur</span> <span class='ocrx_word' id='word_1_4' title='bbox 1181 238 1302 304; x_wconf 78' lang='lat' dir='ltr'>unca.</span> <span class='ocrx_word' id='word_1_5' title='bbox 1667 198 1671 203; x_wconf 30' lang='lat'>¹</span> <span class='ocrx_word' id='word_1_6' title='bbox 1769 245 1772 253; x_wconf 77' lang='grc'><em>’</em></span> <span class='ocrx_word' id='word_1_7' title='bbox 1858 260 1925 329; x_wconf 79' lang='lat' dir='ltr'>aar</span> 
     </span>
    </p>
   </div>
   <div class='ocr_carea' id='block_1_2' title="bbox 177 359 1923 457">
    <p class='ocr_par' dir='ltr' id='par_1_2' title="bbox 177 359 1923 457">
     <span class='ocr_line' id='line_1_2' title="bbox 177 359 1923 457; baseline 0.023 -40"><span class='ocrx_word' id='word_1_8' title='bbox 177 376 291 419; x_wconf 76' lang='lat' dir='ltr'>nouum</span> <span class='ocrx_word' id='word_1_9' title='bbox 303 362 509 435; x_wconf 69' lang='lat' dir='ltr'>attenuatione</span> <span class='ocrx_word' id='word_1_10' title='bbox 521 377 557 419; x_wconf 86' lang='lat' dir='ltr'>ac</span> <span class='ocrx_word' id='word_1_11' title='bbox 568 359 811 431; x_wconf 68' lang='lat' dir='ltr'>mudaputctur.</span> <span class='ocrx_word' id='word_1_12' title='bbox 830 364 951 421; x_wconf 62' lang='lat' dir='ltr'>&amp;oriri</span> <span class='ocrx_word' id='word_1_13' title='bbox 975 384 1013 423; x_wconf 78' lang='lat' dir='ltr'>ea</span> <span class='ocrx_word' id='word_1_14' title='bbox 1029 373 1056 435; x_wconf 74' lang='grc' dir='ltr'><strong>Α</strong></span> <span class='ocrx_word' id='word_1_15' title='bbox 1073 370 1211 439; x_wconf 76' lang='lat' dir='ltr'>perantia</span> <span class='ocrx_word' id='word_1_16' title='bbox 1241 374 1324 431; x_wconf 88' lang='lat' dir='ltr'>enim</span> <span class='ocrx_word' id='word_1_17' title='bbox 1352 378 1488 437; x_wconf 79' lang='lat' dir='ltr'><strong>accendit</strong></span> <span class='ocrx_word' id='word_1_18' title='bbox 1515 377 1674 439; x_wconf 77' lang='lat' dir='ltr'>libidinem</span> <span class='ocrx_word' id='word_1_19' title='bbox 1690 425 1700 451; x_wconf 92' lang='lat'>,</span> <span class='ocrx_word' id='word_1_20' title='bbox 1743 390 1923 457; x_wconf 88' lang='lat' dir='ltr'>cruditatem</span> 
     </span>
    </p>
   </div>
   <div class='ocr_carea' id='block_1_3' title="bbox 179 430 1926 547">
    <p class='ocr_par' dir='ltr' id='par_1_3' title="bbox 179 430 1926 547">
     <span class='ocr_line' id='line_1_3' title="bbox 179 430 1926 547; baseline 0.03 -59"><span class='ocrx_word' id='word_1_21' title='bbox 179 435 384 511; x_wconf 70' lang='lat' dir='ltr'>irttemperintia</span> <span class='ocrx_word' id='word_1_22' title='bbox 395 430 657 505; x_wconf 55' lang='lat' dir='ltr'>asturicensem</span> <span class='ocrx_word' id='word_1_23' title='bbox 670 431 877 489; x_wconf 76' lang='lat' dir='ltr'>adhibendam</span> <span class='ocrx_word' id='word_1_24' title='bbox 887 438 917 491; x_wconf 81' lang='lat' dir='ltr'>ei</span> <span class='ocrx_word' id='word_1_25' title='bbox 927 440 1014 493; x_wconf 86' lang='lat' dir='ltr'>remi·</span> <span class='ocrx_word' id='word_1_26' title='bbox 1046 488 1050 495; x_wconf 90' lang='lat'>.</span> <span class='ocrx_word' id='word_1_27' title='bbox 1072 464 1208 530; x_wconf 60' lang='lat' dir='ltr'>genem,</span> <span class='ocrx_word' id='word_1_28' title='bbox 1222 464 1425 537; x_wconf 63' lang='lat' dir='ltr'>corruptelam</span> <span class='ocrx_word' id='word_1_29' title='bbox 1441 472 1532 525; x_wconf 78' lang='lat' dir='ltr'>creat.</span> <span class='ocrx_word' id='word_1_30' title='bbox 1549 468 1654 543; x_wconf 86' lang='lat' dir='ltr'>Itaque</span> <span class='ocrx_word' id='word_1_31' title='bbox 1669 477 1722 531; x_wconf 88' lang='lat' dir='ltr'>aut</span> <span class='ocrx_word' id='word_1_32' title='bbox 1735 476 1849 543; x_wconf 87' lang='lat' dir='ltr'>duritia</span> <span class='ocrx_word' id='word_1_33' title='bbox 1878 488 1926 547; x_wconf 81' lang='lat' dir='ltr'>in-</span> 
     </span>
    </p>
   </div>
   <div class='ocr_carea' id='block_1_4' title="bbox 178 504 1927 639">
    <p class='ocr_par' dir='ltr' id='par_1_4' title="bbox 178 504 1927 639">
     <span class='ocr_line' id='line_1_4' title="bbox 178 504 1927 639; baseline 0.034 -59"><span class='ocrx_word' id='word_1_34' title='bbox 178 504 254 561; x_wconf 54' lang='lat' dir='ltr'>ditm</span> <span class='ocrx_word' id='word_1_35' title='bbox 267 507 313 573; x_wconf 57' lang='lat'><strong>*²¹²2</strong></span> <span class='ocrx_word' id='word_1_36' title='bbox 330 506 485 562; x_wconf 50' lang='lat' dir='ltr'>mundum·</span> <span class='ocrx_word' id='word_1_37' title='bbox 1071 547 1160 605; x_wconf 88' lang='lat' dir='ltr'>terna</span> <span class='ocrx_word' id='word_1_38' title='bbox 1173 549 1351 624; x_wconf 90' lang='lat' dir='ltr'>tenduntur,</span> <span class='ocrx_word' id='word_1_39' title='bbox 1364 560 1394 613; x_wconf 89' lang='lat' dir='ltr'>et</span> <span class='ocrx_word' id='word_1_40' title='bbox 1408 556 1589 631; x_wconf 89' lang='lat' dir='ltr'>quatiuntur</span> <span class='ocrx_word' id='word_1_41' title='bbox 1604 559 1769 639; x_wconf 87' lang='lat' dir='ltr'>doloribus,</span> <span class='ocrx_word' id='word_1_42' title='bbox 1784 578 1836 633; x_wconf 89' lang='lat' dir='ltr'>eut</span> <span class='ocrx_word' id='word_1_43' title='bbox 1846 576 1927 639; x_wconf 90' lang='lat' dir='ltr'>inco-</span> 
     </span>
    </p>
   </div>
   <div class='ocr_carea' id='block_1_5' title="bbox 145 625 1926 1179">
    <p class='ocr_par' dir='ltr' id='par_1_5' title="bbox 145 625 1926 1179">
     <span class='ocr_line' id='line_1_5' title="bbox 178 625 1926 739; baseline 0.044 -85"><span class='ocrx_word' id='word_1_44' title='bbox 178 631 222 687; x_wconf 28' lang='lat'>27.</span> <span class='ocrx_word' id='word_1_45' title='bbox 244 628 411 687; x_wconf 58' lang='lat' dir='ltr'>Nungfflug</span> <span class='ocrx_word' id='word_1_46' title='bbox 446 644 636 705; x_wconf 51' lang='lat' dir='ltr'>queremus,</span> <span class='ocrx_word' id='word_1_47' title='bbox 677 625 756 698; x_wconf 90' lang='lat' dir='ltr'>quid</span> <span class='ocrx_word' id='word_1_48' title='bbox 781 626 827 684; x_wconf 88' lang='lat' dir='ltr'>sit</span> <span class='ocrx_word' id='word_1_49' title='bbox 847 627 933 697; x_wconf 89' lang='lat' dir='ltr'>quod</span> <span class='ocrx_word' id='word_1_50' title='bbox 970 630 1016 690; x_wconf 86' lang='lat' dir='ltr'>ait</span> <span class='ocrx_word' id='word_1_51' title='bbox 1073 629 1120 689; x_wconf 88' lang='lat' dir='ltr'>cto</span> <span class='ocrx_word' id='word_1_52' title='bbox 1148 635 1287 697; x_wconf 88' lang='lat' dir='ltr'>ciborum</span> <span class='ocrx_word' id='word_1_53' title='bbox 1315 641 1444 703; x_wconf 89' lang='lat' dir='ltr'>humore</span> <span class='ocrx_word' id='word_1_54' title='bbox 1474 650 1505 703; x_wconf 88' lang='lat' dir='ltr'>et</span> <span class='ocrx_word' id='word_1_55' title='bbox 1531 646 1740 723; x_wconf 74' lang='lat' dir='ltr'>indigestionis</span> <span class='ocrx_word' id='word_1_56' title='bbox 1764 649 1926 739; x_wconf 82' lang='lat' dir='ltr'>asperitate</span> 
     </span>
     <span class='ocr_line' id='line_1_6' title="bbox 146 713 1921 821; baseline 0.026 -47"><span class='ocrx_word' id='word_1_57' title='bbox 146 718 306 777; x_wconf 77' lang='lat' dir='ltr'>Dominus:</span> <span class='ocrx_word' id='word_1_58' title='bbox 327 719 459 789; x_wconf 70' lang='lat' dir='ltr'>iuferiora</span> <span class='ocrx_word' id='word_1_59' title='bbox 471 736 541 777; x_wconf 72' lang='lat' dir='ltr'>orca</span> <span class='ocrx_word' id='word_1_60' title='bbox 562 718 784 775; x_wconf 63' lang='lat' dir='ltr'>immanet</span> <span class='ocrx_word' id='word_1_61' title='bbox 818 713 1016 773; x_wconf 67' lang='lat' dir='ltr'>tricamerata</span> <span class='ocrx_word' id='word_1_62' title='bbox 1073 718 1200 781; x_wconf 84' lang='lat' dir='ltr'>interior</span> <span class='ocrx_word' id='word_1_63' title='bbox 1229 729 1354 801; x_wconf 77' lang='lat' dir='ltr'>quidam</span> <span class='ocrx_word' id='word_1_64' title='bbox 1383 734 1599 793; x_wconf 89' lang='lat' dir='ltr'>intestinorum</span> <span class='ocrx_word' id='word_1_65' title='bbox 1628 743 1756 807; x_wconf 90' lang='lat' dir='ltr'>amictus</span> <span class='ocrx_word' id='word_1_66' title='bbox 1784 756 1921 821; x_wconf 85' lang='lat' dir='ltr'>raditur:</span> 
     </span>
     <span class='ocr_line' id='line_1_7' title="bbox 145 799 1922 911; baseline 0.017 -30"><span class='ocrx_word' id='word_1_67' title='bbox 145 805 327 881; x_wconf 63' lang='lat' dir='ltr'>teteritas.</span> <span class='ocrx_word' id='word_1_68' title='bbox 342 824 380 875; x_wconf 81' lang='lat' dir='ltr'>vr,</span> <span class='ocrx_word' id='word_1_69' title='bbox 394 808 449 881; x_wconf 78' lang='lat' dir='ltr'>ib).</span> <span class='ocrx_word' id='word_1_70' title='bbox 464 808 602 867; x_wconf 84' lang='lat' dir='ltr'>Interiora</span> <span class='ocrx_word' id='word_1_71' title='bbox 616 802 740 877; x_wconf 90' lang='lat' dir='ltr'>quidem</span> <span class='ocrx_word' id='word_1_72' title='bbox 765 799 925 868; x_wconf 89' lang='lat' dir='ltr'>dicendo,</span> <span class='ocrx_word' id='word_1_73' title='bbox 955 803 1015 859; x_wconf 88' lang='lat' dir='ltr'>sd·</span> <span class='ocrx_word' id='word_1_74' title='bbox 1075 810 1369 880; x_wconf 80' lang='lat' dir='ltr'>quiavelutcbarte</span> <span class='ocrx_word' id='word_1_75' title='bbox 1390 824 1491 899; x_wconf 90' lang='lat' dir='ltr'>specie</span> <span class='ocrx_word' id='word_1_76' title='bbox 1517 826 1655 897; x_wconf 85' lang='lat' dir='ltr'>geminus</span> <span class='ocrx_word' id='word_1_77' title='bbox 1674 849 1777 899; x_wconf 90' lang='lat' dir='ltr'>eorum</span> <span class='ocrx_word' id='word_1_78' title='bbox 1792 848 1922 911; x_wconf 89' lang='lat' dir='ltr'>amictus</span> 
     </span>
     <span class='ocr_line' id='line_1_8' title="bbox 146 885 1919 1015; baseline 0.042 -93"><span class='ocrx_word' id='word_1_79' title='bbox 146 896 297 955; x_wconf 51' lang='lat' dir='ltr'>„artimus</span> <span class='ocrx_word' id='word_1_80' title='bbox 311 896 388 967; x_wconf 66' lang='lat' dir='ltr'>quod</span> <span class='ocrx_word' id='word_1_81' title='bbox 404 896 589 969; x_wconf 59' lang='lat' dir='ltr'>pupohmnos</span> <span class='ocrx_word' id='word_1_82' title='bbox 611 889 723 951; x_wconf 84' lang='lat' dir='ltr'>sentire</span> <span class='ocrx_word' id='word_1_83' title='bbox 746 885 906 943; x_wconf 84' lang='lat' dir='ltr'>voluerit</span> <span class='ocrx_word' id='word_1_84' title='bbox 932 888 1013 947; x_wconf 84' lang='lat' dir='ltr'>inie-</span> <span class='ocrx_word' id='word_1_85' title='bbox 1076 901 1315 969; x_wconf 88' lang='lat' dir='ltr'>asseritur:unue</span> <span class='ocrx_word' id='word_1_86' title='bbox 1331 913 1459 970; x_wconf 81' lang='lat' dir='ltr'>exterior</span> <span class='ocrx_word' id='word_1_87' title='bbox 1475 929 1565 985; x_wconf 88' lang='lat' dir='ltr'>quem</span> <span class='ocrx_word' id='word_1_88' title='bbox 1580 919 1755 985; x_wconf 89' lang='lat' dir='ltr'>continuum</span> <span class='ocrx_word' id='word_1_89' title='bbox 1772 934 1919 1015; x_wconf 73' lang='lat' dir='ltr'>aiuntpa</span> 
     </span>
     <span class='ocr_line' id='line_1_9' title="bbox 148 971 1917 1091; baseline 0.05 -91"><span class='ocrx_word' id='word_1_90' title='bbox 148 985 214 1041; x_wconf 52' lang='lat' dir='ltr'>riori</span> <span class='ocrx_word' id='word_1_91' title='bbox 229 984 295 1041; x_wconf 63' lang='lat'><strong>100⁰</strong></span> <span class='ocrx_word' id='word_1_92' title='bbox 310 983 482 1042; x_wconf 48' lang='lat' dir='ltr'>usqimand„</span> <span class='ocrx_word' id='word_1_93' title='bbox 496 985 624 1041; x_wconf 54' lang='lat' dir='ltr'><strong>ciborum</strong></span> <span class='ocrx_word' id='word_1_94' title='bbox 638 971 861 1069; x_wconf 68' lang='lat' dir='ltr'>receptacula,</span> <span class='ocrx_word' id='word_1_95' title='bbox 880 973 1012 1047; x_wconf 87' lang='lat' dir='ltr'>hocest,</span> <span class='ocrx_word' id='word_1_96' title='bbox 1078 983 1139 1058; x_wconf 87' lang='lat' dir='ltr'>riti,</span> <span class='ocrx_word' id='word_1_97' title='bbox 1154 990 1200 1047; x_wconf 86' lang='lat' dir='ltr'>vet</span> <span class='ocrx_word' id='word_1_98' title='bbox 1216 995 1267 1067; x_wconf 91' lang='lat' dir='ltr'>qui</span> <span class='ocrx_word' id='word_1_99' title='bbox 1283 999 1419 1059; x_wconf 89' lang='lat' dir='ltr'>curiosus</span> <span class='ocrx_word' id='word_1_100' title='bbox 1435 1002 1563 1059; x_wconf 89' lang='lat' dir='ltr'>scrutati</span> <span class='ocrx_word' id='word_1_101' title='bbox 1591 1013 1671 1077; x_wconf 91' lang='lat' dir='ltr'>suut,</span> <span class='ocrx_word' id='word_1_102' title='bbox 1689 1029 1706 1072; x_wconf 88' lang='lat' dir='ltr'>a</span> <span class='ocrx_word' id='word_1_103' title='bbox 1732 1034 1850 1083; x_wconf 88' lang='lat' dir='ltr'>summo</span> <span class='ocrx_word' id='word_1_104' title='bbox 1879 1032 1917 1091; x_wconf 88' lang='lat' dir='ltr'>ad</span> 
     </span>
     <span class='ocr_line' id='line_1_10' title="bbox 147 1059 1916 1179; baseline 0.043 -77"><span class='ocrx_word' id='word_1_105' title='bbox 147 1074 553 1147; x_wconf 48' lang='lat' dir='ltr'>“vimmquoeaeoeptum</span> <span class='ocrx_word' id='word_1_106' title='bbox 580 1066 739 1129; x_wconf 85' lang='lat' dir='ltr'>conficiunt</span> <span class='ocrx_word' id='word_1_107' title='bbox 774 1059 906 1119; x_wconf 82' lang='lat' dir='ltr'>cibum.</span> <span class='ocrx_word' id='word_1_108' title='bbox 936 1064 1010 1123; x_wconf 84' lang='lat' dir='ltr'>Cor·</span> <span class='ocrx_word' id='word_1_109' title='bbox 1079 1071 1174 1135; x_wconf 87' lang='lat' dir='ltr'>imum</span> <span class='ocrx_word' id='word_1_110' title='bbox 1191 1080 1336 1145; x_wconf 90' lang='lat' dir='ltr'>directus:</span> <span class='ocrx_word' id='word_1_111' title='bbox 1359 1089 1437 1148; x_wconf 90' lang='lat' dir='ltr'>alius</span> <span class='ocrx_word' id='word_1_112' title='bbox 1451 1090 1577 1149; x_wconf 91' lang='lat' dir='ltr'>interior</span> <span class='ocrx_word' id='word_1_113' title='bbox 1604 1100 1745 1173; x_wconf 82' lang='lat' dir='ltr'>tanquam</span> <span class='ocrx_word' id='word_1_114' title='bbox 1775 1109 1916 1179; x_wconf 85' lang='lat' dir='ltr'>lateribus</span> 
     </span>
    </p>
   </div>
   <div class='ocr_carea' id='block_1_6' title="bbox 147 1153 1911 1531">
    <p class='ocr_par' dir='ltr' id='par_1_6' title="bbox 147 1153 1911 1531">
     <span class='ocr_line' id='line_1_11' title="bbox 148 1153 1903 1263; baseline 0.014 -42"><span class='ocrx_word' id='word_1_115' title='bbox 148 1161 297 1238; x_wconf 88' lang='lat' dir='ltr'>ruptlbiiis</span> <span class='ocrx_word' id='word_1_116' title='bbox 312 1160 393 1219; x_wconf 88' lang='lat' dir='ltr'>enim</span> <span class='ocrx_word' id='word_1_117' title='bbox 408 1158 766 1233; x_wconf 77' lang='lat' dir='ltr'>escaesttquodautam</span> <span class='ocrx_word' id='word_1_118' title='bbox 800 1153 1011 1226; x_wconf 73' lang='lat' dir='ltr'>corruptibile</span> <span class='ocrx_word' id='word_1_119' title='bbox 1079 1166 1207 1227; x_wconf 79' lang='lat' dir='ltr'><strong>attextus</strong></span> <span class='ocrx_word' id='word_1_120' title='bbox 1222 1189 1229 1241; x_wconf 91' lang='grc'>;</span> <span class='ocrx_word' id='word_1_121' title='bbox 1247 1176 1425 1236; x_wconf 87' lang='lat' dir='ltr'>undceiuut</span> <span class='ocrx_word' id='word_1_122' title='bbox 1441 1196 1501 1237; x_wconf 92' lang='lat' dir='ltr'>non</span> <span class='ocrx_word' id='word_1_123' title='bbox 1517 1183 1903 1263; x_wconf 63' lang='lat' dir='ltr'>totumsolvieummdstu,</span> 
     </span>
     <span class='ocr_line' id='line_1_12' title="bbox 148 1243 1911 1355; baseline -0.006 -45"><span class='ocrx_word' id='word_1_124' title='bbox 148 1270 204 1310; x_wconf 93' lang='lat' dir='ltr'>non</span> <span class='ocrx_word' id='word_1_125' title='bbox 219 1250 437 1324; x_wconf 89' lang='lat' dir='ltr'>superioribus,</span> <span class='ocrx_word' id='word_1_126' title='bbox 453 1249 504 1307; x_wconf 93' lang='lat' dir='ltr'>sod</span> <span class='ocrx_word' id='word_1_127' title='bbox 519 1246 703 1306; x_wconf 87' lang='lat' dir='ltr'>interioribus</span> <span class='ocrx_word' id='word_1_128' title='bbox 731 1243 1004 1343; x_wconf 79' lang='lat' dir='ltr'>comperandum.</span> <span class='ocrx_word' id='word_1_129' title='bbox 1077 1248 1150 1311; x_wconf 75' lang='lat' dir='ltr'>Nem</span> <span class='ocrx_word' id='word_1_130' title='bbox 1166 1257 1191 1313; x_wconf 68' lang='lat'>51·</span> <span class='ocrx_word' id='word_1_131' title='bbox 1223 1264 1383 1323; x_wconf 52' lang='lat' dir='ltr'>continuus</span> <span class='ocrx_word' id='word_1_132' title='bbox 1409 1272 1489 1323; x_wconf 63' lang='lat' dir='ltr'><strong>esset</strong></span> <span class='ocrx_word' id='word_1_133' title='bbox 1518 1269 1651 1345; x_wconf 78' lang='lat' dir='ltr'>interior,</span> <span class='ocrx_word' id='word_1_134' title='bbox 1681 1251 1911 1355; x_wconf 45' lang='lat' dir='ltr'>immedicabilis·</span> 
     </span>
     <span class='ocr_line' id='line_1_13' title="bbox 147 1336 1906 1445; baseline 0.01 -44"><span class='ocrx_word' id='word_1_135' title='bbox 147 1340 430 1414; x_wconf 88' lang='lat' dir='ltr'>Simulquiacibus</span> <span class='ocrx_word' id='word_1_136' title='bbox 454 1339 590 1395; x_wconf 87' lang='lat' dir='ltr'>deorsum</span> <span class='ocrx_word' id='word_1_137' title='bbox 623 1336 726 1401; x_wconf 72' lang='lat' dir='ltr'>lemur,</span> <span class='ocrx_word' id='word_1_138' title='bbox 756 1344 861 1400; x_wconf 72' lang='lat' dir='ltr'>aluus</span> <span class='ocrx_word' id='word_1_139' title='bbox 878 1349 1007 1431; x_wconf 35' lang='lat' dir='ltr'>&#39;exigua</span> <span class='ocrx_word' id='word_1_140' title='bbox 1071 1340 1138 1413; x_wconf 81' lang='lat' dir='ltr'>ojus</span> <span class='ocrx_word' id='word_1_141' title='bbox 1153 1346 1284 1409; x_wconf 89' lang='lat' dir='ltr'>scissura</span> <span class='ocrx_word' id='word_1_142' title='bbox 1300 1354 1383 1423; x_wconf 82' lang='lat' dir='ltr'>toret,</span> <span class='ocrx_word' id='word_1_143' title='bbox 1400 1354 1462 1412; x_wconf 86' lang='lat' dir='ltr'>illio</span> <span class='ocrx_word' id='word_1_144' title='bbox 1478 1374 1532 1429; x_wconf 90' lang='lat' dir='ltr'>per</span> <span class='ocrx_word' id='word_1_145' title='bbox 1546 1376 1661 1419; x_wconf 90' lang='lat' dir='ltr'>moram</span> <span class='ocrx_word' id='word_1_146' title='bbox 1681 1368 1906 1445; x_wconf 64' lang='lat' dir='ltr'>adjunoflonum</span> 
     </span>
     <span class='ocr_line' id='line_1_14' title="bbox 147 1416 1903 1531; baseline 0.022 -43"><span class='ocrx_word' id='word_1_147' title='bbox 147 1430 242 1506; x_wconf 83' lang='lat' dir='ltr'>portio</span> <span class='ocrx_word' id='word_1_148' title='bbox 256 1429 372 1487; x_wconf 86' lang='lat' dir='ltr'>viribus</span> <span class='ocrx_word' id='word_1_149' title='bbox 387 1427 530 1502; x_wconf 90' lang='lat' dir='ltr'>corporis,</span> <span class='ocrx_word' id='word_1_150' title='bbox 546 1423 748 1495; x_wconf 83' lang='lat' dir='ltr'>alimoniaque</span> <span class='ocrx_word' id='word_1_151' title='bbox 764 1416 900 1494; x_wconf 80' lang='lat' dir='ltr'>proficit</span> <span class='ocrx_word' id='word_1_152' title='bbox 916 1440 924 1492; x_wconf 91' lang='lat'>;</span> <span class='ocrx_word' id='word_1_153' title='bbox 953 1442 1001 1483; x_wconf 90' lang='lat' dir='ltr'>re-</span> <span class='ocrx_word' id='word_1_154' title='bbox 1064 1430 1211 1493; x_wconf 83' lang='lat' dir='ltr'>ndbaerere</span> <span class='ocrx_word' id='word_1_155' title='bbox 1238 1440 1370 1497; x_wconf 89' lang='lat' dir='ltr'>ciborum</span> <span class='ocrx_word' id='word_1_156' title='bbox 1383 1442 1536 1515; x_wconf 83' lang='lat' dir='ltr'>reliquias.</span> <span class='ocrx_word' id='word_1_157' title='bbox 1564 1450 1633 1515; x_wconf 71' lang='lat' dir='ltr'>Oua</span> <span class='ocrx_word' id='word_1_158' title='bbox 1657 1454 1683 1511; x_wconf 87' lang='lat' dir='ltr'>ei</span> <span class='ocrx_word' id='word_1_159' title='bbox 1699 1460 1903 1531; x_wconf 69' lang='lat' dir='ltr'>adjunctiones</span> 
     </span>
    </p>
   </div>
   <div class='ocr_carea' id='block_1_7' title="bbox 147 1509 1898 1680">
    <p class='ocr_par' dir='ltr' id='par_1_7' title="bbox 147 1509 1898 1680">
     <span class='ocr_line' id='line_1_15' title="bbox 147 1509 1898 1631; baseline 0.026 -61"><span class='ocrx_word' id='word_1_160' title='bbox 147 1520 228 1594; x_wconf 75' lang='lat' dir='ltr'>liqna</span> <span class='ocrx_word' id='word_1_161' title='bbox 245 1535 317 1575; x_wconf 83' lang='lat' dir='ltr'>vero</span> <span class='ocrx_word' id='word_1_162' title='bbox 336 1534 407 1591; x_wconf 88' lang='lat' dir='ltr'>pars</span> <span class='ocrx_word' id='word_1_163' title='bbox 425 1515 490 1573; x_wconf 84' lang='lat' dir='ltr'>aieo</span> <span class='ocrx_word' id='word_1_164' title='bbox 510 1512 665 1590; x_wconf 88' lang='lat' dir='ltr'>purganda</span> <span class='ocrx_word' id='word_1_165' title='bbox 696 1509 890 1615; x_wconf 74' lang='lat' dir='ltr'>deducitur3</span> <span class='ocrx_word' id='word_1_166' title='bbox 925 1516 999 1587; x_wconf 91' lang='lat' dir='ltr'>quia</span> <span class='ocrx_word' id='word_1_167' title='bbox 1057 1518 1219 1595; x_wconf 86' lang='lat' dir='ltr'>solvantur,</span> <span class='ocrx_word' id='word_1_168' title='bbox 1232 1529 1358 1585; x_wconf 89' lang='lat' dir='ltr'>transire</span> <span class='ocrx_word' id='word_1_169' title='bbox 1373 1545 1505 1590; x_wconf 87' lang='lat' dir='ltr'>semesos</span> <span class='ocrx_word' id='word_1_170' title='bbox 1524 1534 1618 1607; x_wconf 88' lang='lat' dir='ltr'>cibos,</span> <span class='ocrx_word' id='word_1_171' title='bbox 1628 1544 1658 1596; x_wconf 92' lang='lat' dir='ltr'>et</span> <span class='ocrx_word' id='word_1_172' title='bbox 1680 1550 1898 1631; x_wconf 82' lang='lat' dir='ltr'>potusdeduos,</span> 
     </span>
     <span class='ocr_line' id='line_1_16' title="bbox 147 1603 1491 1680; baseline 0.007 -13"><span class='ocrx_word' id='word_1_173' title='bbox 147 1608 368 1667; x_wconf 86' lang='lat' dir='ltr'>intestinssunt</span> <span class='ocrx_word' id='word_1_174' title='bbox 381 1623 434 1680; x_wconf 90' lang='lat' dir='ltr'>per</span> <span class='ocrx_word' id='word_1_175' title='bbox 446 1622 512 1678; x_wconf 79' lang='lat' dir='ltr'>que</span> <span class='ocrx_word' id='word_1_176' title='bbox 527 1603 710 1663; x_wconf 87' lang='lat' dir='ltr'>descendunt</span> <span class='ocrx_word' id='word_1_177' title='bbox 723 1603 866 1659; x_wconf 80' lang='lat' dir='ltr'>orborum</span> <span class='ocrx_word' id='word_1_178' title='bbox 884 1620 995 1679; x_wconf 89' lang='lat' dir='ltr'>super·</span> <span class='ocrx_word' id='word_1_179' title='bbox 1052 1606 1109 1667; x_wconf 91' lang='lat' dir='ltr'>boc</span> <span class='ocrx_word' id='word_1_180' title='bbox 1124 1616 1170 1669; x_wconf 87' lang='lat' dir='ltr'>est</span> <span class='ocrx_word' id='word_1_181' title='bbox 1186 1614 1317 1673; x_wconf 90' lang='lat' dir='ltr'>hominis</span> <span class='ocrx_word' id='word_1_182' title='bbox 1333 1616 1491 1676; x_wconf 88' lang='lat' dir='ltr'>diluvium.</span> 
     </span>
    </p>
   </div>
   <div class='ocr_carea' id='block_1_8' title="bbox 125 1699 1892 3829">
    <p class='ocr_par' dir='ltr' id='par_1_8' title="bbox 125 1699 1892 3829">
     <span class='ocr_line' id='line_1_17' title="bbox 146 1699 1892 1800; baseline 0.026 -65"><span class='ocrx_word' id='word_1_183' title='bbox 146 1699 214 1757; x_wconf 63' lang='lat' dir='ltr'>qua,</span> <span class='ocrx_word' id='word_1_184' title='bbox 1089 1700 1134 1757; x_wconf 90' lang='grc'>30.</span> <span class='ocrx_word' id='word_1_185' title='bbox 1153 1702 1234 1761; x_wconf 91' lang='lat' dir='ltr'>Unde</span> <span class='ocrx_word' id='word_1_186' title='bbox 1250 1702 1325 1759; x_wconf 90' lang='lat' dir='ltr'>mibi</span> <span class='ocrx_word' id='word_1_187' title='bbox 1341 1703 1460 1763; x_wconf 91' lang='lat' dir='ltr'>videtur</span> <span class='ocrx_word' id='word_1_188' title='bbox 1470 1726 1524 1783; x_wconf 91' lang='lat' dir='ltr'>per</span> <span class='ocrx_word' id='word_1_189' title='bbox 1538 1728 1615 1771; x_wconf 77' lang='lat' dir='ltr'>arce</span> <span class='ocrx_word' id='word_1_190' title='bbox 1644 1716 1736 1791; x_wconf 87' lang='lat' dir='ltr'>hujus</span> <span class='ocrx_word' id='word_1_191' title='bbox 1765 1726 1892 1800; x_wconf 64' lang='lat' dir='ltr'>figurem</span> 
     </span>
     <span class='ocr_line' id='line_1_18' title="bbox 179 1778 1892 1879; baseline 0.019 -37"><span class='ocrx_word' id='word_1_192' title='bbox 179 1789 225 1844; x_wconf 79' lang='lat'>28.</span> <span class='ocrx_word' id='word_1_193' title='bbox 244 1786 289 1843; x_wconf 84' lang='lat' dir='ltr'>Ita</span> <span class='ocrx_word' id='word_1_194' title='bbox 302 1786 443 1857; x_wconf 81' lang='lat' dir='ltr'>operator</span> <span class='ocrx_word' id='word_1_195' title='bbox 457 1786 558 1839; x_wconf 85' lang='lat' dir='ltr'>noster</span> <span class='ocrx_word' id='word_1_196' title='bbox 574 1778 716 1844; x_wconf 88' lang='lat' dir='ltr'>instituit,</span> <span class='ocrx_word' id='word_1_197' title='bbox 735 1783 841 1837; x_wconf 90' lang='lat' dir='ltr'>utnon</span> <span class='ocrx_word' id='word_1_198' title='bbox 873 1786 994 1843; x_wconf 85' lang='lat' dir='ltr'>extenta</span> <span class='ocrx_word' id='word_1_199' title='bbox 1051 1787 1181 1847; x_wconf 84' lang='lat' dir='ltr'>votuisse</span> <span class='ocrx_word' id='word_1_200' title='bbox 1194 1792 1289 1849; x_wconf 87' lang='lat' dir='ltr'>Deum</span> <span class='ocrx_word' id='word_1_201' title='bbox 1301 1808 1355 1849; x_wconf 89' lang='lat' dir='ltr'>nos</span> <span class='ocrx_word' id='word_1_202' title='bbox 1366 1794 1497 1869; x_wconf 89' lang='lat' dir='ltr'>edocere,</span> <span class='ocrx_word' id='word_1_203' title='bbox 1510 1804 1768 1873; x_wconf 88' lang='lat' dir='ltr'>quomadmodum</span> <span class='ocrx_word' id='word_1_204' title='bbox 1783 1816 1821 1871; x_wconf 89' lang='lat' dir='ltr'>ad</span> <span class='ocrx_word' id='word_1_205' title='bbox 1837 1817 1892 1879; x_wconf 85' lang='lat' dir='ltr'>boe</span> 
     </span>
     <span class='ocr_line' id='line_1_19' title="bbox 145 1867 1891 1965; baseline 0.018 -32"><span class='ocrx_word' id='word_1_206' title='bbox 145 1894 164 1933; x_wconf 87' lang='lat' dir='ltr'>a</span> <span class='ocrx_word' id='word_1_207' title='bbox 175 1873 332 1933; x_wconf 75' lang='lat' dir='ltr'>stomacho</span> <span class='ocrx_word' id='word_1_208' title='bbox 347 1872 385 1928; x_wconf 88' lang='lat' dir='ltr'>ad</span> <span class='ocrx_word' id='word_1_209' title='bbox 403 1872 509 1940; x_wconf 88' lang='lat' dir='ltr'>imum,</span> <span class='ocrx_word' id='word_1_210' title='bbox 522 1869 574 1927; x_wconf 88' lang='lat' dir='ltr'>sed</span> <span class='ocrx_word' id='word_1_211' title='bbox 590 1868 708 1926; x_wconf 87' lang='lat' dir='ltr'>sinuata</span> <span class='ocrx_word' id='word_1_212' title='bbox 722 1867 782 1924; x_wconf 90' lang='lat' dir='ltr'>sint</span> <span class='ocrx_word' id='word_1_213' title='bbox 805 1885 841 1925; x_wconf 90' lang='lat' dir='ltr'>ac</span> <span class='ocrx_word' id='word_1_214' title='bbox 854 1870 965 1929; x_wconf 83' lang='lat' dir='ltr'>reflexa</span> <span class='ocrx_word' id='word_1_215' title='bbox 981 1889 990 1929; x_wconf 88' lang='lat'>:</span> <span class='ocrx_word' id='word_1_216' title='bbox 1048 1878 1171 1948; x_wconf 91' lang='lat' dir='ltr'>speciali</span> <span class='ocrx_word' id='word_1_217' title='bbox 1188 1879 1247 1953; x_wconf 79' lang='lat'>(19)</span> <span class='ocrx_word' id='word_1_218' title='bbox 1263 1879 1420 1941; x_wconf 90' lang='lat' dir='ltr'>tutisimus</span> <span class='ocrx_word' id='word_1_219' title='bbox 1436 1885 1557 1945; x_wconf 82' lang='lat' dir='ltr'>diluvio.</span> <span class='ocrx_word' id='word_1_220' title='bbox 1575 1890 1732 1953; x_wconf 86' lang='lat' dir='ltr'>Corrutela</span> <span class='ocrx_word' id='word_1_221' title='bbox 1753 1902 1833 1961; x_wconf 88' lang='lat' dir='ltr'>euim</span> <span class='ocrx_word' id='word_1_222' title='bbox 1849 1908 1891 1965; x_wconf 58' lang='lat' dir='ltr'>dir</span> 
     </span>
     <span class='ocr_line' id='line_1_20' title="bbox 145 1956 1889 2060; baseline 0.017 -42"><span class='ocrx_word' id='word_1_223' title='bbox 145 1964 285 2040; x_wconf 75' lang='lat' dir='ltr'>quovita</span> <span class='ocrx_word' id='word_1_224' title='bbox 299 1966 495 2019; x_wconf 80' lang='lat' dir='ltr'>nosuausus</span> <span class='ocrx_word' id='word_1_225' title='bbox 509 1960 732 2032; x_wconf 72' lang='lat' dir='ltr'>propagaretur.</span> <span class='ocrx_word' id='word_1_226' title='bbox 747 1956 822 2013; x_wconf 89' lang='lat' dir='ltr'>Nam</span> <span class='ocrx_word' id='word_1_227' title='bbox 837 1957 864 2013; x_wconf 88' lang='lat' dir='ltr'>si</span> <span class='ocrx_word' id='word_1_228' title='bbox 886 1964 989 2017; x_wconf 71' lang='lat' dir='ltr'>exmu-</span> <span class='ocrx_word' id='word_1_229' title='bbox 1045 1962 1117 2021; x_wconf 90' lang='lat' dir='ltr'>iuvii</span> <span class='ocrx_word' id='word_1_230' title='bbox 1156 1982 1248 2023; x_wconf 85' lang='lat' dir='ltr'>cansa</span> <span class='ocrx_word' id='word_1_231' title='bbox 1275 1970 1341 2025; x_wconf 84' lang='lat' dir='ltr'>cst:</span> <span class='ocrx_word' id='word_1_232' title='bbox 1372 1987 1406 2028; x_wconf 92' lang='lat' dir='ltr'>ea</span> <span class='ocrx_word' id='word_1_233' title='bbox 1434 1976 1484 2031; x_wconf 93' lang='lat' dir='ltr'>ubi</span> <span class='ocrx_word' id='word_1_234' title='bbox 1514 1978 1681 2054; x_wconf 79' lang='lat' dir='ltr'>irrepserit,</span> <span class='ocrx_word' id='word_1_235' title='bbox 1714 1989 1889 2060; x_wconf 81' lang='lat' dir='ltr'>aperiuntur</span> 
     </span>
     <span class='ocr_line' id='line_1_21' title="bbox 144 2044 1888 2149; baseline 0.019 -44"><span class='ocrx_word' id='word_1_236' title='bbox 144 2056 286 2125; x_wconf 79' lang='lat' dir='ltr'>derantur</span> <span class='ocrx_word' id='word_1_237' title='bbox 300 2048 444 2107; x_wconf 89' lang='lat' dir='ltr'>intestina</span> <span class='ocrx_word' id='word_1_238' title='bbox 458 2046 589 2104; x_wconf 91' lang='lat' dir='ltr'>bominis</span> <span class='ocrx_word' id='word_1_239' title='bbox 605 2062 669 2118; x_wconf 83' lang='lat' dir='ltr'>que</span> <span class='ocrx_word' id='word_1_240' title='bbox 684 2044 853 2117; x_wconf 86' lang='lat' dir='ltr'>suscipiunt</span> <span class='ocrx_word' id='word_1_241' title='bbox 876 2050 906 2103; x_wconf 91' lang='lat' dir='ltr'>et</span> <span class='ocrx_word' id='word_1_242' title='bbox 935 2049 986 2107; x_wconf 91' lang='lat' dir='ltr'>de·</span> <span class='ocrx_word' id='word_1_243' title='bbox 1043 2068 1139 2127; x_wconf 78' lang='lat' dir='ltr'>aqua,</span> <span class='ocrx_word' id='word_1_244' title='bbox 1155 2052 1307 2111; x_wconf 88' lang='lat' dir='ltr'>ebulliunt</span> <span class='ocrx_word' id='word_1_245' title='bbox 1322 2072 1424 2118; x_wconf 90' lang='lat' dir='ltr'>omnes</span> <span class='ocrx_word' id='word_1_246' title='bbox 1439 2064 1535 2124; x_wconf 84' lang='lat' dir='ltr'>tontes</span> <span class='ocrx_word' id='word_1_247' title='bbox 1550 2070 1753 2142; x_wconf 76' lang='lat' dir='ltr'>cupiditatum</span> <span class='ocrx_word' id='word_1_248' title='bbox 1768 2095 1775 2149; x_wconf 72' lang='grc' dir='ltr'><strong><em>ς</em></strong></span> <span class='ocrx_word' id='word_1_249' title='bbox 1793 2084 1826 2137; x_wconf 91' lang='lat' dir='ltr'>ut</span> <span class='ocrx_word' id='word_1_250' title='bbox 1842 2090 1888 2143; x_wconf 88' lang='lat' dir='ltr'>to·</span> 
     </span>
     <span class='ocr_line' id='line_1_22' title="bbox 144 2132 1883 2234; baseline 0.017 -34"><span class='ocrx_word' id='word_1_251' title='bbox 144 2144 260 2201; x_wconf 91' lang='lat' dir='ltr'>ducunt</span> <span class='ocrx_word' id='word_1_252' title='bbox 273 2140 388 2207; x_wconf 91' lang='lat' dir='ltr'>cibum,</span> <span class='ocrx_word' id='word_1_253' title='bbox 404 2135 504 2193; x_wconf 73' lang='lat' dir='ltr'>etcum</span> <span class='ocrx_word' id='word_1_254' title='bbox 520 2134 586 2192; x_wconf 90' lang='lat' dir='ltr'>sine</span> <span class='ocrx_word' id='word_1_255' title='bbox 597 2132 659 2190; x_wconf 88' lang='lat' dir='ltr'>ulla</span> <span class='ocrx_word' id='word_1_256' title='bbox 674 2133 868 2207; x_wconf 85' lang='lat' dir='ltr'>pertransiret</span> <span class='ocrx_word' id='word_1_257' title='bbox 881 2150 983 2205; x_wconf 89' lang='lat' dir='ltr'>mors;</span> <span class='ocrx_word' id='word_1_258' title='bbox 1040 2144 1106 2199; x_wconf 92' lang='lat' dir='ltr'>tum</span> <span class='ocrx_word' id='word_1_259' title='bbox 1120 2156 1233 2214; x_wconf 91' lang='lat' dir='ltr'>corpus</span> <span class='ocrx_word' id='word_1_260' title='bbox 1249 2144 1330 2203; x_wconf 89' lang='lat' dir='ltr'>tanto</span> <span class='ocrx_word' id='word_1_261' title='bbox 1344 2151 1447 2208; x_wconf 86' lang='lat' dir='ltr'>ettam</span> <span class='ocrx_word' id='word_1_262' title='bbox 1464 2156 1611 2225; x_wconf 82' lang='lat' dir='ltr'>profundo</span> <span class='ocrx_word' id='word_1_263' title='bbox 1628 2160 1770 2223; x_wconf 86' lang='lat' dir='ltr'>vitiorum</span> <span class='ocrx_word' id='word_1_264' title='bbox 1795 2169 1883 2234; x_wconf 75' lang='lat' dir='ltr'>fluvio</span> 
     </span>
     <span class='ocr_line' id='line_1_23' title="bbox 144 2222 1882 2320; baseline 0.012 -32"><span class='ocrx_word' id='word_1_265' title='bbox 144 2223 646 2297; x_wconf 84' lang='lat' dir='ltr'>etuocasseessetjugiteresurire</span> <span class='ocrx_word' id='word_1_266' title='bbox 674 2240 739 2291; x_wconf 90' lang='lat' dir='ltr'>nos,</span> <span class='ocrx_word' id='word_1_267' title='bbox 769 2222 878 2295; x_wconf 85' lang='lat' dir='ltr'>jugiter</span> <span class='ocrx_word' id='word_1_268' title='bbox 907 2239 982 2296; x_wconf 90' lang='lat' dir='ltr'>epu·</span> <span class='ocrx_word' id='word_1_269' title='bbox 1039 2235 1209 2305; x_wconf 74' lang='lat' dir='ltr'>mergatur.</span> <span class='ocrx_word' id='word_1_270' title='bbox 1224 2228 1299 2288; x_wconf 88' lang='lat' dir='ltr'>Nihil</span> <span class='ocrx_word' id='word_1_271' title='bbox 1316 2240 1361 2293; x_wconf 90' lang='lat' dir='ltr'>est</span> <span class='ocrx_word' id='word_1_272' title='bbox 1375 2240 1453 2297; x_wconf 89' lang='lat' dir='ltr'>enim</span> <span class='ocrx_word' id='word_1_273' title='bbox 1469 2246 1547 2317; x_wconf 93' lang='lat' dir='ltr'>quod</span> <span class='ocrx_word' id='word_1_274' title='bbox 1563 2250 1625 2305; x_wconf 87' lang='lat' dir='ltr'>tam</span> <span class='ocrx_word' id='word_1_275' title='bbox 1649 2252 1766 2311; x_wconf 75' lang='lat' dir='ltr'>miseros</span> <span class='ocrx_word' id='word_1_276' title='bbox 1792 2262 1882 2320; x_wconf 83' lang='lat' dir='ltr'>servi.</span> 
     </span>
     <span class='ocr_line' id='line_1_24' title="bbox 145 2310 1880 2420; baseline 0.017 -43"><span class='ocrx_word' id='word_1_277' title='bbox 145 2320 212 2393; x_wconf 85' lang='lat' dir='ltr'>lari,</span> <span class='ocrx_word' id='word_1_278' title='bbox 228 2322 281 2376; x_wconf 89' lang='lat' dir='ltr'>aut</span> <span class='ocrx_word' id='word_1_279' title='bbox 294 2315 451 2374; x_wconf 83' lang='lat' dir='ltr'>deficiente</span> <span class='ocrx_word' id='word_1_280' title='bbox 458 2312 665 2370; x_wconf 85' lang='lat' dir='ltr'>alimentorum</span> <span class='ocrx_word' id='word_1_281' title='bbox 676 2310 843 2367; x_wconf 87' lang='lat' dir='ltr'>substantia</span> <span class='ocrx_word' id='word_1_282' title='bbox 857 2311 981 2371; x_wconf 83' lang='lat' dir='ltr'>deiicere</span> <span class='ocrx_word' id='word_1_283' title='bbox 1036 2317 1094 2373; x_wconf 90' lang='lat' dir='ltr'>tuti</span> <span class='ocrx_word' id='word_1_284' title='bbox 1112 2316 1259 2391; x_wconf 82' lang='lat' dir='ltr'>subjiciat</span> <span class='ocrx_word' id='word_1_285' title='bbox 1273 2321 1432 2399; x_wconf 88' lang='lat' dir='ltr'>bominem,</span> <span class='ocrx_word' id='word_1_286' title='bbox 1449 2347 1538 2405; x_wconf 89' lang='lat' dir='ltr'>quem</span> <span class='ocrx_word' id='word_1_287' title='bbox 1554 2333 1659 2410; x_wconf 91' lang='lat' dir='ltr'>libido,</span> <span class='ocrx_word' id='word_1_288' title='bbox 1678 2345 1767 2416; x_wconf 89' lang='lat' dir='ltr'>atque</span> <span class='ocrx_word' id='word_1_289' title='bbox 1796 2348 1880 2420; x_wconf 87' lang='lat' dir='ltr'>ejus·</span> 
     </span>
     <span class='ocr_line' id='line_1_25' title="bbox 144 2399 1878 2511; baseline 0.02 -50"><span class='ocrx_word' id='word_1_290' title='bbox 144 2409 234 2467; x_wconf 87' lang='lat' dir='ltr'>ittieo.</span> <span class='ocrx_word' id='word_1_291' title='bbox 250 2408 336 2463; x_wconf 86' lang='lat' dir='ltr'>Nunc</span> <span class='ocrx_word' id='word_1_292' title='bbox 350 2407 451 2461; x_wconf 88' lang='lat' dir='ltr'>autem</span> <span class='ocrx_word' id='word_1_293' title='bbox 468 2402 497 2458; x_wconf 94' lang='lat' dir='ltr'>iu</span> <span class='ocrx_word' id='word_1_294' title='bbox 512 2400 563 2459; x_wconf 92' lang='lat' dir='ltr'>illa</span> <span class='ocrx_word' id='word_1_295' title='bbox 587 2399 794 2457; x_wconf 88' lang='lat' dir='ltr'>intestinorum</span> <span class='ocrx_word' id='word_1_296' title='bbox 824 2399 980 2457; x_wconf 81' lang='lat' dir='ltr'>reflexione</span> <span class='ocrx_word' id='word_1_297' title='bbox 1035 2407 1120 2462; x_wconf 90' lang='lat' dir='ltr'>modi</span> <span class='ocrx_word' id='word_1_298' title='bbox 1134 2405 1314 2479; x_wconf 89' lang='lat' dir='ltr'>cupiditates</span> <span class='ocrx_word' id='word_1_299' title='bbox 1333 2432 1395 2491; x_wconf 81' lang='lat' dir='ltr'>qua</span> <span class='ocrx_word' id='word_1_300' title='bbox 1411 2418 1484 2493; x_wconf 90' lang='lat' dir='ltr'>jugo</span> <span class='ocrx_word' id='word_1_301' title='bbox 1495 2425 1626 2494; x_wconf 91' lang='lat' dir='ltr'>quodam</span> <span class='ocrx_word' id='word_1_302' title='bbox 1637 2429 1797 2493; x_wconf 90' lang='lat' dir='ltr'>criminum</span> <span class='ocrx_word' id='word_1_303' title='bbox 1808 2454 1878 2511; x_wconf 86' lang='lat' dir='ltr'>gra·</span> 
     </span>
     <span class='ocr_line' id='line_1_26' title="bbox 145 2488 1875 2589; baseline 0.017 -34"><span class='ocrx_word' id='word_1_304' title='bbox 145 2488 871 2564; x_wconf 75' lang='lat' dir='ltr'>acsiuumionebipartitasctripsrtitaadheret</span> <span class='ocrx_word' id='word_1_305' title='bbox 893 2488 978 2548; x_wconf 88' lang='lat' dir='ltr'>cibus</span> <span class='ocrx_word' id='word_1_306' title='bbox 1032 2493 1059 2547; x_wconf 86' lang='lat' dir='ltr'>vi</span> <span class='ocrx_word' id='word_1_307' title='bbox 1102 2494 1280 2569; x_wconf 91' lang='lat' dir='ltr'>deprimunt</span> <span class='ocrx_word' id='word_1_308' title='bbox 1309 2502 1446 2563; x_wconf 88' lang='lat' dir='ltr'>miseram</span> <span class='ocrx_word' id='word_1_309' title='bbox 1474 2512 1699 2589; x_wconf 74' lang='lat' dir='ltr'>commertium,</span> <span class='ocrx_word' id='word_1_310' title='bbox 1721 2527 1757 2580; x_wconf 93' lang='lat' dir='ltr'>ut</span> <span class='ocrx_word' id='word_1_311' title='bbox 1774 2541 1805 2583; x_wconf 90' lang='lat' dir='ltr'>se</span> <span class='ocrx_word' id='word_1_312' title='bbox 1825 2505 1875 2585; x_wconf 59' lang='grc' dir='ltr'>υό-</span> 
     </span>
     <span class='ocr_line' id='line_1_27' title="bbox 144 2576 1870 2673; baseline 0.016 -28"><span class='ocrx_word' id='word_1_313' title='bbox 144 2592 175 2645; x_wconf 86' lang='lat' dir='ltr'>et</span> <span class='ocrx_word' id='word_1_314' title='bbox 192 2583 402 2643; x_wconf 89' lang='lat' dir='ltr'>descendendo</span> <span class='ocrx_word' id='word_1_315' title='bbox 428 2580 504 2637; x_wconf 65' lang='grc' dir='ltr'><em>Μ</em></span> <span class='ocrx_word' id='word_1_316' title='bbox 533 2576 676 2651; x_wconf 89' lang='lat' dir='ltr'>paulatim</span> <span class='ocrx_word' id='word_1_317' title='bbox 710 2576 787 2633; x_wconf 83' lang='lat' dir='ltr'>vires</span> <span class='ocrx_word' id='word_1_318' title='bbox 817 2576 976 2645; x_wconf 88' lang='lat' dir='ltr'>ministrat,</span> <span class='ocrx_word' id='word_1_319' title='bbox 1031 2589 1125 2653; x_wconf 90' lang='lat' dir='ltr'>quest</span> <span class='ocrx_word' id='word_1_320' title='bbox 1139 2584 1288 2661; x_wconf 86' lang='lat' dir='ltr'>attollere,</span> <span class='ocrx_word' id='word_1_321' title='bbox 1305 2597 1404 2667; x_wconf 87' lang='lat' dir='ltr'>utpote</span> <span class='ocrx_word' id='word_1_322' title='bbox 1417 2613 1480 2669; x_wconf 85' lang='lat' dir='ltr'>que</span> <span class='ocrx_word' id='word_1_323' title='bbox 1495 2596 1665 2663; x_wconf 88' lang='lat' dir='ltr'>libertatem</span> <span class='ocrx_word' id='word_1_324' title='bbox 1695 2608 1870 2673; x_wconf 81' lang='lat' dir='ltr'>innocentie</span> 
     </span>
     <span class='ocr_line' id='line_1_28' title="bbox 125 2664 1870 2762; baseline 0.025 -43"><span class='ocrx_word' id='word_1_325' title='bbox 125 2692 269 2733; x_wconf 64' lang='lat' dir='ltr'>‚specum</span> <span class='ocrx_word' id='word_1_326' title='bbox 283 2670 418 2729; x_wconf 79' lang='lat' dir='ltr'>infundit</span> <span class='ocrx_word' id='word_1_327' title='bbox 429 2667 553 2742; x_wconf 86' lang='lat' dir='ltr'>corpori,</span> <span class='ocrx_word' id='word_1_328' title='bbox 570 2669 651 2723; x_wconf 84' lang='lat' dir='ltr'>tenet</span> <span class='ocrx_word' id='word_1_329' title='bbox 678 2664 856 2731; x_wconf 86' lang='lat' dir='ltr'>satietatem,</span> <span class='ocrx_word' id='word_1_330' title='bbox 881 2664 978 2725; x_wconf 83' lang='lat' dir='ltr'>ditiert</span> <span class='ocrx_word' id='word_1_331' title='bbox 1030 2672 1186 2731; x_wconf 89' lang='lat' dir='ltr'>amiserit.</span> <span class='ocrx_word' id='word_1_332' title='bbox 1202 2674 1360 2738; x_wconf 83' lang='lat' dir='ltr'>Maximum</span> <span class='ocrx_word' id='word_1_333' title='bbox 1375 2700 1443 2759; x_wconf 85' lang='lat' dir='ltr'>ergo</span> <span class='ocrx_word' id='word_1_334' title='bbox 1458 2686 1487 2742; x_wconf 94' lang='lat' dir='ltr'>in</span> <span class='ocrx_word' id='word_1_335' title='bbox 1503 2686 1558 2745; x_wconf 91' lang='lat' dir='ltr'>boc</span> <span class='ocrx_word' id='word_1_336' title='bbox 1579 2691 1691 2753; x_wconf 90' lang='lat' dir='ltr'>diluvio</span> <span class='ocrx_word' id='word_1_337' title='bbox 1707 2705 1755 2758; x_wconf 89' lang='lat' dir='ltr'>est</span> <span class='ocrx_word' id='word_1_338' title='bbox 1779 2720 1870 2762; x_wconf 90' lang='lat' dir='ltr'>reme-</span> 
     </span>
     <span class='ocr_line' id='line_1_29' title="bbox 143 2752 1869 2857; baseline 0.012 -36"><span class='ocrx_word' id='word_1_339' title='bbox 143 2757 564 2836; x_wconf 84' lang='lat' dir='ltr'>edcudiappeteutiam;uec</span> <span class='ocrx_word' id='word_1_340' title='bbox 592 2753 690 2811; x_wconf 85' lang='lat' dir='ltr'>subita</span> <span class='ocrx_word' id='word_1_341' title='bbox 717 2752 832 2820; x_wconf 87' lang='lat' dir='ltr'>eiinsio,</span> <span class='ocrx_word' id='word_1_342' title='bbox 862 2768 915 2809; x_wconf 88' lang='lat' dir='ltr'>uec</span> <span class='ocrx_word' id='word_1_343' title='bbox 934 2770 977 2811; x_wconf 87' lang='lat' dir='ltr'>re·</span> <span class='ocrx_word' id='word_1_344' title='bbox 1030 2758 1130 2833; x_wconf 88' lang='lat' dir='ltr'>diurn,</span> <span class='ocrx_word' id='word_1_345' title='bbox 1147 2767 1311 2838; x_wconf 84' lang='lat' dir='ltr'>utjustum</span> <span class='ocrx_word' id='word_1_346' title='bbox 1327 2773 1563 2848; x_wconf 69' lang='lat' dir='ltr'>mproleres,</span> <span class='ocrx_word' id='word_1_347' title='bbox 1580 2796 1711 2857; x_wconf 83' lang='lat' dir='ltr'>eumque</span> <span class='ocrx_word' id='word_1_348' title='bbox 1736 2794 1869 2853; x_wconf 62' lang='lat' dir='ltr'>mandem·</span> 
     </span>
     <span class='ocr_line' id='line_1_30' title="bbox 142 2840 1865 2947; baseline 0.019 -37"><span class='ocrx_word' id='word_1_349' title='bbox 142 2853 268 2930; x_wconf 79' lang='lat' dir='ltr'>pentina</span> <span class='ocrx_word' id='word_1_350' title='bbox 281 2847 435 2907; x_wconf 85' lang='lat' dir='ltr'>evacuatio</span> <span class='ocrx_word' id='word_1_351' title='bbox 450 2850 505 2913; x_wconf 90' lang='lat' dir='ltr'>est,</span> <span class='ocrx_word' id='word_1_352' title='bbox 521 2860 576 2901; x_wconf 90' lang='lat' dir='ltr'>nec</span> <span class='ocrx_word' id='word_1_353' title='bbox 599 2840 784 2914; x_wconf 80' lang='lat' dir='ltr'>inexplebilis</span> <span class='ocrx_word' id='word_1_354' title='bbox 810 2841 979 2913; x_wconf 84' lang='lat' dir='ltr'>appetentia</span> <span class='ocrx_word' id='word_1_355' title='bbox 1031 2849 1165 2910; x_wconf 83' lang='lat' dir='ltr'>eoelestis</span> <span class='ocrx_word' id='word_1_356' title='bbox 1180 2863 1377 2919; x_wconf 82' lang='lat' dir='ltr'>exsecutorem</span> <span class='ocrx_word' id='word_1_357' title='bbox 1392 2862 1493 2939; x_wconf 87' lang='lat' dir='ltr'>eligas.</span> <span class='ocrx_word' id='word_1_358' title='bbox 1511 2866 1636 2933; x_wconf 83' lang='lat' dir='ltr'>Quisest</span> <span class='ocrx_word' id='word_1_359' title='bbox 1646 2875 1753 2947; x_wconf 88' lang='lat' dir='ltr'>justus</span> <span class='ocrx_word' id='word_1_360' title='bbox 1767 2882 1798 2938; x_wconf 92' lang='lat' dir='ltr'>in</span> <span class='ocrx_word' id='word_1_361' title='bbox 1814 2873 1865 2943; x_wconf 66' lang='lat' dir='ltr'>noss</span> 
     </span>
     <span class='ocr_line' id='line_1_31' title="bbox 144 2930 1869 3031; baseline 0.019 -33"><span class='ocrx_word' id='word_1_362' title='bbox 144 2949 200 3013; x_wconf 86' lang='lat' dir='ltr'>est,</span> <span class='ocrx_word' id='word_1_363' title='bbox 216 2957 271 2999; x_wconf 88' lang='lat' dir='ltr'>uec</span> <span class='ocrx_word' id='word_1_364' title='bbox 283 2934 463 2996; x_wconf 89' lang='lat' dir='ltr'>insatiabilis</span> <span class='ocrx_word' id='word_1_365' title='bbox 477 2932 617 3007; x_wconf 84' lang='lat' dir='ltr'>epulandi</span> <span class='ocrx_word' id='word_1_366' title='bbox 632 2930 733 2987; x_wconf 85' lang='lat' dir='ltr'>libido.</span> <span class='ocrx_word' id='word_1_367' title='bbox 750 2930 881 2985; x_wconf 85' lang='lat' dir='ltr'>Primum</span> <span class='ocrx_word' id='word_1_368' title='bbox 907 2946 977 3003; x_wconf 84' lang='lat' dir='ltr'>ergo</span> <span class='ocrx_word' id='word_1_369' title='bbox 1029 2936 1089 3007; x_wconf 89' lang='lat' dir='ltr'>bis,</span> <span class='ocrx_word' id='word_1_370' title='bbox 1107 2942 1168 2999; x_wconf 88' lang='lat' dir='ltr'>nisi</span> <span class='ocrx_word' id='word_1_371' title='bbox 1186 2948 1292 3005; x_wconf 87' lang='lat' dir='ltr'>mentis</span> <span class='ocrx_word' id='word_1_372' title='bbox 1308 2950 1388 3025; x_wconf 88' lang='lat' dir='ltr'>vigor</span> <span class='ocrx_word' id='word_1_373' title='bbox 1402 2956 1453 3026; x_wconf 92' lang='lat' dir='ltr'>qui</span> <span class='ocrx_word' id='word_1_374' title='bbox 1466 2954 1545 3013; x_wconf 87' lang='lat' dir='ltr'>intre</span> <span class='ocrx_word' id='word_1_375' title='bbox 1559 2958 1647 3023; x_wconf 84' lang='lat' dir='ltr'>istam</span> <span class='ocrx_word' id='word_1_376' title='bbox 1660 2957 1762 3027; x_wconf 86' lang='lat' dir='ltr'>arcem</span> <span class='ocrx_word' id='word_1_377' title='bbox 1773 2971 1869 3031; x_wconf 91' lang='lat' dir='ltr'>inciu-</span> 
     </span>
     <span class='ocr_line' id='line_1_32' title="bbox 144 3018 1872 3133; baseline 0.02 -44"><span class='ocrx_word' id='word_1_378' title='bbox 144 3028 312 3103; x_wconf 69' lang='lat' dir='ltr'>indigentia</span> <span class='ocrx_word' id='word_1_379' title='bbox 323 3029 379 3094; x_wconf 90' lang='lat' dir='ltr'>est,</span> <span class='ocrx_word' id='word_1_380' title='bbox 394 3023 548 3081; x_wconf 86' lang='lat' dir='ltr'>etismes:</span> <span class='ocrx_word' id='word_1_381' title='bbox 568 3020 674 3078; x_wconf 87' lang='lat' dir='ltr'>deinde</span> <span class='ocrx_word' id='word_1_382' title='bbox 688 3036 722 3075; x_wconf 85' lang='lat' dir='ltr'>ex</span> <span class='ocrx_word' id='word_1_383' title='bbox 737 3018 785 3075; x_wconf 92' lang='lat' dir='ltr'>bis</span> <span class='ocrx_word' id='word_1_384' title='bbox 807 3022 978 3091; x_wconf 86' lang='lat' dir='ltr'>sequoretur</span> <span class='ocrx_word' id='word_1_385' title='bbox 1033 3025 1084 3083; x_wconf 89' lang='lat' dir='ltr'>dot</span> <span class='ocrx_word' id='word_1_386' title='bbox 1100 3046 1191 3089; x_wconf 90' lang='lat' dir='ltr'>omno</span> <span class='ocrx_word' id='word_1_387' title='bbox 1204 3036 1399 3097; x_wconf 87' lang='lat' dir='ltr'>animantium</span> <span class='ocrx_word' id='word_1_388' title='bbox 1414 3058 1517 3116; x_wconf 88' lang='lat' dir='ltr'>genus,</span> <span class='ocrx_word' id='word_1_389' title='bbox 1534 3050 1612 3118; x_wconf 90' lang='lat' dir='ltr'>quod</span> <span class='ocrx_word' id='word_1_390' title='bbox 1632 3058 1784 3133; x_wconf 85' lang='lat' dir='ltr'>estsuper</span> <span class='ocrx_word' id='word_1_391' title='bbox 1810 3067 1872 3123; x_wconf 90' lang='lat' dir='ltr'>ter-.</span> 
     </span>
     <span class='ocr_line' id='line_1_33' title="bbox 144 3096 1868 3225; baseline 0.02 -51"><span class='ocrx_word' id='word_1_392' title='bbox 144 3118 253 3180; x_wconf 88' lang='lat' dir='ltr'>edendi</span> <span class='ocrx_word' id='word_1_393' title='bbox 268 3115 334 3172; x_wconf 89' lang='lat' dir='ltr'>sino</span> <span class='ocrx_word' id='word_1_394' title='bbox 348 3110 570 3170; x_wconf 81' lang='lat' dir='ltr'>intermissione</span> <span class='ocrx_word' id='word_1_395' title='bbox 583 3106 773 3165; x_wconf 90' lang='lat' dir='ltr'>continuatio.</span> <span class='ocrx_word' id='word_1_396' title='bbox 790 3105 865 3173; x_wconf 84' lang='lat' dir='ltr'>Quid</span> <span class='ocrx_word' id='word_1_397' title='bbox 880 3111 978 3165; x_wconf 86' lang='lat' dir='ltr'>autem</span> <span class='ocrx_word' id='word_1_398' title='bbox 993 3096 1016 3166; x_wconf 75' lang='lat' dir='ltr'><strong>G</strong></span> <span class='ocrx_word' id='word_1_399' title='bbox 1034 3131 1099 3172; x_wconf 89' lang='lat' dir='ltr'>ram</span> <span class='ocrx_word' id='word_1_400' title='bbox 1114 3118 1129 3174; x_wconf 83' lang='lat' dir='ltr'>t</span> <span class='ocrx_word' id='word_1_401' title='bbox 1144 3120 1254 3179; x_wconf 87' lang='lat' dir='ltr'>Cohibe</span> <span class='ocrx_word' id='word_1_402' title='bbox 1269 3143 1337 3201; x_wconf 88' lang='lat' dir='ltr'>ergo</span> <span class='ocrx_word' id='word_1_403' title='bbox 1352 3133 1380 3186; x_wconf 88' lang='lat' dir='ltr'>et</span> <span class='ocrx_word' id='word_1_404' title='bbox 1394 3134 1426 3187; x_wconf 94' lang='lat' dir='ltr'>tu</span> <span class='ocrx_word' id='word_1_405' title='bbox 1443 3148 1547 3191; x_wconf 85' lang='lat' dir='ltr'>ornnes</span> <span class='ocrx_word' id='word_1_406' title='bbox 1561 3136 1778 3207; x_wconf 83' lang='lat' dir='ltr'>irrationabiles</span> <span class='ocrx_word' id='word_1_407' title='bbox 1800 3169 1868 3225; x_wconf 55' lang='lat' dir='ltr'>pase</span> 
     </span>
     <span class='ocr_line' id='line_1_34' title="bbox 145 3196 1866 3314; baseline 0.02 -49"><span class='ocrx_word' id='word_1_408' title='bbox 145 3205 312 3266; x_wconf 77' lang='lat' dir='ltr'>deformius</span> <span class='ocrx_word' id='word_1_409' title='bbox 328 3218 419 3277; x_wconf 87' lang='lat' dir='ltr'>quam</span> <span class='ocrx_word' id='word_1_410' title='bbox 436 3215 553 3272; x_wconf 88' lang='lat' dir='ltr'>semper</span> <span class='ocrx_word' id='word_1_411' title='bbox 567 3196 662 3255; x_wconf 83' lang='lat' dir='ltr'>ventri</span> <span class='ocrx_word' id='word_1_412' title='bbox 689 3197 816 3264; x_wconf 90' lang='lat' dir='ltr'>studere,</span> <span class='ocrx_word' id='word_1_413' title='bbox 833 3196 883 3268; x_wconf 92' lang='lat' dir='ltr'>qni</span> <span class='ocrx_word' id='word_1_414' title='bbox 911 3212 980 3253; x_wconf 90' lang='lat' dir='ltr'>cum</span> <span class='ocrx_word' id='word_1_415' title='bbox 1035 3204 1135 3263; x_wconf 82' lang='lat' dir='ltr'>aiones</span> <span class='ocrx_word' id='word_1_416' title='bbox 1150 3211 1228 3277; x_wconf 87' lang='lat' dir='ltr'>tuas,</span> <span class='ocrx_word' id='word_1_417' title='bbox 1244 3228 1405 3291; x_wconf 87' lang='lat' dir='ltr'>omnesque</span> <span class='ocrx_word' id='word_1_418' title='bbox 1420 3236 1525 3279; x_wconf 88' lang='lat' dir='ltr'>sensus</span> <span class='ocrx_word' id='word_1_419' title='bbox 1542 3227 1609 3285; x_wconf 92' lang='lat' dir='ltr'>tuos</span> <span class='ocrx_word' id='word_1_420' title='bbox 1622 3235 1714 3290; x_wconf 90' lang='lat' dir='ltr'>menti</span> <span class='ocrx_word' id='word_1_421' title='bbox 1742 3215 1866 3314; x_wconf 78' lang='lat' dir='ltr'>subjice,</span> 
     </span>
     <span class='ocr_line' id='line_1_35' title="bbox 145 3284 1869 3387; baseline 0.015 -37"><span class='ocrx_word' id='word_1_422' title='bbox 145 3296 292 3369; x_wconf 86' lang='lat' dir='ltr'>repletur,</span> <span class='ocrx_word' id='word_1_423' title='bbox 305 3289 477 3347; x_wconf 89' lang='lat' dir='ltr'>vacuandus</span> <span class='ocrx_word' id='word_1_424' title='bbox 492 3290 537 3344; x_wconf 89' lang='lat' dir='ltr'>est</span> <span class='ocrx_word' id='word_1_425' title='bbox 553 3305 560 3356; x_wconf 90' lang='grc'>;</span> <span class='ocrx_word' id='word_1_426' title='bbox 574 3303 642 3342; x_wconf 92' lang='lat' dir='ltr'>cum</span> <span class='ocrx_word' id='word_1_427' title='bbox 653 3284 983 3357; x_wconf 80' lang='lat' dir='ltr'>vacuatur,replenduet</span> <span class='ocrx_word' id='word_1_428' title='bbox 1035 3294 1188 3367; x_wconf 85' lang='lat' dir='ltr'>animique</span> <span class='ocrx_word' id='word_1_429' title='bbox 1203 3296 1335 3375; x_wconf 88' lang='lat' dir='ltr'>imperiis</span> <span class='ocrx_word' id='word_1_430' title='bbox 1351 3324 1498 3368; x_wconf 87' lang='lat' dir='ltr'>assuesce.</span> <span class='ocrx_word' id='word_1_431' title='bbox 1515 3314 1635 3377; x_wconf 84' lang='lat' dir='ltr'>Evolare</span> <span class='ocrx_word' id='word_1_432' title='bbox 1650 3320 1729 3383; x_wconf 82' lang='lat' dir='ltr'>toras</span> <span class='ocrx_word' id='word_1_433' title='bbox 1744 3344 1803 3386; x_wconf 93' lang='lat' dir='ltr'>uon</span> <span class='ocrx_word' id='word_1_434' title='bbox 1831 3330 1869 3387; x_wconf 83' lang='lat' dir='ltr'>si.</span> 
     </span>
     <span class='ocr_line' id='line_1_36' title="bbox 146 3372 1865 3481; baseline 0.022 -40"><span class='ocrx_word' id='word_1_435' title='bbox 146 3384 284 3441; x_wconf 81' lang='lat' dir='ltr'>&#39;tertium</span> <span class='ocrx_word' id='word_1_436' title='bbox 299 3378 372 3453; x_wconf 90' lang='lat' dir='ltr'>quid</span> <span class='ocrx_word' id='word_1_437' title='bbox 387 3381 518 3449; x_wconf 83' lang='lat' dir='ltr'>superat,</span> <span class='ocrx_word' id='word_1_438' title='bbox 536 3374 596 3432; x_wconf 90' lang='lat' dir='ltr'>nisi</span> <span class='ocrx_word' id='word_1_439' title='bbox 611 3390 692 3430; x_wconf 86' lang='lat' dir='ltr'>mors</span> <span class='ocrx_word' id='word_1_440' title='bbox 706 3373 782 3430; x_wconf 90' lang='lat' dir='ltr'>inter</span> <span class='ocrx_word' id='word_1_441' title='bbox 795 3372 876 3446; x_wconf 87' lang='lat' dir='ltr'>ipsos</span> <span class='ocrx_word' id='word_1_442' title='bbox 900 3373 982 3431; x_wconf 87' lang='lat' dir='ltr'>cibos</span> <span class='ocrx_word' id='word_1_443' title='bbox 1035 3398 1090 3439; x_wconf 87' lang='lat' dir='ltr'>nas</span> <span class='ocrx_word' id='word_1_444' title='bbox 1104 3383 1282 3455; x_wconf 89' lang='lat' dir='ltr'>cupiditates</span> <span class='ocrx_word' id='word_1_445' title='bbox 1299 3396 1378 3464; x_wconf 90' lang='lat' dir='ltr'>tuas,</span> <span class='ocrx_word' id='word_1_446' title='bbox 1398 3397 1476 3455; x_wconf 80' lang='lat' dir='ltr'>exire</span> <span class='ocrx_word' id='word_1_447' title='bbox 1491 3400 1521 3457; x_wconf 91' lang='lat' dir='ltr'>iu</span> <span class='ocrx_word' id='word_1_448' title='bbox 1550 3406 1657 3481; x_wconf 88' lang='lat' dir='ltr'>vulgus</span> <span class='ocrx_word' id='word_1_449' title='bbox 1685 3412 1841 3477; x_wconf 89' lang='lat' dir='ltr'>libidinem</span> <span class='ocrx_word' id='word_1_450' title='bbox 1857 3436 1865 3478; x_wconf 75' lang='grc' dir='ltr'><strong>ι</strong></span> 
     </span>
     <span class='ocr_line' id='line_1_37' title="bbox 146 3460 1866 3566; baseline 0.022 -36"><span class='ocrx_word' id='word_1_451' title='bbox 146 3470 315 3547; x_wconf 86' lang='lat' dir='ltr'>epulaeque</span> <span class='ocrx_word' id='word_1_452' title='bbox 329 3466 475 3541; x_wconf 81' lang='lat' dir='ltr'>permista</span> <span class='ocrx_word' id='word_1_453' title='bbox 491 3467 502 3521; x_wconf 81' lang='lat' dir='ltr'>i</span> <span class='ocrx_word' id='word_1_454' title='bbox 516 3464 669 3528; x_wconf 81' lang='lat' dir='ltr'>Quomodo</span> <span class='ocrx_word' id='word_1_455' title='bbox 680 3460 759 3518; x_wconf 70' lang='lat' dir='ltr'>onim</span> <span class='ocrx_word' id='word_1_456' title='bbox 770 3464 905 3535; x_wconf 74' lang='lat' dir='ltr'>poloooot</span> <span class='ocrx_word' id='word_1_457' title='bbox 920 3462 982 3517; x_wconf 80' lang='lat' dir='ltr'>dio·</span> <span class='ocrx_word' id='word_1_458' title='bbox 1035 3473 1064 3526; x_wconf 90' lang='lat' dir='ltr'>ot</span> <span class='ocrx_word' id='word_1_459' title='bbox 1077 3486 1130 3543; x_wconf 88' lang='lat' dir='ltr'>por</span> <span class='ocrx_word' id='word_1_460' title='bbox 1144 3472 1349 3537; x_wconf 86' lang='lat' dir='ltr'>rationabilem</span> <span class='ocrx_word' id='word_1_461' title='bbox 1363 3489 1491 3543; x_wconf 88' lang='lat' dir='ltr'>mentem</span> <span class='ocrx_word' id='word_1_462' title='bbox 1506 3494 1616 3562; x_wconf 89' lang='lat' dir='ltr'>poteris</span> <span class='ocrx_word' id='word_1_463' title='bbox 1636 3500 1725 3560; x_wconf 89' lang='lat' dir='ltr'>otiam</span> <span class='ocrx_word' id='word_1_464' title='bbox 1748 3506 1866 3566; x_wconf 89' lang='lat' dir='ltr'>irratio·</span> 
     </span>
     <span class='ocr_line' id='line_1_38' title="bbox 145 3550 1866 3667; baseline 0.023 -49"><span class='ocrx_word' id='word_1_465' title='bbox 145 3562 210 3620; x_wconf 86' lang='lat' dir='ltr'>tius</span> <span class='ocrx_word' id='word_1_466' title='bbox 226 3559 318 3616; x_wconf 85' lang='lat' dir='ltr'>vitam</span> <span class='ocrx_word' id='word_1_467' title='bbox 333 3554 500 3630; x_wconf 88' lang='lat' dir='ltr'>procedere,</span> <span class='ocrx_word' id='word_1_468' title='bbox 517 3550 607 3610; x_wconf 90' lang='lat' dir='ltr'>simul</span> <span class='ocrx_word' id='word_1_469' title='bbox 622 3550 752 3619; x_wconf 87' lang='lat' dir='ltr'>edentes,</span> <span class='ocrx_word' id='word_1_470' title='bbox 764 3555 794 3607; x_wconf 93' lang='lat' dir='ltr'>et</span> <span class='ocrx_word' id='word_1_471' title='bbox 808 3550 979 3622; x_wconf 86' lang='lat' dir='ltr'>esurientes,</span> <span class='ocrx_word' id='word_1_472' title='bbox 1034 3558 1146 3615; x_wconf 88' lang='lat' dir='ltr'>nabilis</span> <span class='ocrx_word' id='word_1_473' title='bbox 1160 3563 1221 3631; x_wconf 89' lang='lat' dir='ltr'>tua,</span> <span class='ocrx_word' id='word_1_474' title='bbox 1236 3564 1266 3621; x_wconf 82' lang='lat' dir='ltr'>tt</span> <span class='ocrx_word' id='word_1_475' title='bbox 1281 3566 1437 3629; x_wconf 89' lang='lat' dir='ltr'>immunda</span> <span class='ocrx_word' id='word_1_476' title='bbox 1452 3584 1572 3647; x_wconf 86' lang='lat' dir='ltr'>peccata</span> <span class='ocrx_word' id='word_1_477' title='bbox 1587 3586 1624 3643; x_wconf 88' lang='lat' dir='ltr'>ab</span> <span class='ocrx_word' id='word_1_478' title='bbox 1640 3592 1722 3647; x_wconf 91' lang='lat' dir='ltr'>omni</span> <span class='ocrx_word' id='word_1_479' title='bbox 1733 3595 1866 3667; x_wconf 87' lang='lat' dir='ltr'>periculo</span> 
     </span>
     <span class='ocr_line' id='line_1_39' title="bbox 144 3638 1285 3716; baseline 0.004 -9"><span class='ocrx_word' id='word_1_480' title='bbox 144 3656 176 3707; x_wconf 88' lang='lat' dir='ltr'>et</span> <span class='ocrx_word' id='word_1_481' title='bbox 190 3648 339 3716; x_wconf 89' lang='lat' dir='ltr'>bibentes,</span> <span class='ocrx_word' id='word_1_482' title='bbox 351 3644 556 3715; x_wconf 84' lang='lat' dir='ltr'>sitientesque,</span> <span class='ocrx_word' id='word_1_483' title='bbox 568 3643 598 3697; x_wconf 90' lang='lat' dir='ltr'>et</span> <span class='ocrx_word' id='word_1_484' title='bbox 612 3640 785 3713; x_wconf 88' lang='lat' dir='ltr'>priusquam</span> <span class='ocrx_word' id='word_1_485' title='bbox 801 3638 982 3711; x_wconf 80' lang='lat' dir='ltr'>replerentur</span> <span class='ocrx_word' id='word_1_486' title='bbox 1033 3646 1136 3703; x_wconf 90' lang='lat' dir='ltr'>diluvii</span> <span class='ocrx_word' id='word_1_487' title='bbox 1149 3646 1285 3711; x_wconf 90' lang='lat' dir='ltr'>liberare.</span> 
     </span>
     <span class='ocr_line' id='line_1_40' title="bbox 143 3728 1527 3829; baseline 0 -33"><span class='ocrx_word' id='word_1_488' title='bbox 143 3736 350 3811; x_wconf 81' lang='lat' dir='ltr'>exinanientes</span> <span class='ocrx_word' id='word_1_489' title='bbox 373 3748 463 3790; x_wconf 90' lang='lat' dir='ltr'>omne</span> <span class='ocrx_word' id='word_1_490' title='bbox 488 3731 567 3804; x_wconf 89' lang='lat' dir='ltr'>quod</span> <span class='ocrx_word' id='word_1_491' title='bbox 595 3732 792 3802; x_wconf 87' lang='lat' dir='ltr'>sumpserant,</span> <span class='ocrx_word' id='word_1_492' title='bbox 822 3728 981 3801; x_wconf 87' lang='lat' dir='ltr'>statimque</span> <span class='ocrx_word' id='word_1_493' title='bbox 1361 3767 1481 3829; x_wconf 52' lang='lat' dir='ltr'>CAPUT</span> <span class='ocrx_word' id='word_1_494' title='bbox 1500 3778 1527 3829; x_wconf 70' lang='lat' dir='ltr'>X</span> 
     </span>
    </p>
   </div>
   <div class='ocr_carea' id='block_1_9' title="bbox 143 3816 1972 5440">
    <p class='ocr_par' dir='ltr' id='par_1_9' title="bbox 143 3816 1972 5440">
     <span class='ocr_line' id='line_1_41' title="bbox 145 3816 1863 3945; baseline 0.037 -73"><span class='ocrx_word' id='word_1_495' title='bbox 145 3825 314 3884; x_wconf 62' lang='lat' dir='ltr'>esurientes</span> <span class='ocrx_word' id='word_1_496' title='bbox 328 3822 439 3879; x_wconf 74' lang='lat' dir='ltr'>suune</span> <span class='ocrx_word' id='word_1_497' title='bbox 453 3824 552 3877; x_wconf 71' lang='lat' dir='ltr'>colom</span> <span class='ocrx_word' id='word_1_498' title='bbox 573 3819 646 3875; x_wconf 71' lang='lat' dir='ltr'>dum</span> <span class='ocrx_word' id='word_1_499' title='bbox 661 3817 802 3891; x_wconf 58' lang='lat' dir='ltr'>tlfllllfflffl</span> <span class='ocrx_word' id='word_1_500' title='bbox 830 3816 981 3874; x_wconf 59' lang='lat' dir='ltr'>⁶0⁸⁰⁰¹¹di²</span> <span class='ocrx_word' id='word_1_501' title='bbox 1035 3844 1173 3903; x_wconf 74' lang='lat' dir='ltr'>astrites</span> <span class='ocrx_word' id='word_1_502' title='bbox 1187 3854 1279 3909; x_wconf 79' lang='lat' dir='ltr'>causis</span> <span class='ocrx_word' id='word_1_503' title='bbox 1294 3854 1327 3911; x_wconf 83' lang='lat' dir='ltr'>ab</span> <span class='ocrx_word' id='word_1_504' title='bbox 1341 3873 1410 3927; x_wconf 85' lang='lat' dir='ltr'>quas</span> <span class='ocrx_word' id='word_1_505' title='bbox 1424 3869 1501 3919; x_wconf 86' lang='lat' dir='ltr'>muta</span> <span class='ocrx_word' id='word_1_506' title='bbox 1516 3864 1705 3928; x_wconf 64' lang='lat' dir='ltr'>commentia</span> <span class='ocrx_word' id='word_1_507' title='bbox 1716 3889 1768 3945; x_wconf 81' lang='lat' dir='ltr'>per</span> <span class='ocrx_word' id='word_1_508' title='bbox 1789 3877 1863 3935; x_wconf 76' lang='lat' dir='ltr'>aas·</span> 
     </span>
     <span class='ocr_line' id='line_1_42' title="bbox 146 3906 1864 4007; baseline 0.022 -37"><span class='ocrx_word' id='word_1_509' title='bbox 146 3931 231 3983; x_wconf 87' lang='lat' dir='ltr'>esca,</span> <span class='ocrx_word' id='word_1_510' title='bbox 248 3912 356 3970; x_wconf 82' lang='lat' dir='ltr'>tamem</span> <span class='ocrx_word' id='word_1_511' title='bbox 371 3914 401 3967; x_wconf 89' lang='lat' dir='ltr'>et</span> <span class='ocrx_word' id='word_1_512' title='bbox 410 3908 585 3968; x_wconf 84' lang='lat' dir='ltr'>cruditatem</span> <span class='ocrx_word' id='word_1_513' title='bbox 601 3906 744 3964; x_wconf 90' lang='lat' dir='ltr'>naturalis</span> <span class='ocrx_word' id='word_1_514' title='bbox 757 3910 900 3980; x_wconf 88' lang='lat' dir='ltr'>temperat</span> <span class='ocrx_word' id='word_1_515' title='bbox 912 3923 980 3979; x_wconf 92' lang='lat' dir='ltr'>pro·</span> <span class='ocrx_word' id='word_1_516' title='bbox 1070 3918 1283 4001; x_wconf 27' lang='lat' dir='ltr'>viumleatjecta</span> <span class='ocrx_word' id='word_1_517' title='bbox 1294 3926 1352 3983; x_wconf 81' lang='lat' dir='ltr'>siut</span> <span class='ocrx_word' id='word_1_518' title='bbox 1364 3946 1459 4000; x_wconf 68' lang='lat' dir='ltr'>pene,</span> <span class='ocrx_word' id='word_1_519' title='bbox 1474 3939 1500 3991; x_wconf 84' lang='lat' dir='ltr'>ct</span> <span class='ocrx_word' id='word_1_520' title='bbox 1513 3938 1744 4006; x_wconf 81' lang='lat' dir='ltr'>quemadmodum</span> <span class='ocrx_word' id='word_1_521' title='bbox 1768 3962 1864 4007; x_wconf 72' lang='lat' dir='ltr'>sesam</span> 
     </span>
     <span class='ocr_line' id='line_1_43' title="bbox 145 3992 1865 4086; baseline 0.011 -27"><span class='ocrx_word' id='word_1_522' title='bbox 145 4003 292 4060; x_wconf 85' lang='lat' dir='ltr'>videntia.</span> <span class='ocrx_word' id='word_1_523' title='bbox 309 3998 440 4057; x_wconf 90' lang='lat' dir='ltr'>Primum</span> <span class='ocrx_word' id='word_1_524' title='bbox 463 3997 541 4055; x_wconf 90' lang='lat' dir='ltr'>enirn</span> <span class='ocrx_word' id='word_1_525' title='bbox 566 3996 596 4055; x_wconf 92' lang='lat' dir='ltr'>iu</span> <span class='ocrx_word' id='word_1_526' title='bbox 611 3995 761 4053; x_wconf 84' lang='lat' dir='ltr'>stomacho</span> <span class='ocrx_word' id='word_1_527' title='bbox 777 4011 864 4069; x_wconf 91' lang='lat' dir='ltr'>quem</span> <span class='ocrx_word' id='word_1_528' title='bbox 893 3994 979 4068; x_wconf 83' lang='lat' dir='ltr'>pleri·</span> <span class='ocrx_word' id='word_1_529' title='bbox 1070 3992 1156 4044; x_wconf 69' lang='lat' dir='ltr'>nostri</span> <span class='ocrx_word' id='word_1_530' title='bbox 1168 3999 1278 4074; x_wconf 78' lang='lat' dir='ltr'>peecata</span> <span class='ocrx_word' id='word_1_531' title='bbox 1290 4001 1448 4086; x_wconf 65' lang='lat' dir='ltr'>manantur</span> <span class='ocrx_word' id='word_1_532' title='bbox 1462 4023 1473 4071; x_wconf 88' lang='lat'>‚·</span> <span class='ocrx_word' id='word_1_533' title='bbox 1487 4006 1600 4067; x_wconf 70' lang='lat' dir='ltr'>aeteus</span> <span class='ocrx_word' id='word_1_534' title='bbox 1614 4016 1807 4075; x_wconf 70' lang='lat' dir='ltr'>testamentum</span> <span class='ocrx_word' id='word_1_535' title='bbox 1820 4026 1865 4077; x_wconf 80' lang='lat' dir='ltr'>ett-</span> 
     </span>
     <span class='ocr_line' id='line_1_44' title="bbox 148 4070 1430 4169; baseline 0.011 -26"><span class='ocrx_word' id='word_1_536' title='bbox 148 4109 213 4169; x_wconf 84' lang='lat' dir='ltr'>quo</span> <span class='ocrx_word' id='word_1_537' title='bbox 227 4094 357 4148; x_wconf 83' lang='lat' dir='ltr'>ventrem</span> <span class='ocrx_word' id='word_1_538' title='bbox 371 4084 524 4161; x_wconf 88' lang='lat' dir='ltr'>appellant</span> <span class='ocrx_word' id='word_1_539' title='bbox 537 4085 733 4159; x_wconf 87' lang='lat' dir='ltr'>superiorem,</span> <span class='ocrx_word' id='word_1_540' title='bbox 757 4086 841 4142; x_wconf 88' lang='lat' dir='ltr'>cibus</span> <span class='ocrx_word' id='word_1_541' title='bbox 863 4084 980 4141; x_wconf 83' lang='lat' dir='ltr'>confici·</span> <span class='ocrx_word' id='word_1_542' title='bbox 1070 4076 1118 4115; x_wconf 68' lang='lat'>“⁷²¹</span> <span class='ocrx_word' id='word_1_543' title='bbox 1129 4076 1190 4117; x_wconf 58' lang='lat' dir='ltr'>mm</span> <span class='ocrx_word' id='word_1_544' title='bbox 1200 4072 1279 4134; x_wconf 57' lang='grc' dir='ltr'>ΜΟ</span> <span class='ocrx_word' id='word_1_545' title='bbox 1293 4070 1430 4129; x_wconf 46' lang='grc' dir='ltr'><strong><em>παίω·</em></strong></span> 
     </span>
     <span class='ocr_line' id='line_1_45' title="bbox 148 4167 1865 4261; baseline 0.012 -25"><span class='ocrx_word' id='word_1_546' title='bbox 148 4188 204 4239; x_wconf 88' lang='lat' dir='ltr'>tur</span> <span class='ocrx_word' id='word_1_547' title='bbox 219 4199 226 4237; x_wconf 93' lang='lat'>:</span> <span class='ocrx_word' id='word_1_548' title='bbox 243 4176 495 4250; x_wconf 88' lang='lat' dir='ltr'>deiudecoquitur</span> <span class='ocrx_word' id='word_1_549' title='bbox 509 4173 665 4247; x_wconf 83' lang='lat' dir='ltr'>injecere,</span> <span class='ocrx_word' id='word_1_550' title='bbox 681 4178 813 4247; x_wconf 85' lang='lat' dir='ltr'>atqueeo</span> <span class='ocrx_word' id='word_1_551' title='bbox 839 4172 982 4247; x_wconf 77' lang='lat' dir='ltr'>digeritur</span> <span class='ocrx_word' id='word_1_552' title='bbox 1070 4167 1114 4223; x_wconf 83' lang='lat'>31·</span> <span class='ocrx_word' id='word_1_553' title='bbox 1132 4168 1314 4245; x_wconf 64' lang='lat' dir='ltr'>Quaecunque,</span> <span class='ocrx_word' id='word_1_554' title='bbox 1331 4175 1436 4250; x_wconf 90' lang='lat' dir='ltr'>inquit,</span> <span class='ocrx_word' id='word_1_555' title='bbox 1462 4191 1527 4240; x_wconf 84' lang='lat' dir='ltr'>suat</span> <span class='ocrx_word' id='word_1_556' title='bbox 1540 4188 1570 4242; x_wconf 82' lang='lat' dir='ltr'>iu</span> <span class='ocrx_word' id='word_1_557' title='bbox 1596 4190 1681 4261; x_wconf 82' lang='lat' dir='ltr'>terra,</span> <span class='ocrx_word' id='word_1_558' title='bbox 1710 4198 1865 4256; x_wconf 84' lang='lat' dir='ltr'>morientur</span> 
     </span>
     <span class='ocr_line' id='line_1_46' title="bbox 148 4256 1865 4352; baseline 0.038 -74"><span class='ocrx_word' id='word_1_559' title='bbox 148 4286 272 4344; x_wconf 37' lang='lat' dir='ltr'><strong>vapore.</strong></span> <span class='ocrx_word' id='word_1_560' title='bbox 289 4268 400 4326; x_wconf 59' lang='lat' dir='ltr'>Suoeus</span> <span class='ocrx_word' id='word_1_561' title='bbox 414 4266 481 4337; x_wconf 55' lang='lat' dir='ltr'><strong>eju,</strong></span> <span class='ocrx_word' id='word_1_562' title='bbox 490 4263 631 4321; x_wconf 56' lang='lat' dir='ltr'><strong>dividitur</strong></span> <span class='ocrx_word' id='word_1_563' title='bbox 646 4263 731 4321; x_wconf 58' lang='lat' dir='ltr'>mgis</span> <span class='ocrx_word' id='word_1_564' title='bbox 743 4262 888 4320; x_wconf 58' lang='lat' dir='ltr'>viscerum</span> <span class='ocrx_word' id='word_1_565' title='bbox 914 4279 981 4337; x_wconf 65' lang='lat' dir='ltr'>pop.</span> <span class='ocrx_word' id='word_1_566' title='bbox 1035 4256 1112 4329; x_wconf 84' lang='lat' dir='ltr'>(Gen.</span> <span class='ocrx_word' id='word_1_567' title='bbox 1127 4273 1168 4327; x_wconf 84' lang='lat' dir='ltr'>vr,</span> <span class='ocrx_word' id='word_1_568' title='bbox 1184 4258 1240 4334; x_wconf 81' lang='lat'>17).</span> <span class='ocrx_word' id='word_1_569' title='bbox 1256 4262 1330 4326; x_wconf 83' lang='lat' dir='ltr'>Quid</span> <span class='ocrx_word' id='word_1_570' title='bbox 1353 4264 1456 4339; x_wconf 90' lang='lat' dir='ltr'>utique</span> <span class='ocrx_word' id='word_1_571' title='bbox 1486 4277 1567 4331; x_wconf 89' lang='lat' dir='ltr'>muta</span> <span class='ocrx_word' id='word_1_572' title='bbox 1592 4276 1777 4352; x_wconf 88' lang='lat' dir='ltr'>deliquerant</span> <span class='ocrx_word' id='word_1_573' title='bbox 1805 4286 1865 4342; x_wconf 88' lang='lat' dir='ltr'>uni·</span> 
     </span>
     <span class='ocr_line' id='line_1_47' title="bbox 148 4346 1864 4447; baseline 0.008 -28"><span class='ocrx_word' id='word_1_574' title='bbox 148 4356 297 4421; x_wconf 85' lang='lat' dir='ltr'>tionibus,</span> <span class='ocrx_word' id='word_1_575' title='bbox 312 4373 347 4413; x_wconf 81' lang='lat' dir='ltr'>aa</span> <span class='ocrx_word' id='word_1_576' title='bbox 361 4369 518 4429; x_wconf 92' lang='lat' dir='ltr'>quoomne</span> <span class='ocrx_word' id='word_1_577' title='bbox 533 4369 640 4425; x_wconf 89' lang='lat' dir='ltr'>corpus</span> <span class='ocrx_word' id='word_1_578' title='bbox 656 4351 785 4410; x_wconf 77' lang='lat' dir='ltr'>valescit.</span> <span class='ocrx_word' id='word_1_579' title='bbox 802 4352 882 4417; x_wconf 86' lang='lat' dir='ltr'>Quod</span> <span class='ocrx_word' id='word_1_580' title='bbox 908 4351 981 4409; x_wconf 84' lang='lat' dir='ltr'>sotis</span> <span class='ocrx_word' id='word_1_581' title='bbox 1035 4346 1171 4417; x_wconf 79' lang='lat' dir='ltr'>manlia?¹</span> <span class='ocrx_word' id='word_1_582' title='bbox 1185 4364 1244 4420; x_wconf 91' lang='lat' dir='ltr'>qua</span> <span class='ocrx_word' id='word_1_583' title='bbox 1259 4366 1348 4408; x_wconf 86' lang='lat' dir='ltr'>causa</span> <span class='ocrx_word' id='word_1_584' title='bbox 1363 4355 1495 4428; x_wconf 84' lang='lat' dir='ltr'>subjecta</span> <span class='ocrx_word' id='word_1_585' title='bbox 1510 4366 1581 4419; x_wconf 88' lang='lat' dir='ltr'>suut</span> <span class='ocrx_word' id='word_1_586' title='bbox 1595 4382 1697 4437; x_wconf 82' lang='lat' dir='ltr'>poenc,</span> <span class='ocrx_word' id='word_1_587' title='bbox 1713 4386 1777 4442; x_wconf 80' lang='lat' dir='ltr'>qne</span> <span class='ocrx_word' id='word_1_588' title='bbox 1796 4390 1864 4447; x_wconf 88' lang='lat' dir='ltr'>pec·</span> 
     </span>
     <span class='ocr_line' id='line_1_48' title="bbox 148 4434 1864 4529; baseline 0.038 -74"><span class='ocrx_word' id='word_1_589' title='bbox 148 4447 306 4522; x_wconf 85' lang='lat' dir='ltr'>juniorum</span> <span class='ocrx_word' id='word_1_590' title='bbox 321 4446 512 4513; x_wconf 54' lang='lat' dir='ltr'>incrementa,</span> <span class='ocrx_word' id='word_1_591' title='bbox 528 4459 634 4499; x_wconf 59' lang='lat' dir='ltr'><strong>senum</strong></span> <span class='ocrx_word' id='word_1_592' title='bbox 649 4442 821 4498; x_wconf 53' lang='lat' dir='ltr'>testificatur</span> <span class='ocrx_word' id='word_1_593' title='bbox 847 4456 980 4513; x_wconf 51' lang='lat' dir='ltr'>pamm.</span> <span class='ocrx_word' id='word_1_594' title='bbox 994 4464 1020 4529; x_wconf 62' lang='lat' dir='ltr'>D</span> <span class='ocrx_word' id='word_1_595' title='bbox 1036 4434 1119 4492; x_wconf 90' lang='lat' dir='ltr'>candi</span> <span class='ocrx_word' id='word_1_596' title='bbox 1135 4452 1256 4493; x_wconf 91' lang='lat' dir='ltr'>sensum</span> <span class='ocrx_word' id='word_1_597' title='bbox 1273 4456 1330 4496; x_wconf 91' lang='lat' dir='ltr'>non</span> <span class='ocrx_word' id='word_1_598' title='bbox 1344 4440 1454 4499; x_wconf 91' lang='lat' dir='ltr'>babent</span> <span class='ocrx_word' id='word_1_599' title='bbox 1467 4445 1482 4501; x_wconf 86' lang='lat' dir='ltr'>‘t</span> <span class='ocrx_word' id='word_1_600' title='bbox 1497 4446 1553 4505; x_wconf 90' lang='lat' dir='ltr'>Sed</span> <span class='ocrx_word' id='word_1_601' title='bbox 1570 4457 1820 4525; x_wconf 89' lang='lat' dir='ltr'>quemadmodum</span> <span class='ocrx_word' id='word_1_602' title='bbox 1834 4464 1864 4521; x_wconf 92' lang='lat' dir='ltr'>in</span> 
     </span>
     <span class='ocr_line' id='line_1_49' title="bbox 148 4523 1864 4617; baseline 0.017 -38"><span class='ocrx_word' id='word_1_603' title='bbox 148 4536 262 4595; x_wconf 58' lang='lat' dir='ltr'>fantis,</span> <span class='ocrx_word' id='word_1_604' title='bbox 288 4534 443 4606; x_wconf 81' lang='lat' dir='ltr'>Reliquum</span> <span class='ocrx_word' id='word_1_605' title='bbox 460 4532 517 4588; x_wconf 89' lang='lat' dir='ltr'>cibi</span> <span class='ocrx_word' id='word_1_606' title='bbox 540 4530 571 4587; x_wconf 92' lang='lat' dir='ltr'>in</span> <span class='ocrx_word' id='word_1_607' title='bbox 598 4535 728 4589; x_wconf 85' lang='lat' dir='ltr'>ventrem</span> <span class='ocrx_word' id='word_1_608' title='bbox 750 4529 862 4599; x_wconf 84' lang='lat' dir='ltr'>defluit,</span> <span class='ocrx_word' id='word_1_609' title='bbox 891 4547 979 4603; x_wconf 85' lang='lat' dir='ltr'>quem</span> <span class='ocrx_word' id='word_1_610' title='bbox 1035 4523 1193 4582; x_wconf 84' lang='lat' dir='ltr'>bellacum</span> <span class='ocrx_word' id='word_1_611' title='bbox 1210 4526 1370 4601; x_wconf 87' lang='lat' dir='ltr'>imperator</span> <span class='ocrx_word' id='word_1_612' title='bbox 1389 4532 1688 4617; x_wconf 89' lang='lat' dir='ltr'>abbosteocciditur,</span> <span class='ocrx_word' id='word_1_613' title='bbox 1705 4552 1864 4607; x_wconf 90' lang='lat' dir='ltr'>commori-</span> 
     </span>
     <span class='ocr_line' id='line_1_50' title="bbox 147 4614 1863 4710; baseline 0.008 -26"><span class='ocrx_word' id='word_1_614' title='bbox 147 4619 980 4697; x_wconf 81' lang='lat' dir='ltr'>omuesveutremeppeliamussineadjectione,plerique</span> <span class='ocrx_word' id='word_1_615' title='bbox 1033 4620 1083 4671; x_wconf 91' lang='lat' dir='ltr'>tur</span> <span class='ocrx_word' id='word_1_616' title='bbox 1097 4614 1161 4687; x_wconf 92' lang='lat' dir='ltr'>ejus</span> <span class='ocrx_word' id='word_1_617' title='bbox 1180 4617 1335 4688; x_wconf 79' lang='lat' dir='ltr'>exercitus,</span> <span class='ocrx_word' id='word_1_618' title='bbox 1357 4623 1446 4710; x_wconf 88' lang='lat' dir='ltr'>utque</span> <span class='ocrx_word' id='word_1_619' title='bbox 1466 4627 1564 4687; x_wconf 89' lang='lat' dir='ltr'>omnis</span> <span class='ocrx_word' id='word_1_620' title='bbox 1579 4635 1792 4693; x_wconf 89' lang='lat' dir='ltr'>comminuitur</span> <span class='ocrx_word' id='word_1_621' title='bbox 1805 4639 1863 4695; x_wconf 88' lang='lat' dir='ltr'>vir-</span> 
     </span>
     <span class='ocr_line' id='line_1_51' title="bbox 148 4703 1972 4792; baseline 0.008 -19"><span class='ocrx_word' id='word_1_622' title='bbox 148 4717 262 4774; x_wconf 89' lang='lat' dir='ltr'>dicuut</span> <span class='ocrx_word' id='word_1_623' title='bbox 274 4718 404 4771; x_wconf 79' lang='lat' dir='ltr'>ventrem</span> <span class='ocrx_word' id='word_1_624' title='bbox 419 4710 584 4768; x_wconf 82' lang='lat' dir='ltr'>interiorem</span> <span class='ocrx_word' id='word_1_625' title='bbox 603 4728 610 4778; x_wconf 87' lang='lat'>;</span> <span class='ocrx_word' id='word_1_626' title='bbox 627 4725 733 4781; x_wconf 86' lang='lat' dir='ltr'>exque</span> <span class='ocrx_word' id='word_1_627' title='bbox 749 4710 838 4766; x_wconf 84' lang='lat' dir='ltr'>fimus</span> <span class='ocrx_word' id='word_1_628' title='bbox 862 4725 980 4768; x_wconf 81' lang='lat' dir='ltr'>necesse</span> <span class='ocrx_word' id='word_1_629' title='bbox 1035 4707 1082 4760; x_wconf 90' lang='lat' dir='ltr'>tus</span> <span class='ocrx_word' id='word_1_630' title='bbox 1094 4703 1231 4761; x_wconf 89' lang='lat' dir='ltr'>militaris</span> <span class='ocrx_word' id='word_1_631' title='bbox 1249 4722 1255 4762; x_wconf 92' lang='lat'>:</span> <span class='ocrx_word' id='word_1_632' title='bbox 1272 4705 1314 4763; x_wconf 90' lang='lat' dir='ltr'>sic</span> <span class='ocrx_word' id='word_1_633' title='bbox 1328 4725 1385 4765; x_wconf 92' lang='lat' dir='ltr'>uon</span> <span class='ocrx_word' id='word_1_634' title='bbox 1401 4712 1568 4790; x_wconf 89' lang='lat' dir='ltr'>discrepare</span> <span class='ocrx_word' id='word_1_635' title='bbox 1584 4737 1601 4776; x_wconf 90' lang='lat' dir='ltr'>a</span> <span class='ocrx_word' id='word_1_636' title='bbox 1621 4723 1739 4792; x_wconf 86' lang='lat' dir='ltr'>justitia</span> <span class='ocrx_word' id='word_1_637' title='bbox 1767 4726 1862 4783; x_wconf 89' lang='lat' dir='ltr'>visum</span> <span class='ocrx_word' id='word_1_638' title='bbox 1968 4769 1972 4776; x_wconf 42' lang='grc' dir='ltr'>ι</span> 
     </span>
     <span class='ocr_line' id='line_1_52' title="bbox 148 4794 1862 4883; baseline 0.034 -71"><span class='ocrx_word' id='word_1_639' title='bbox 148 4802 459 4877; x_wconf 60' lang='lat' dir='ltr'>atquiptenusjam</span> <span class='ocrx_word' id='word_1_640' title='bbox 474 4796 885 4871; x_wconf 57' lang='lat' dir='ltr'>ffirruptqonqsdemnqu</span> <span class='ocrx_word' id='word_1_641' title='bbox 914 4816 979 4873; x_wconf 75' lang='lat'>08⁰·</span> <span class='ocrx_word' id='word_1_642' title='bbox 1033 4796 1170 4861; x_wconf 69' lang='lat' dir='ltr'>osteum</span> <span class='ocrx_word' id='word_1_643' title='bbox 1195 4794 1327 4853; x_wconf 90' lang='lat' dir='ltr'>interiret</span> <span class='ocrx_word' id='word_1_644' title='bbox 1352 4798 1439 4857; x_wconf 87' lang='lat' dir='ltr'>borno</span> <span class='ocrx_word' id='word_1_645' title='bbox 1469 4804 1515 4860; x_wconf 90' lang='lat' dir='ltr'>cui</span> <span class='ocrx_word' id='word_1_646' title='bbox 1546 4806 1673 4881; x_wconf 85' lang='lat' dir='ltr'>regalem</span> <span class='ocrx_word' id='word_1_647' title='bbox 1703 4814 1862 4883; x_wconf 88' lang='lat' dir='ltr'>quamdam</span> 
     </span>
     <span class='ocr_line' id='line_1_53' title="bbox 147 4882 1864 4974; baseline 0.013 -37"><span class='ocrx_word' id='word_1_648' title='bbox 147 4898 240 4952; x_wconf 65' lang='lat' dir='ltr'>meur</span> <span class='ocrx_word' id='word_1_649' title='bbox 253 4909 306 4965; x_wconf 74' lang='lat' dir='ltr'>per</span> <span class='ocrx_word' id='word_1_650' title='bbox 317 4890 389 4947; x_wconf 89' lang='lat' dir='ltr'>illud</span> <span class='ocrx_word' id='word_1_651' title='bbox 403 4907 439 4948; x_wconf 84' lang='lat' dir='ltr'>ex</span> <span class='ocrx_word' id='word_1_652' title='bbox 453 4898 617 4946; x_wconf 84' lang='lat' dir='ltr'>transverso</span> <span class='ocrx_word' id='word_1_653' title='bbox 632 4887 752 4945; x_wconf 91' lang='lat' dir='ltr'>ostium.</span> <span class='ocrx_word' id='word_1_654' title='bbox 1034 4882 1176 4940; x_wconf 87' lang='lat' dir='ltr'>Dominus</span> <span class='ocrx_word' id='word_1_655' title='bbox 1192 4882 1269 4942; x_wconf 88' lang='lat' dir='ltr'>Deus</span> <span class='ocrx_word' id='word_1_656' title='bbox 1284 4885 1315 4942; x_wconf 93' lang='lat' dir='ltr'>in</span> <span class='ocrx_word' id='word_1_657' title='bbox 1327 4904 1414 4945; x_wconf 89' lang='lat' dir='ltr'>omne</span> <span class='ocrx_word' id='word_1_658' title='bbox 1429 4892 1627 4953; x_wconf 88' lang='lat' dir='ltr'>animantium</span> <span class='ocrx_word' id='word_1_659' title='bbox 1658 4914 1751 4971; x_wconf 87' lang='lat' dir='ltr'>genus</span> <span class='ocrx_word' id='word_1_660' title='bbox 1780 4902 1864 4974; x_wconf 88' lang='lat' dir='ltr'>pote-</span> 
     </span>
     <span class='ocr_line' id='line_1_54' title="bbox 188 4972 1863 5053; baseline 0.007 -17"><span class='ocrx_word' id='word_1_661' title='bbox 188 4981 238 5037; x_wconf 78' lang='lat'>29.</span> <span class='ocrx_word' id='word_1_662' title='bbox 265 4984 330 5037; x_wconf 76' lang='lat' dir='ltr'>idac</span> <span class='ocrx_word' id='word_1_663' title='bbox 352 4996 420 5037; x_wconf 89' lang='lat' dir='ltr'>cum</span> <span class='ocrx_word' id='word_1_664' title='bbox 449 4978 490 5033; x_wconf 87' lang='lat' dir='ltr'>ita</span> <span class='ocrx_word' id='word_1_665' title='bbox 518 4976 625 5033; x_wconf 83' lang='lat' dir='ltr'>affabre</span> <span class='ocrx_word' id='word_1_666' title='bbox 643 4975 769 5036; x_wconf 90' lang='lat' dir='ltr'>naturali</span> <span class='ocrx_word' id='word_1_667' title='bbox 796 4976 979 5034; x_wconf 89' lang='lat' dir='ltr'>institutione</span> <span class='ocrx_word' id='word_1_668' title='bbox 1033 4976 1139 5030; x_wconf 88' lang='lat' dir='ltr'>elatem</span> <span class='ocrx_word' id='word_1_669' title='bbox 1153 4972 1244 5043; x_wconf 89' lang='lat' dir='ltr'>dedit,</span> <span class='ocrx_word' id='word_1_670' title='bbox 1261 4978 1294 5031; x_wconf 93' lang='lat' dir='ltr'>ut</span> <span class='ocrx_word' id='word_1_671' title='bbox 1308 4978 1446 5035; x_wconf 88' lang='lat' dir='ltr'>omnibus</span> <span class='ocrx_word' id='word_1_672' title='bbox 1460 4980 1640 5053; x_wconf 91' lang='lat' dir='ltr'>volatilibus,</span> <span class='ocrx_word' id='word_1_673' title='bbox 1656 4986 1736 5053; x_wconf 86' lang='lat' dir='ltr'>ieris,</span> <span class='ocrx_word' id='word_1_674' title='bbox 1761 4988 1863 5049; x_wconf 87' lang='lat' dir='ltr'>bestiis</span> 
     </span>
     <span class='ocr_line' id='line_1_55' title="bbox 147 5061 1863 5151; baseline 0.013 -36"><span class='ocrx_word' id='word_1_675' title='bbox 147 5072 191 5129; x_wconf 58' lang='lat' dir='ltr'>gd</span> <span class='ocrx_word' id='word_1_676' title='bbox 209 5070 260 5129; x_wconf 67' lang='lat' dir='ltr'>Dei</span> <span class='ocrx_word' id='word_1_677' title='bbox 275 5068 497 5142; x_wconf 77' lang='lat' dir='ltr'>preceptionem</span> <span class='ocrx_word' id='word_1_678' title='bbox 511 5064 672 5137; x_wconf 89' lang='lat' dir='ltr'>composita</span> <span class='ocrx_word' id='word_1_679' title='bbox 681 5065 857 5133; x_wconf 89' lang='lat' dir='ltr'>videantur;</span> <span class='ocrx_word' id='word_1_680' title='bbox 881 5068 978 5123; x_wconf 85' lang='lat' dir='ltr'>tamen</span> <span class='ocrx_word' id='word_1_681' title='bbox 1033 5061 1178 5135; x_wconf 88' lang='lat' dir='ltr'>imperiali</span> <span class='ocrx_word' id='word_1_682' title='bbox 1195 5069 1333 5135; x_wconf 84' lang='lat' dir='ltr'>praeesset</span> <span class='ocrx_word' id='word_1_683' title='bbox 1346 5066 1531 5138; x_wconf 89' lang='lat' dir='ltr'>auctoritate,</span> <span class='ocrx_word' id='word_1_684' title='bbox 1548 5072 1626 5143; x_wconf 90' lang='lat' dir='ltr'>quod</span> <span class='ocrx_word' id='word_1_685' title='bbox 1657 5075 1744 5131; x_wconf 90' lang='lat' dir='ltr'>etiam</span> <span class='ocrx_word' id='word_1_686' title='bbox 1774 5094 1863 5151; x_wconf 90' lang='lat' dir='ltr'>pecu·</span> 
     </span>
     <span class='ocr_line' id='line_1_56' title="bbox 145 5152 1863 5226; baseline 0.008 -14"><span class='ocrx_word' id='word_1_687' title='bbox 145 5160 177 5217; x_wconf 80' lang='lat' dir='ltr'>si</span> <span class='ocrx_word' id='word_1_688' title='bbox 195 5174 256 5215; x_wconf 90' lang='lat' dir='ltr'>non</span> <span class='ocrx_word' id='word_1_689' title='bbox 270 5157 374 5215; x_wconf 87' lang='lat' dir='ltr'>edendi</span> <span class='ocrx_word' id='word_1_690' title='bbox 390 5173 406 5213; x_wconf 90' lang='lat' dir='ltr'>a</span> <span class='ocrx_word' id='word_1_691' title='bbox 421 5154 516 5220; x_wconf 87' lang='lat' dir='ltr'>uobis,</span> <span class='ocrx_word' id='word_1_692' title='bbox 531 5152 694 5225; x_wconf 86' lang='lat' dir='ltr'>agendique</span> <span class='ocrx_word' id='word_1_693' title='bbox 709 5154 816 5209; x_wconf 88' lang='lat' dir='ltr'>modus</span> <span class='ocrx_word' id='word_1_694' title='bbox 837 5160 978 5225; x_wconf 88' lang='lat' dir='ltr'>servetur,</span> <span class='ocrx_word' id='word_1_695' title='bbox 1033 5153 1124 5221; x_wconf 87' lang='lat' dir='ltr'>dee‚et</span> <span class='ocrx_word' id='word_1_696' title='bbox 1135 5168 1316 5226; x_wconf 79' lang='lat' dir='ltr'>quacunque</span> <span class='ocrx_word' id='word_1_697' title='bbox 1326 5152 1627 5215; x_wconf 87' lang='lat' dir='ltr'>erantirretionabilis</span> <span class='ocrx_word' id='word_1_698' title='bbox 1647 5178 1863 5225; x_wconf 90' lang='lat' dir='ltr'>commoreren-</span> 
     </span>
     <span class='ocr_line' id='line_1_57' title="bbox 145 5240 1862 5325; baseline 0.02 -45"><span class='ocrx_word' id='word_1_699' title='bbox 145 5256 302 5320; x_wconf 45' lang='grc' dir='ltr'>ηψπ]</span> <span class='ocrx_word' id='word_1_700' title='bbox 317 5242 543 5301; x_wconf 56' lang='lat' dir='ltr'>exuberantibus</span> <span class='ocrx_word' id='word_1_701' title='bbox 558 5240 743 5313; x_wconf 89' lang='lat' dir='ltr'>passionibus</span> <span class='ocrx_word' id='word_1_702' title='bbox 764 5246 921 5314; x_wconf 90' lang='lat' dir='ltr'>generatur</span> <span class='ocrx_word' id='word_1_703' title='bbox 934 5244 977 5300; x_wconf 89' lang='lat' dir='ltr'>di·</span> <span class='ocrx_word' id='word_1_704' title='bbox 1032 5240 1372 5313; x_wconf 85' lang='lat' dir='ltr'>tursnimalia.l)eniquc</span> <span class='ocrx_word' id='word_1_705' title='bbox 1388 5242 1412 5298; x_wconf 90' lang='lat' dir='ltr'>si</span> <span class='ocrx_word' id='word_1_706' title='bbox 1429 5245 1547 5315; x_wconf 87' lang='lat' dir='ltr'>quaudo</span> <span class='ocrx_word' id='word_1_707' title='bbox 1563 5250 1608 5303; x_wconf 88' lang='lat' dir='ltr'>eet</span> <span class='ocrx_word' id='word_1_708' title='bbox 1617 5251 1862 5325; x_wconf 89' lang='lat' dir='ltr'>pestilentia,cor-</span> 
     </span>
     <span class='ocr_line' id='line_1_58' title="bbox 143 5328 1866 5440; baseline 0.015 -60"><span class='ocrx_word' id='word_1_709' title='bbox 143 5328 671 5405; x_wconf 73' lang='lat' dir='ltr'>1uvium‚etquedomtotiustabes</span> <span class='ocrx_word' id='word_1_710' title='bbox 699 5329 839 5403; x_wconf 89' lang='lat' dir='ltr'>corporis.</span> <span class='ocrx_word' id='word_1_711' title='bbox 870 5331 976 5390; x_wconf 77' lang='lat' dir='ltr'>tutem.</span> <span class='ocrx_word' id='word_1_712' title='bbox 1032 5336 1118 5405; x_wconf 91' lang='lat' dir='ltr'>rupto</span> <span class='ocrx_word' id='word_1_713' title='bbox 1131 5330 1196 5388; x_wconf 82' lang='lat' dir='ltr'>eceli</span> <span class='ocrx_word' id='word_1_714' title='bbox 1211 5330 1411 5403; x_wconf 88' lang='lat' dir='ltr'>tractu,priue</span> <span class='ocrx_word' id='word_1_715' title='bbox 1434 5344 1468 5387; x_wconf 88' lang='lat' dir='ltr'>ca</span> <span class='ocrx_word' id='word_1_716' title='bbox 1483 5349 1548 5405; x_wconf 81' lang='lat' dir='ltr'>qua</span> <span class='ocrx_word' id='word_1_717' title='bbox 1576 5343 1647 5394; x_wconf 93' lang='lat' dir='ltr'>sunt</span> <span class='ocrx_word' id='word_1_718' title='bbox 1676 5340 1866 5440; x_wconf 51' lang='lat' dir='ltr'>irrationabi-</span> 
     </span>
    </p>
   </div>
   <div class='ocr_carea' id='block_1_10' title="bbox 190 5551 1697 5771">
    <p class='ocr_par' dir='ltr' id='par_1_10' title="bbox 190 5551 1697 5771">
     <span class='ocr_line' id='line_1_59' title="bbox 190 5551 1484 5639; baseline -0.002 -21"><span class='ocrx_word' id='word_1_719' title='bbox 190 5559 250 5639; x_wconf 79' lang='lat' dir='ltr'>(ts)</span> <span class='ocrx_word' id='word_1_720' title='bbox 265 5558 311 5616; x_wconf 85' lang='lat' dir='ltr'>lta</span> <span class='ocrx_word' id='word_1_721' title='bbox 325 5571 396 5613; x_wconf 87' lang='lat' dir='ltr'>mss.</span> <span class='ocrx_word' id='word_1_722' title='bbox 411 5553 505 5623; x_wconf 79' lang='lat' dir='ltr'>corb,</span> <span class='ocrx_word' id='word_1_723' title='bbox 526 5552 615 5627; x_wconf 82' lang='lat' dir='ltr'>tang.</span> <span class='ocrx_word' id='word_1_724' title='bbox 631 5554 659 5611; x_wconf 92' lang='lat' dir='ltr'>et</span> <span class='ocrx_word' id='word_1_725' title='bbox 686 5554 742 5610; x_wconf 82' lang='lat' dir='ltr'>Vat</span> <span class='ocrx_word' id='word_1_726' title='bbox 756 5554 785 5612; x_wconf 90' lang='lat' dir='ltr'>et</span> <span class='ocrx_word' id='word_1_727' title='bbox 812 5552 881 5616; x_wconf 88' lang='lat' dir='ltr'>edit.</span> <span class='ocrx_word' id='word_1_728' title='bbox 898 5558 959 5617; x_wconf 82' lang='lat' dir='ltr'>aut.</span> <span class='ocrx_word' id='word_1_729' title='bbox 974 5556 1045 5619; x_wconf 80' lang='lat' dir='ltr'>edit.</span> <span class='ocrx_word' id='word_1_730' title='bbox 1063 5556 1146 5619; x_wconf 80' lang='lat' dir='ltr'>Rom.</span> <span class='ocrx_word' id='word_1_731' title='bbox 1162 5556 1191 5615; x_wconf 89' lang='lat' dir='ltr'>ct</span> <span class='ocrx_word' id='word_1_732' title='bbox 1206 5551 1243 5613; x_wconf 84' lang='lat' dir='ltr'>ul.</span> <span class='ocrx_word' id='word_1_733' title='bbox 1258 5554 1337 5627; x_wconf 79' lang='lat' dir='ltr'>Vct,</span> <span class='ocrx_word' id='word_1_734' title='bbox 1351 5554 1484 5631; x_wconf 78' lang='lat' dir='ltr'>spiritali.</span> 
     </span>
     <span class='ocr_line' id='line_1_60' title="bbox 320 5662 1697 5771; baseline -0.003 -21"><span class='ocrx_word' id='word_1_735' title='bbox 320 5682 450 5750; x_wconf 75' lang='lat' dir='ltr'>Pauor..</span> <span class='ocrx_word' id='word_1_736' title='bbox 472 5678 553 5751; x_wconf 76' lang='lat' dir='ltr'>tlt.</span> <span class='ocrx_word' id='word_1_737' title='bbox 957 5662 962 5667; x_wconf 68' lang='grc'>’</span> <span class='ocrx_word' id='word_1_738' title='bbox 1660 5693 1697 5771; x_wconf 63' lang='grc' dir='ltr'><strong>η</strong></span> 
     </span>
    </p>
   </div>
   <div class='ocr_carea' id='block_1_11' title="bbox 0 0 2084 6182">
    <p class='ocr_par' dir='ltr' id='par_1_11' title="bbox 0 0 2084 6182">
     <span class='ocr_line' id='line_1_61' title="bbox 0 0 2084 6182; baseline 0 0"><span class='ocrx_word' id='word_1_739' title='bbox 0 0 2084 6182; x_wconf 95' lang='lat' dir='ltr'> </span> 
     </span>
    </p>
   </div>
   <div class='ocr_carea' id='block_1_12' title="bbox 2078 4452 2081 5851">
    <p class='ocr_par' dir='ltr' id='par_1_12' title="bbox 2078 4452 2081 5851">
     <span class='ocr_line' id='line_1_62' title="bbox 2078 4452 2081 5851; baseline 0 0"><span class='ocrx_word' id='word_1_740' title='bbox 2078 4452 2081 5851; x_wconf 95' lang='lat' dir='ltr'> </span> 
     </span>
    </p>
   </div>
   <div class='ocr_carea' id='block_1_13' title="bbox 2078 4452 2082 5851">
    <p class='ocr_par' dir='ltr' id='par_1_13' title="bbox 2078 4452 2082 5851">
     <span class='ocr_line' id='line_1_63' title="bbox 2078 4452 2082 5851; baseline 0 0"><span class='ocrx_word' id='word_1_741' title='bbox 2078 4452 2082 5851; x_wconf 95' lang='lat' dir='ltr'> </span> 
     </span>
    </p>
   </div>
  </div>
 </body>
</html>
