4159 6184
158 294 206 357 aa
646 294 702 359 na
724 258 916 365 isaacus
938 298 1385 375 larua-uouemere.
1820 328 1884 391 aaa
1951 347 1955 361 ,

160 426 323 498 exponitque
339 430 446 502 gradus
460 432 599 503 quatuor,
618 428 738 501 quibus
764 430 865 488 anima
883 437 947 505 jam
974 442 1143 511 graviorum
1163 445 1240 515 jugo
1264 442 1402 499 vitiorum
1431 443 1526 504 libera
1554 451 1591 507 ad
1620 470 1768 513 summam
1797 458 1880 516 inam

159 514 366 587 perfectionem,
382 518 411 574 in
427 536 484 591 qua
499 518 558 575 lleo
574 534 627 588 per
642 516 827 575 charitatem
849 522 955 591 juncta
969 543 1124 600 nunquam
1150 532 1340 603 postmodum
1365 533 1401 588 ab
1426 534 1492 606 ipso
1517 538 1673 613 divellitur,
1699 549 1879 605 conscendit.

157 606 292 661 Ceterum
313 605 373 661 sive
394 606 554 663 naturalem
577 623 612 663 ac
635 604 773 661 minime
788 616 918 665 coactam
944 618 1073 672 materiae
1096 617 1334 691 dispositionem,
1350 621 1410 677 aive
1436 622 1555 684 brevem
1581 631 1673 702 illam,
1690 634 1741 691 sed
1762 640 1881 692 acutam

157 692 306 763 Scriptura
320 692 491 764 explicanda
506 695 649 751 rationem
668 698 809 763 spectes,
826 712 877 753 seu
894 698 1021 772 denique
1036 707 1253 763 transitionum
1270 709 1379 779 quibus
1394 710 1549 780 aptissime
1572 728 1731 778 nectuntur
1750 723 1878 796 singula,

154 778 384 845 concinnitatem,
396 782 462 851 jure
476 782 579 839 dixeris
594 783 888 841 commentationem
903 784 979 843 hane
994 791 1146 861 ejusmodi
1161 809 1240 862 esse,
1257 811 1321 867 qua
1335 796 1384 851 uix
1398 796 1451 853 ulli
1476 817 1511 858 ex
1534 806 1601 864 aliis
1614 811 1816 868 ambrosianis
1831 828 1880 869 ce.

155 870 282 1029 daltpssm
298 972 382 1028 porro
398 964 511 1015 constat
524 960 588 1017 libri
604 955 734 1015 nomine
758 959 945 1032 appellatam,
966 980 1024 1020 non
1050 967 1157 1021 sotum
1183 973 1269 1026 atate
1290 972 1455 1031 Cassiodori
1479 977 1541 1046 (lib.
1558 987 1595 1041 De
1615 986 1681 1042 last.
1695 988 1750 1043 diri.
1770 1004 1834 1061 cap.
1850 990 1879 1061 5)

151 1045 348 1117 ethugustini
373 1044 434 1114 (lib.
461 1064 470 1101 1
494 1049 583 1104 doctr.
602 1049 653 1119 sul.
671 1047 1033 1117 Percrp.‚o.e,ett.11‚a
1051 1055 1081 1121 5)
1102 1072 1112 1109 t
1135 1056 1188 1109 sed
1215 1060 1306 1114 etiam
1336 1062 1373 1115 ab
1399 1062 1525 1134 ipsomet
1551 1074 1704 1129 Ambrosio
1732 1074 1763 1129 iu
1792 1091 1879 1146 opere

149 1133 283 1207 sequenti
298 1133 352 1189 sub
367 1132 421 1188 hac
437 1134 623 1207 inscriptione
638 1135 736 1190 luisse
752 1139 1062 1195 memoratamUtrum
1080 1157 1163 1195 veru
1177 1147 1333 1204 conciones
1348 1150 1457 1209 luerint
1467 1173 1530 1228 quae
1540 1162 1676 1232 primitus
1687 1165 1722 1218 ad
1734 1163 1878 1235 populum

148 1222 252 1281 babil&
269 1222 299 1276 in
317 1221 393 1276 hunc
410 1221 520 1277 librum
536 1231 635 1294 postea
649 1224 868 1281 transformatae
884 1226 953 1293 sint,
970 1230 1147 1283 obscurius
1161 1238 1215 1288 est.
1231 1236 1304 1291 Cum
1317 1237 1395 1293 enim
1418 1258 1484 1302 sum
1509 1249 1599 1306 ferme
1624 1250 1697 1306 „ihil
1720 1249 1799 1307 aliud
1812 1265 1880 1307 0330

148 1316 344 1375 advertamus,
360 1326 452 1381 quam
475 1312 590 1368 brevem
615 1312 729 1369 Cantici
755 1313 935 1369 cantieorum
952 1314 1186 1388 paraphrasim,
1204 1323 1232 1378 id
1259 1334 1466 1397 argumentum
1490 1353 1572 1393 sacro
1596 1339 1746 1411 suggestui
1770 1352 1877 1411 parum

146 1398 306 1458 admodum
322 1398 440 1453 videtur
454 1400 618 1456 convenire.
632 1400 840 1457 Verumtamen
857 1408 889 1457 ut
902 1420 958 1459 non
979 1403 1063 1461 aliter
1078 1405 1144 1460 hic
1160 1413 1248 1482 etque
1264 1413 1293 1467 in
1309 1412 1390 1472 libris
1405 1421 1440 1474 lle
1454 1424 1590 1481 Abrohom
1606 1429 1714 1481 iactum
1725 1430 1876 1497 putemus,

143 1498 204 1547 turn
220 1505 323 1546 eorum
341 1488 419 1543 inter
434 1504 469 1543 se
484 1490 687 1546 convenientia
701 1489 887 1561 adducimur,
903 1496 966 1547 tum
982 1493 1070 1548 etiarn
1096 1500 1261 1569 preceptis
1277 1501 1312 1554 ad
1328 1506 1494 1567 auditorum
1510 1513 1723 1569 institutifflwm
1748 1513 1877 1567 maxime

142 1576 350 1645 accommodis,
366 1591 435 1645 quae
452 1577 626 1649 expositioni
643 1579 707 1649 ejus
723 1578 835 1635 inserts
859 1595 943 1634 nemo
967 1596 1025 1637 non
1049 1582 1274 1653 deprehendat.
1291 1588 1325 1643 et
1349 1591 1409 1650 baa
1433 1614 1522 1655 causa
1545 1606 1589 1655 ost
1611 1617 1663 1655 our
1683 1599 1875 1655 casgjodfflug

142 1672 259 1725 senmor
274 1664 336 1721 loco
350 1663 445 1718 citato
462 1663 497 1718 de
511 1662 547 1719 iis
563 1663 659 1735 quiin
676 1664 829 1721 Canticum
845 1668 1025 1723 canticorum
1041 1670 1237 1740 scripserunt
1252 1690 1352 1746 agens,
1369 1698 1458 1741 suum
1484 1688 1519 1742 de
1541 1688 1595 1743 bac
1614 1686 1710 1758 opella
1725 1684 1874 1755 judicium

142 1759 184 1815 ita
198 1753 371 1828 reliquarit;
389 1752 478 1819 trmtr,
496 1752 604 1824 iuquit,
620 1754 649 1809 S.
666 1754 825 1811 Ambrosius
848 1756 879 1809 in
906 1755 977 1839 libro
997 1759 1082 1811 tertio
1108 1759 1356 1835 Putriarrbcram,
1374 1774 1422 1827 ubi
1445 1774 1478 1830 de
1498 1791 1614 1847 persono
1636 1779 1716 1830 lacus
1738 1773 1872 1841 loquitur,

142 1846 230 1903 mutto
244 1843 392 1900 sulubriter
407 1838 618 1912 luculenterque
632 1842 773 1900 disseruit.

180 1936 244 1991 ttae
259 1930 361 1989 eadem
374 1926 497 1985 Cantica
511 1930 584 1985 totis
601 1929 702 1987 decem
718 1931 917 1987 voluminibus
932 1934 993 1986 tam
1010 1932 1191 1988 mirandum
1218 1937 1248 1991 in
1271 1945 1391 2002 modum
1407 1949 1546 2023 Origenes
1564 1950 1750 2011 enodavarst,
1767 1948 1873 1999 utnon

142 2022 294 2080 dubitaret
307 2018 501 2089 Hieronymus
518 2018 556 2073 de
574 2017 678 2074 iisdem
695 2020 822 2075 scribere
837 2020 899 2091 (Ep.
916 2019 951 2074 ad
968 2023 1132 2075 Damasum
1153 2028 1277 2096 papam)
1294 2047 1300 2085 :
1318 2031 1386 2089 Cum
1400 2040 1429 2091 in
1445 2040 1550 2095 σκιαί)
1565 2037 1645 2093 tibris
1659 2048 1752 2091 omues
1765 2030 1873 2100 vicerit,

143 2116 174 2168 in
190 2112 305 2168 cantico
319 2108 487 2163 comicorum
501 2108 602 2179 ipsese
615 2110 691 2163 vicit.
708 2108 832 2165 Maxime
857 2114 955 2164 autem
976 2106 1130 2180 probabile
1160 2114 1211 2164 est
1234 2123 1510 2185 praestantissimum
1535 2126 1590 2181 hoo
1615 2139 1689 2193 opu,
1710 2120 1741 2175 5„
1765 2132 1873 2173 manu„

143 2214 264 2273 qnoque
280 2194 427 2253 Ambrosii
442 2196 621 2268 pervenisse,
635 2212 670 2252 ac
684 2200 817 2251 sanctum
834 2197 1000 2253 Antistitem
1027 2212 1062 2250 ex
1086 2194 1251 2259 laboribus
1266 2209 1339 2264 tanti
1354 2213 1408 2268 viri
1425 2232 1442 2270 a
1457 2232 1515 2289 quo
1538 2212 1643 2283 reliqui
1661 2210 1751 2264 lerme
1771 2206 1873 2261 Patres

142 2294 207 2345 tam
223 2284 319 2342 multa
333 2287 454 2356 tamque
468 2282 611 2356 preclara
626 2284 754 2339 mutuati
768 2284 1014 2355 sunt,adjurnenti
1029 2283 1146 2355 aliquid
1163 2286 1403 2366 decerpsissent
1416 2304 1535 2373 quando
1550 2306 1717 2370 temporum
1731 2293 1873 2365 iniquitas

142 2377 321 2433 thesaurum
336 2371 418 2427 illum
435 2371 519 2427 nobis
534 2371 648 2434 invidit,
665 2388 722 2427 nou
740 2372 805 2427 licet
821 2372 981 2444 quidquem
1000 2370 1195 2443 exploratum
1219 2383 1313 2455 magis
1338 2393 1390 2442 aut
1411 2390 1629 2463 deprehensum
1655 2398 1824 2456 proponere.
1840 2381 1873 2438 si

143 2470 246 2523 umen
263 2477 365 2518 verum
382 2461 470 2517 luerit
486 2460 563 2531 quod
577 2460 720 2515 adversus
736 2460 889 2515 lirasmum
907 2466 935 2516 et
950 2460 1023 2517 alios
1037 2477 1095 2515 nou
1111 2478 1229 2532 paucos
1242 2476 1396 2530 contendit
1409 2476 1537 2536 Huetius
1552 2478 1673 2547 (dripere.
1685 2471 1779 2538 liban,
1795 2471 1811 2545 ξ
1849 2475 1872 2540 ),

144 2558 277 2625 quatuor
292 2548 510 2619 homiliasque
525 2564 593 2603 eum
610 2564 664 2603 sun
679 2548 846 2620 praelatione
862 2550 939 2604 inter
953 2548 1087 2621 Origenis
1106 2553 1201 2621 atque
1215 2556 1386 2632 Hieronymi
1412 2581 1507 2635 opem
1527 2567 1649 2629 exstant,
1666 2559 1738 2616 nulli
1752 2560 1872 2617 Petrum

144 2642 320 2697 Latinorum
336 2637 447 2703 deberi,
464 2637 512 2693 sed
529 2652 579 2692 eas
594 2636 778 2708 ipsissimum
795 2636 910 2693 initium
927 2654 990 2693 esse
1005 2637 1104 2693 decem
1119 2638 1369 2703 Orisenianorum
1385 2651 1588 2720 voluminum,
1610 2667 1682 2724 quus
1705 2648 1829 2705 Rufinus
1855 2665 1874 2705 a

146 2744 210 2800 quc
226 2725 328 2784 Latine
343 2724 463 2781 reddita
479 2728 558 2790 sunt,
577 2739 657 2779 more
672 2739 726 2778 suo
741 2724 922 2795 interpolavit
939 2740 945 2779 ε
962 2728 1014 2780 aut
1029 2726 1054 2779 si
1070 2724 1156 2781 malis
1170 2731 1281 2800 sapius
1296 2733 1417 2789 laudato
1433 2738 1573 2795 senatori
1594 2738 1733 2804 accedere,
1752 2737 1872 2795 easdem

147 2814 224 2871 nihil
242 2813 323 2869 aliud
339 2828 404 2871 esse
420 2811 578 2868 at'tlrmanti
595 2813 661 2881 (loc.
678 2812 749 2882 cit),
767 2814 822 2867 nisi
836 2812 1023 2868 distributam
1048 2812 1078 2865 in
1102 2817 1162 2868 tres
1186 2813 1286 2874 libros
1300 2822 1585 2903 amplificationem,
1601 2846 1685 2905 quam
1699 2845 1734 2885 ex
1756 2827 1873 2887 duabus

146 2902 284 2960 homiliis
298 2902 358 2958 alia
369 2900 522 2957 occasione
538 2900 574 2956 ab
587 2900 710 2973 Origene
735 2900 764 2955 in
790 2900 847 2957 duo
872 2900 969 2972 priora
995 2899 1181 2956 (leuticorum
1207 2905 1304 2975 capita
1327 2912 1528 2985 compositis,
1543 2922 1570 2974 et
1592 2924 1626 2979 ab
1647 2920 1815 2994 Hieronymo
1840 2920 1871 2978 in

147 2994 290 3049 Latinum
305 2989 409 3057 versis,
427 2989 552 3047 Rufinus
567 2988 795 3055 consarcinavit;
812 2990 847 3059 si,
862 2989 1023 3061 inquimus,
1041 2989 1146 3043 horum
1162 2988 1337 3051 alterutrum
1348 2996 1578 3067 admittendum
1593 3014 1640 3081 sit,
1656 3029 1690 3069 ex
1703 3012 1873 3071 eorumdem

146 3080 287 3153 Origenis
302 3081 536 3151 fragmentorum
549 3082 579 3133 et
593 3077 792 3133 ambrosiana
807 3077 1379 3156 commentationiscollationeintelliges
1388 3084 1475 3146 illius
1486 3099 1658 3161 methodum
1671 3122 1728 3161 non
1739 3104 1874 3178 imperim

144 3174 287 3225 sanctum
303 3169 452 3223 doctorem
467 3180 535 3222 esse
551 3164 710 3231 imitatum,
728 3166 815 3237 idque
831 3166 1006 3239 cumprimis
1021 3168 1071 3222 ubi
1086 3167 1232 3239 triplicem
1255 3173 1411 3244 scriptura
1432 3191 1560 3241 sensum
1577 3208 1681 3267 nempe
1697 3197 1872 3267 mmmmm,

146 3256 292 3315 moralem
309 3273 343 3311 ac
359 3254 515 3326 mysticum
532 3252 689 3327 distinguit
702 3260 790 3326 atque
805 3256 952 3325 edisserit;
970 3256 1105 3327 quamvis
1115 3257 1145 3310 iu
1158 3256 1225 3312 aliis
1240 3260 1391 3329 opusculis
1402 3275 1469 3330 qua
1480 3265 1627 3337 haetenus
1638 3300 1655 3338 a
1665 3283 1750 3340 nobis
1764 3288 1873 3343 emmi-

144 3352 222 3404 nata
236 3348 315 3412 sunt,
333 3344 408 3399 duos
422 3346 539 3398 tantum
555 3341 742 3413 interpretur,
760 3344 914 3415 mysticum
932 3343 1131 3411 camerulam,
1150 3344 1199 3399 ubi
1216 3350 1397 3403 tamencum
1414 3347 1471 3406 hoo
1487 3354 1594 3421 ultimo
1610 3368 1636 3425 is
1652 3387 1740 3443 quem
1751 3378 1871 3433 natum-
1956 3352 1965 3368 .

143 3437 208 3493 lem
225 3434 257 3489 in
271 3434 326 3489 hoe
342 3432 417 3487 libro
429 3431 546 3496 vocitat,
560 3430 759 3487 contunditur.

185 3529 275 3579 Porro
290 3526 323 3577 ut
337 3520 414 3576 idem
430 3525 548 3591 tempus
573 3534 606 3573 ac
629 3518 712 3575 libris
736 3520 775 3575 lle
798 3520 962 3588 abrahamo,
980 3535 1084 3592 nempe
1110 3536 1221 3575 aunum
1246 3522 1359 3577 circiter
1381 3524 1432 3578 387
1458 3526 1654 3615 huiogfflppo
1670 3549 1868 3620 assignemus,

145 3612 306 3669 faciteam
322 3608 439 3664 illorum
463 3609 541 3664 inter
555 3624 587 3663 se
607 3608 767 3676 connectio,
794 3614 857 3665 tum
882 3610 980 3681 ipsum
1004 3608 1148 3665 Ambrosii
1172 3609 1373 3665 testimonium
1403 3619 1480 3685 quod
1505 3620 1591 3684 initio
1613 3632 1681 3690 libri
1704 3638 1867 3713 delesset,

146 3704 232 3759 siout
246 3705 275 3756 et
289 3698 354 3753 libri
371 3698 561 3769 dellpsteriis,
577 3712 664 3769 quem
680 3703 777 3767 apest<
793 3705 860 3770 post
886 3714 982 3771 ipsum
1012 3697 1203 3763 elucubravit,
1232 3700 1410 3771 reperimus;
1441 3704 1500 3762 imo
1527 3728 1596 3771 vero
1622 3723 1784 3781 obscurum
1810 3746 1869 3785 non

147 3796 201 3847 est
216 3790 352 3844 sanetum
368 3784 524 3841 Praesulem
541 3785 577 3841 ad
593 3785 711 3841 eosdem
728 3802 802 3857 quus
818 3787 847 3841 in
859 3803 945 3859 opem
960 3786 1103 3859 superiori
1128 3785 1341 3859 alloquebatur,
1358 3790 1387 3845 in
1403 3791 1457 3847 hoc
1472 3795 1562 3855 etiarn
1586 3808 1676 3864 verba
1699 3812 1795 3868 lacera
1811 3832 1818 3869 :
1840 3818 1870 3871 aq

148 3876 286 3935 massari
299 3874 329 3931 in
345 3874 466 3930 dubium
484 3878 580 3946 potest
591 3878 692 3929 utrum
707 3880 774 3930 anto
789 3876 863 3932 testa
878 3875 1024 3947 paschatis
1038 3874 1068 3932 id
1083 3876 1219 3941 evenerit,
1236 3893 1273 3932 an
1289 3884 1398 3949 postea.
1423 3882 1520 3953 Ipsius
1542 3891 1662 3961 quidem
1687 3899 1868 3969 scriptionis,

148 3968 184 4023 in
202 3981 263 4037 qua
278 3964 313 4019 de
328 3960 452 4033 spiritali
470 3960 609 4033 conjugio
636 3976 694 4032 quo
716 3962 788 4017 nibil
816 3964 903 4020 habet
922 3963 1199 4035 perfectissimorum
1223 3965 1454 4043 Christianorum
1477 3972 1537 4032 vita
1550 3980 1721 4050 sublimius,
1744 3989 1870 4047 memria

148 4054 275 4110 videtur
300 4049 421 4106 indicari
445 4049 503 4105 ista
528 4066 586 4105 uon
606 4050 750 4121 pertinere
770 4052 804 4107 ad
829 4052 1064 4121 catechumenos,
1081 4057 1179 4125 utpote
1202 4056 1311 4126 quibus
1333 4066 1412 4116 certa
1431 4066 1571 4133 mysteria
1589 4072 1774 4144 tegebantur,
1794 4076 1868 4147 ipsis

152 4139 349 4217 postmodum
367 4138 428 4207 jam
448 4136 625 4211 baptismate
645 4137 768 4195 initiatis
788 4140 950 4197 revelanda.
971 4140 1000 4197 Si
1020 4144 1118 4197 tamen
1138 4160 1172 4199 ex
1191 4144 1294 4215 primis
1312 4148 1390 4203 verbi
1411 4147 1477 4204 libri
1496 4152 1529 4207 de
1547 4155 1684 4227 dysteriis
1706 4158 1867 4220 haedere

150 4238 291 4290 statuere
306 4244 358 4283 nos
372 4229 512 4298 oporteat,
530 4225 688 4282 dicendum
703 4228 758 4283 crit
777 4246 825 4285 eos
848 4229 1009 4285 etiamnum
1029 4230 1108 4286 iutra
1125 4233 1399 4291 catechumenorum
1419 4238 1552 4299 ordinem
1571 4245 1718 4303 exstitisse
1736 4252 1772 4305 ad
1791 4266 1867 4322 quos

151 4332 328 4379 sermonem
350 4316 476 4371 habebat
494 4314 679 4371 ambrosius.
701 4317 736 4371 Et
756 4316 809 4372 hoc
828 4317 890 4389 ipse
910 4320 1007 4374 lbrsen
1028 4318 1136 4389 innuit,
1157 4321 1207 4376 ubi
1228 4322 1321 4378 dicit:
1341 4328 1421 4380 Venit
1434 4328 1546 4397 pascha,
1566 4335 1641 4389 venit
1659 4338 1784 4394 remissio
1803 4354 1866 4410 pee-

151 4418 297 4473 catorum,
312 4409 362 4460 etc.
379 4406 454 4476 (cap.
472 4420 509 4470 iv,
527 4419 610 4459 num.
624 4405 680 4476 35).
699 4404 770 4461 Cum
796 4411 895 4462 sutem
913 4407 976 4477 jam
997 4405 1038 4461 illi
1065 4406 1094 4462 in
1120 4408 1352 4481 competentium
1379 4430 1534 4473 numerum
1556 4419 1586 4474 in
1611 4438 1698 4493 quom
1724 4441 1783 4480 non
1808 4427 1865 4484 nisi

149 4500 287 4557 exeunte
300 4491 523 4564 quadragesima
538 4491 778 4559 admittebantur,
794 4500 893 4549 essent
907 4493 1013 4563 allecti,
1031 4494 1151 4552 minime
1165 4497 1308 4555 dubitavit
1321 4506 1441 4558 sanctus
1465 4507 1596 4564 Antiates
1610 4511 1640 4565 in
1656 4511 1808 4582 procinctu
1827 4516 1866 4573 ad

150 4586 346 4659 baptismum
366 4581 468 4653 positis
487 4596 575 4639 saera
595 4581 685 4654 hujus
704 4582 918 4657 conjunctionis
936 4584 1085 4659 mysteria,
1101 4592 1130 4642 et
1148 4586 1255 4660 gradus
1279 4587 1388 4661 quibus
1402 4591 1438 4649 ad
1457 4608 1523 4653 eam
1540 4596 1735 4669 pervenirent,
1766 4604 1863 4661 deela-

148 4692 238 4737 rare.
