4159 6184
134 403 194 467 261
769 398 1040 470 HCXAEMERON
1063 401 1138 470 tiu.
1160 401 1211 468 vi.
1779 405 1839 469 262

135 539 303 612 prostravit,
320 540 354 594 ut
367 535 426 596 alia
438 540 539 595 ventre
553 540 667 610 repant,
684 536 742 594 alia
757 553 821 609 que
836 537 960 610 pedibus
973 542 1002 608 Α
1015 543 1044 594 et
1059 537 1083 594 si
1100 554 1173 610 qnos
1193 537 1366 610 insipientes
1391 540 1420 593 et
1445 553 1550 594 sensus
1574 537 1684 611 proprii
1707 541 1840 594 carentes

135 626 482 697 sustinentur,demcrsa
503 626 600 698 magia
623 626 806 698 quadrupedi
829 627 960 698 corporis
1015 627 1113 696 vigore
1142 626 1269 697 potuerit
1298 641 1484 698 congregare,
1499 626 1598 681 lovena
1621 641 1670 680 eos
1696 624 1841 682 illecebris

133 719 298 788 grassari
322 712 402 771 velut
424 714 512 772 affixa
539 713 625 771 terris
653 714 752 771 videas
778 730 961 786 asae,quam
1015 715 1225 786 corporalibus,
1256 713 1306 769 ubi
1335 714 1463 785 primum
1490 731 1544 770 rex
1575 714 1682 770 Christi
1711 715 1841 788 parvulis

134 803 242 862 libera.
257 803 408 876 Siquidem
428 819 496 860 cum
510 802 641 876 erigendi
655 819 689 860 sa
703 819 762 859 non
776 802 905 860 habeant
919 802 961 859 ia·
1016 803 1105 860 faerit
1119 803 1228 870 inlusa,
1243 802 1397 858 discedunt
1411 809 1497 876 atque
1512 803 1547 858 ad
1562 820 1626 858 curn
1642 821 1673 860 se
1688 804 1843 862 conferunt

136 893 292 961 mlmtem,
307 893 344 948 dc
357 895 436 948 terra
449 891 559 949 victum
576 891 741 964 requirunt,
757 895 786 948 at
806 891 918 948 ventris
932 891 963 946 in
1017 896 1220 964 matremque
1236 889 1332 962 pullos
1349 908 1419 946 suos
1434 892 1510 947 siout
1520 893 1582 948 evis
1598 899 1728 950 materno
1744 909 1843 950 umore

23 1026 24 1039 i
136 998 233 1055 quem
255 981 457 1050 deflectuntur,
487 978 564 1036 solas
596 984 761 1053 sequuntur
787 979 962 1053 voluptates.
1018 980 1230 1053 complectitur.
1246 980 1436 1051 Congregavit
1460 981 1538 1035 euim
1562 980 1842 1055 diabolusgentilos,
1893 1051 1895 1054 Ι

137 1073 230 1140 Gara,
243 1087 259 1127 o
271 1070 373 1126 bomo!
389 1070 537 1143 pecudum
558 1085 640 1125 more
660 1068 785 1125 curvari.
796 1072 869 1124 Cave
883 1084 919 1124 ne
933 1068 964 1124 in
1019 1086 1094 1142 quos
1108 1086 1167 1125 non
1183 1074 1345 1136 creaveret;
1362 1069 1413 1124 sad
1430 1069 1478 1124 ubi
1495 1069 1523 1124 in
1540 1069 1693 1142 Evangelio
1719 1086 1772 1127 suo
1794 1088 1843 1127 vo-

23 1150 24 1153 *
135 1160 353 1217 alvumtanon
369 1163 572 1231 tamcorpore,
588 1173 679 1230 quam
700 1156 964 1229 cupiditatedeiie·
1020 1175 1083 1216 cem
1099 1157 1352 1224 Christusemisit,
1370 1157 1407 1212 ad
1431 1173 1497 1212 erim
1523 1175 1553 1212 se
1578 1158 1845 1227 potissimumcon·

136 1254 216 1305 ctas.
233 1246 353 1320 Respice
364 1246 495 1320 corporis
508 1245 554 1302 tui
567 1246 703 1316 formam,
714 1251 744 1301 at
758 1245 884 1318 speciem
899 1259 966 1300 con·
1019 1247 1159 1312 tulerunt,
1177 1263 1251 1318 quos
1278 1247 1333 1302 sub
1364 1246 1466 1300 umbri
1492 1245 1605 1301 alarum
1631 1263 1751 1304 suarum
1780 1248 1844 1321 ipse

134 1339 296 1410 gronium
311 1333 381 1391 celsi
396 1334 504 1407 vigoris
517 1349 645 1390 assume.
661 1332 729 1389 aine
744 1331 807 1389 sola
827 1331 967 1388 animalia
1020 1335 1159 1409 suscepit,
1174 1339 1202 1390 et
1218 1335 1303 1390 metri
1319 1335 1398 1390 dedit
1409 1333 1541 1389 bivelesie
1558 1335 1737 1393 nutriendos.

135 1442 237 1498 prona
251 1426 410 1497 pascantur
419 1422 547 1495 (titillor
558 1427 587 1478 te
600 1421 631 1478 in
645 1422 759 1478 edendo
773 1419 882 1477 sternis
891 1419 965 1493 ipsa,
1058 1425 1102 1479 it.
1120 1425 1175 1480 beo
1192 1429 1302 1479 natura
1313 1440 1372 1478 suar
1383 1425 1529 1494 superbus
1546 1425 1652 1480 lornciu
1662 1425 1845 1500 aliarumdil)

23 1570 24 1585 ,
134 1530 232 1587 quem
247 1518 352 1569 natura
365 1511 560 1569 constravit?
573 1512 631 1568 Cur
645 1527 679 1568 ao
693 1509 848 1567 delectaris
861 1509 892 1565 in
908 1526 967 1582 quo
1022 1514 1150 1569 serarum
1176 1511 1333 1585 generibus
1357 1512 1481 1566 miscere
1506 1527 1537 1566 sc
1559 1513 1653 1568 nescit
1668 1531 1674 1569 :
1690 1515 1740 1569 sed
1761 1517 1846 1587 quasi

136 1607 256 1660 natura
269 1601 457 1674 injuriaret?
471 1604 527 1656 Cur
543 1603 644 1656 noctes
659 1605 688 1657 et
701 1600 764 1656 dias
782 1599 847 1656 cibo
872 1600 966 1654 intan-
1022 1618 1072 1658 rex
1088 1601 1209 1672 quidam
1234 1599 1429 1673 plurimorum
1453 1599 1630 1670 eledignatur
1652 1603 1844 1662 consortium.

136 1699 193 1748 tus
212 1706 351 1764 pecorum
379 1705 461 1746 more
488 1691 605 1746 terrena
628 1687 819 1763 depasceris?
833 1686 893 1743 Cur
906 1685 967 1742 illc·
1023 1689 1077 1755 Qui
1093 1689 1182 1745 etiam
1209 1688 1308 1744 cibum
1334 1687 1445 1744 fastidit
1470 1688 1650 1758 hesternum,
1667 1690 1772 1764 etipsa
1786 1709 1846 1750 aas

23 1792 24 1819 l
136 1780 241 1838 cebris
254 1777 453 1852 corporalibus
477 1777 607 1847 deditus,
622 1777 722 1850 ipsum
745 1781 774 1833 te
797 1775 967 1842 inhonoras,
1023 1795 1095 1835 asca
1111 1776 1251 1850 reliquias
1267 1781 1428 1832 aversatur.
1445 1778 1512 1841 Once
1535 1781 1632 1832 autem
1650 1795 1682 1834 se
1697 1779 1723 1836 ai
1737 1780 1848 1837 sociare

135 1871 215 1926 dum
229 1868 322 1925 ventri
337 1872 425 1940 atque
448 1867 514 1937 ejus
536 1866 725 1940 passionibus
747 1864 969 1922 deservia‘lCur
1024 1868 1086 1924 lere
1109 1868 1225 1932 audeat,
1246 1867 1332 1937 cujus
1359 1865 1420 1920 voci
1451 1871 1550 1922 tentus
1578 1867 1752 1924 naturaliter
1772 1869 1849 1926 inest

135 1956 325 2015 intellectum
352 1955 405 2012 tibi
434 1955 553 2023 adimis,
569 1970 657 2027 quem
672 1953 727 2010 tibi
743 1954 861 2010 &sator
887 1951 970 2009 attri-
986 1916 1010 1980 B
1025 1961 1134 2024 terror3
1152 1961 1185 2010 ut
1201 1955 1294 2011 multa
1314 1954 1507 2010 animantium
1525 1972 1588 2027 quer
1603 1973 1655 2028 per
1670 1956 1848 2016 celeritatem

136 2039 971 2116 buitiCurteJ'umentiscomparas,aquibuaievoluit
1024 2049 1146 2117 possent
1172 2045 1315 2117 impetum
1342 2044 1406 2114 ejus
1441 2044 1570 2110 evadere,
1606 2045 1748 2118 rugientis
1783 2048 1849 2120 ejus

138 2136 223 2192 Deus
237 2133 384 2207 segregari
407 2132 509 2189 dicens
525 2149 532 2188 ε
547 2132 639 2188 Nolite
658 2132 721 2202 ficri
742 2132 813 2187 sicut
837 2146 922 2203 equus
945 2137 971 2186 ct
1025 2133 1124 2190 sonitu
1139 2131 1218 2188 volut
1234 2132 1361 2206 quodam
1389 2132 1414 2186 ri
1440 2131 1564 2188 attonita
1584 2137 1671 2206 atque
1694 2133 1753 2191 icta
1775 2136 1849 2192 deil-

140 2224 249 2292 mutue,
274 2222 372 2295 quibus
396 2237 451 2278 nou
471 2224 512 2277 est
537 2221 692 2276 testastur
706 2219 793 2291 (Prot.
817 2236 895 2283 xxxx,
919 2217 971 2290 9)‘l
1025 2221 1125 2278 ciant?

140 2317 203 2369 Aut
215 2312 243 2368 si
257 2315 285 2366 te
300 2310 428 2367 edacitas
442 2309 511 2382 equi
525 2308 811 2381 intemperantiaque
832 2305 970 2372 delectat,
1062 2310 1181 2366 l5.Nam
1197 2311 1232 2366 de
1242 2310 1324 2382 pardi
1337 2311 1430 2382 specie
1445 2328 1495 2367 nec
1508 2311 1658 2384 Scriptura
1675 2312 1757 2383 siluit
1771 2316 1848 2387 quod

142 2409 174 2459 et
190 2398 347 2456 adhinnire
370 2399 405 2455 ad
429 2398 554 2455 laminas
569 2396 711 2470 voluptati
726 2401 780 2464 est,
797 2395 920 2452 delectet
942 2395 970 2449 in
1025 2398 1164 2454 uarietate
1179 2397 1284 2454 coloris
1309 2404 1406 2456 motus
1430 2399 1523 2455 varios
1539 2400 1643 2456 anima
1659 2419 1718 2458 suae
1734 2405 1847 2475 prodat.

143 2492 230 2546 freno
256 2487 392 2544 maxillas
406 2491 474 2544 tuas
499 2502 642 2559 camoque
666 2484 837 2558 constringi.
853 2482 883 2540 Si
905 2500 970 2539 cru·
1025 2487 1101 2542 Dicit
1121 2486 1199 2542 enim
1225 2487 1366 2543 ieremias
1394 2503 1400 2543 :
1426 2487 1456 2542 Si
1480 2490 1598 2545 ructabit
1612 2492 1734 2564 AEtliicps
1751 2495 1850 2566 pellem

142 2578 253 2636 delitus
266 2576 413 2650 tepescit,
430 2577 558 2633 ferarum
573 2575 634 2633 bac
648 2575 746 2632 rabies
759 2578 815 2643 eat,
827 2590 891 2646 quoe
906 2589 972 2645 pro·
1025 2591 1115 2644 suom,
1140 2583 1165 2630 ct
1187 2573 1289 2646 perdas
1311 2577 1471 2631 caudatam
1493 2593 1570 2631 sacru
1591 2579 1698 2648 (ierem.
1714 2597 1775 2647 xrn,
1791 2584 1848 2655 23).

141 2673 210 2741 pter
221 2666 364 2724 sarritiam
379 2664 577 2733 trucidantur;
596 2663 662 2721 vide
689 2680 727 2721 ue
751 2664 780 2719 in
803 2667 831 2718 te
854 2678 972 2734 qnoque
1025 2664 1088 2718 Non
1105 2662 1200 2718 solum
1215 2662 1293 2719 enim
1310 2664 1345 2719 de
1361 2663 1464 2736 figura,
1477 2664 1527 2720 sed
1539 2665 1626 2721 etiam
1640 2667 1677 2722 de
1687 2668 1849 2726 mobilitate

143 2755 330 2814 crudelitatis
344 2758 402 2810 tua
416 2759 548 2810 vertatur
562 2752 744 2809 immanitas.
1025 2751 1133 2807 iuroris
1161 2751 1239 2807 istud
1267 2752 1424 2824 accipitur3
1450 2769 1483 2808 eo
1512 2753 1589 2824 quod
1624 2757 1789 2813 tenebrosis
1820 2759 1849 2813 et

179 2843 225 2907 ll.
242 2844 326 2917 Piger
339 2843 453 2910 asinus,
469 2846 499 2898 at
521 2842 671 2914 expositus
693 2841 729 2897 ad
756 2840 883 2913 pradum
899 2840 969 2911 (62),
1025 2839 1165 2912 inquietis
1180 2856 1213 2895 ac
1228 2839 1387 2896 mobilibus
1410 2839 1505 2896 insides
1529 2843 1636 2899 mentis
1651 2847 1738 2916 atque
1758 2844 1848 2901 animi

143 2947 295 3004 sensuque
310 2931 422 2988 tardior
445 2930 516 3003 quid
531 2929 611 2986 aliud
633 2929 728 2996 docet,
744 2927 801 2986 nisi
818 2946 872 2986 noa
892 2928 970 2985 viva·
1026 2929 1238 2985 mutationibus
1253 2928 1436 2985 decoloratus
1451 2930 1577 3002 populns
1591 2932 1759 2989 iudeorum
1780 2935 1849 2991 boni

143 3023 239 3078 cieras
253 3037 318 3076 essa
332 3020 448 3087 daborc,
465 3035 518 3074 uec
542 3017 658 3074 desidia
680 3013 809 3089 chrporis
822 3016 971 3088 animique
1023 3017 1164 3091 propositi
1182 3018 1305 3091 gratiam
1328 3019 1391 3089 jam
1416 3023 1514 3074 tenero
1538 3036 1596 3076 non
1620 3022 1723 3093 possit,
1739 3038 1792 3080 nec
1811 3024 1848 3080 ed

144 3111 320 3184 pigrescere,
335 3108 492 3182 confugere
506 3107 542 3163 ad
559 3106 656 3175 fidem,
672 3122 737 3178 quae
761 3122 856 3176 onera,
872 3104 972 3179 mavia
1024 3105 1258 3163 emendationem
1273 3105 1365 3162 ullam
1380 3107 1645 3181 correctionemque
1655 3112 1849 3185 remeare,qui

145 3199 271 3256 allevare
285 3196 487 3254 consueverit?
1025 3193 1116 3251 semel
1132 3193 1256 3250 ferinam
1272 3194 1635 3253 indueritimmanitatcm.

186 3288 229 3341 12.
243 3285 443 3343 Fraudulenta
456 3283 560 3357 vulpes
574 3284 663 3340 foveis
678 3301 710 3340 se
723 3282 913 3356 latibulisque
925 3283 972 3339 de·
986 3280 1007 3348 C
1346 3309 1464 3366 CppUp
1481 3309 1528 3367 lv¹

147 3392 295 3450 m⁸ffl⁰¹¹⁸¹
309 3391 403 3431 ”⁰⁰⁰⁰
417 3374 527 3430 ¹⁰d¹⁰¹⁰
539 3376 584 3430 m
598 3373 814 3473 ¹¹¹ff⁰⁰tff⁰⁸¹¹m
829 3387 893 3428 ⁰⁸⁸⁰
908 3389 971 3428 ⁸¹¹¹·
1024 3399 1061 3454 Dc
1080 3400 1153 3453 mira
1174 3397 1265 3454 indole
1286 3400 1483 3455 aununtiarem
1504 3401 1670 3457 animalium
1686 3403 1714 3458 iu
1730 3404 1850 3460 citandis

146 3464 218 3533 mai,
242 3463 369 3536 odioque
396 3462 520 3536 dignum
535 3465 656 3534 propter
669 3475 815 3532 rapinam,
831 3460 970 3532 despectu
1060 3471 1328 3540 recesseruntque
1342 3470 1459 3526 stilicus
1473 3474 1686 3542 prosequendae
1702 3481 1727 3530 et
1746 3475 1778 3530 ce
1801 3491 1851 3531 ua·

149 3557 266 3626 propter
279 3550 492 3618 infirmitatem,
504 3549 607 3606 etideo
622 3566 682 3606 suae
697 3548 848 3604 incautum
864 3547 971 3604 salutis
1060 3541 1200 3596 teretibus
1215 3541 1363 3596 virtutibus
1378 3543 1558 3612 quesieritis
1574 3546 1681 3600 imitari
1702 3561 1750 3602 uos
1770 3562 1849 3618 opor·

149 3643 220 3698 num
233 3640 392 3697 sustantur
406 3637 528 3695 urens?
1062 3616 1126 3667 2⁶⁰²·

182 3730 227 3786 ta.
243 3728 393 3787 Perdicem
408 3731 538 3784 astutam
553 3742 616 3798 quar
632 3725 689 3799 (63)
704 3724 800 3781 aliana
823 3741 876 3782 ova
899 3724 970 3781 diri·
1061 3727 1105 3782 iu.
1124 3727 1175 3782 Est
1194 3729 1293 3782 tamen
1318 3725 1406 3782 ctiam
1429 3726 1460 3781 in
1484 3731 1590 3784 natura
1613 3731 1849 3804 quadrupedum,

147 3819 218 3892 piat.
235 3818 291 3875 hoc
317 3821 371 3885 cst,
388 3815 516 3889 perdicis
537 3814 659 3871 alteriue
682 3820 712 3870 et
734 3829 854 3886 corpore
878 3814 972 3869 lovcal
1027 3816 1105 3886 quod
1129 3814 1238 3871 imitari
1263 3829 1316 3870 nos
1340 3831 1436 3871 sermo
1462 3814 1633 3873 adhortetur
1650 3819 1848 3891 propheticus,

148 3925 201 3965 auo
215 3924 224 3966 τ
240 3907 293 3964 sed
307 3905 419 3965 iraudis
441 3921 501 3960 sua
526 3904 655 3959 fructum
669 3903 777 3960 babere
792 3919 850 3958 non
865 3918 970 3975 possa,
1026 3918 1084 3975 quo
1098 3902 1230 3974 exemplo
1244 3918 1400 3960 caveamus
1421 3903 1575 3970 desidiam,
1593 3909 1621 3960 ot
1635 3906 1792 3978 exiguitate
1807 3907 1849 3962 val

148 3996 217 4069 qnia
229 4011 298 4051 cum
312 3991 552 4065 eduxeritpullos
575 4007 656 4059 suos,
679 3990 789 4048 amittit
812 4007 881 4060 aos;
902 3991 972 4063 quia
1026 3990 1197 4047 infirmitate
1207 3991 1337 4064 corporis
1353 4009 1370 4048 a
1384 3992 1501 4048 virtutis
1517 3993 1614 4048 studio
1638 4010 1695 4050 non
1720 3994 1850 4051 redacta·

149 4085 198 4140 ubi
211 4099 313 4139 vocam
329 4083 393 4153 ejus
408 4079 555 4137 audierint
564 4096 629 4152 qua
643 4096 695 4136 ova
710 4077 972 4152 generavit,relicta
1025 4095 1200 4152 munusque
1211 4097 1381 4136 revocemur
1395 4082 1431 4137 ab
1448 4080 1536 4137 ullius
1552 4082 1693 4154 propositi
1705 4083 1852 4156 magnitu-

148 4174 232 4230 easd
246 4171 330 4229 illam
345 4187 377 4227 se
390 4168 516 4226 naturali
529 4169 657 4240 quodam
677 4184 797 4225 munere
820 4171 850 4224 et
873 4182 971 4224 amore
1025 4167 1105 4223 dina.
1129 4168 1240 4240 Exigua
1263 4173 1308 4224 est
1333 4168 1639 4242 opinionesque
1663 4172 1775 4243 majora
1788 4171 1850 4229 suis

150 4263 313 4329 conferunt,
328 4275 417 4333 quam
432 4274 531 4315 veram
545 4257 602 4314 albi
617 4261 741 4313 matrem
753 4273 873 4313 ovorum
888 4271 972 4329 geue-
1026 4255 1114 4311 audet
1127 4255 1254 4324 viribua3
1271 4272 1366 4328 nequa
1390 4257 1507 4313 servitiu
1523 4258 1556 4314 ed
1574 4260 1753 4332 operandum
1771 4261 1850 4333 cogi·

149 4351 261 4407 mione
288 4347 487 4422 cognoverint,
517 4345 717 4419 significantes
742 4344 819 4401 hanc
849 4343 972 4400 nutricis
1026 4347 1084 4410 tur,
1100 4344 1150 4400 sed
1166 4348 1332 4415 spontanee
1349 4346 1497 4418 proposito
1513 4347 1726 4419 prospicientiae
1751 4349 1852 4422 lutura

148 4438 232 4511 longi
247 4437 355 4506 officio,
370 4435 452 4492 illam
467 4435 608 4508 parentis.
625 4434 726 4505 Itaque
740 4433 890 4490 incassum
904 4449 971 4505 pro-
1026 4431 1234 4488 alimentorum
1250 4432 1383 4489 subsidia
1398 4434 1452 4490 sibi
1468 4437 1624 4506 prastruit.
1636 4437 1726 4508 Cujus
1742 4443 1775 4494 nt
1786 4437 1852 4495 imi-

147 4527 228 4598 prioa
243 4526 342 4582 lundit
357 4524 481 4594 labores,
497 4540 531 4580 ac
546 4522 659 4579 fraudis
674 4539 733 4578 suae
748 4521 841 4594 pretio
852 4521 973 4577 mulcta·
1026 4519 1099 4576 teris
1113 4519 1289 4576 industriam
1317 4521 1469 4593 Scriptura
1498 4528 1664 4581 commonet
1680 4515 1825 4583 te'dicens
1842 4544 1850 4583 τ

147 4619 206 4670 tur.
228 4613 312 4670 Unde
334 4617 364 4669 et
385 4611 529 4669 Jeremias
552 4611 594 4668 ait
618 4629 625 4666 :
651 4610 786 4666 Clamauit
805 4609 915 4683 podes,
943 4612 972 4664 et
985 4644 1009 4709 D
1028 4608 1127 4680 Confer
1151 4613 1176 4664 te
1198 4609 1233 4664 ad
1257 4610 1413 4681 formicam,
1437 4626 1452 4666 0
1473 4611 1563 4682 piper,
1587 4615 1613 4667 et
1634 4615 1769 4670 aemulcre
1793 4615 1851 4670 vias

147 4704 322 4774 mensuit
335 4717 395 4773 quse
407 4699 792 4772 non.pcpcrit(}crcm.xv1r,
808 4697 900 4769 ll),id
915 4700 969 4767 est,
1027 4699 1096 4769 ejus,
1120 4700 1145 4752 et
1168 4701 1222 4753 esto
1237 4697 1287 4752 itta
1314 4699 1463 4769 sapientior
1477 4701 1568 4771 (Pron.
1589 4717 1626 4768 vr,
1651 4702 1691 4773 6.)
1707 4701 1757 4758 illa
1771 4702 1849 4758 enim

147 4807 202 4847 ora
214 4790 442 4863 congravaritet
456 4788 592 4845 clamavit
606 4787 691 4860 quasi
708 4803 800 4843 ovans
823 4803 883 4844 suae
898 4786 973 4842 frau·
1027 4785 1139 4842 nullam
1155 4784 1299 4841 culturam
1315 4786 1455 4858 possidet.
1468 4804 1562 4860 neque
1573 4805 1640 4844 eum
1656 4789 1705 4861 qui
1720 4805 1751 4844 se
1766 4792 1850 4860 cogat

147 4880 194 4937 dis
206 4879 323 4936 ellectu.
338 4879 392 4935 Sed
407 4878 484 4934 ludit
496 4893 630 4950 operam,
647 4876 717 4949 qnia
731 4876 864 4949 impenso
874 4875 974 4931 labore
1027 4873 1139 4930 habens
1153 4890 1248 4946 neque
1270 4874 1326 4929 sub
1349 4875 1467 4932 domiuo
1483 4893 1584 4948 agens,
1599 4876 1849 4948 quemadmodum

147 4967 197 5024 alii
209 4968 319 5036 educit,
335 4984 411 5040 quoa
433 4966 499 5039 ipsa
526 4965 765 5022 diuturnam
782 4965 843 5020 iota
866 4962 973 5020 seduli·
1027 4966 1172 5034 praeparat
1186 4977 1361 5034 escamque
1372 4962 1475 5019 deluis
1489 4963 1639 5020 laboribus
1651 4963 1705 5019 sibi
1722 4979 1848 5022 messem

146 5057 218 5114 tatis
242 5055 426 5113 animaverit.
443 5055 537 5126 liujus
551 5053 682 5110 imitator
696 5057 741 5109 est
755 5050 900 5122 diabulus,
922 5051 973 5124 qui
1027 5049 1175 5117 recondit;
1192 5054 1220 5106 et
1234 5066 1301 5106 cum
1317 5054 1349 5106 tu
1364 5050 1535 5124 plerumque
1550 5068 1645 5124 egeas,
1662 5050 1712 5106 illa
1728 5068 1785 5107 non
1800 5052 1849 5109 in-

146 5145 351 5217 generationes
375 5143 520 5200 Crantoris
550 5141 649 5199 nterm
679 5157 780 5213 rapere
811 5141 972 5209 contendit,
1027 5139 1116 5211 diget.
1133 5137 1302 5194 Nullasunt
1317 5139 1343 5195 ei
1363 5139 1464 5196 clausa
1490 5136 1702 5205 borrenunlhe
1717 5139 1847 5214 impene-

182 5297 240 5369 (tt)
256 5297 332 5353 unit.
348 5301 377 5352 et
391 5294 477 5369 pauci
492 5311 577 5365 msa,
593 5293 624 5350 Si
647 5294 704 5349 solu
727 5292 863 5348 animalia
884 5309 972 5364 prorsa
1026 5288 1134 5345 nilesta
1147 5289 1267 5362 quidam
1280 5289 1327 5344 hic
1342 5288 1453 5361 ellipsis
1469 5293 1523 5354 est,
1535 5305 1598 5370 quar
1614 5289 1741 5372 suppleri
1754 5295 1849 5362 potest

143 5378 306 5439 pmcuntur.
321 5367 377 5424 dlii
409 5367 488 5423 iures
503 5381 537 5422 ac
551 5364 697 5427 meliores,
716 5365 777 5420 stuc
798 5379 854 5435 qua
876 5363 970 5420 sola...
1026 5377 1079 5434 por
1092 5362 1189 5428 verba,
1205 5362 1340 5427 nouimus,
1353 5361 1456 5431 serunt,
1475 5363 1526 5414 aut
1551 5360 1630 5416 ahud
1656 5362 1768 5430 simile3
1794 5381 1848 5419 nos

141 5445 307 5508 pascuntur,
325 5385 759 5512 quidmpasceurucomnium
774 5434 883 5506 optime
900 5433 970 5490 Ben.
1026 5433 1154 5515 auctoris
1170 5436 1280 5514 textum
1294 5435 1328 5484 ut
1342 5430 1372 5484 in
1396 5430 1525 5502 antiquis
1551 5448 1621 5486 mss.
1639 5437 1668 5488 et
1683 5433 1751 5489 edit.
1769 5434 1847 5492 inve-

143 5515 174 5564 ct
190 5511 290 5567 Germ.
306 5515 340 5566 nt
355 5526 410 5566 noa
423 5510 454 5564 in
469 5513 561 5564 textu.
1026 5509 1116 5571 nitur,
1133 5503 1313 5559 exhibemus.

180 5581 237 5653 (62)
254 5581 350 5638 Codex
367 5581 433 5636 Vat.
458 5597 546 5649 uuus,
567 5587 594 5636 ct
616 5577 753 5650 expositus
781 5574 817 5630 ad
838 5574 969 5647 pondera.
1062 5576 1118 5647 (aa)
1135 5576 1176 5630 lta
1200 5588 1271 5656 mss.
1297 5573 1355 5626 iere
1379 5571 1571 5656 omncs3dlii,
1588 5575 1781 5660 atqucledit„
1797 5578 1848 5633 Lao

141 5649 231 5710 Rom.
248 5653 318 5709 adit.
334 5657 362 5710 ct
372 5652 409 5708 cd
420 5668 489 5709 curu
502 5652 650 5724 expetitus.
1024 5654 1135 5708 encra
1148 5659 1208 5706 auae
1221 5659 1248 5704 vt
1262 5642 1397 5724 tumltu
1409 5645 1579 5728 [eructuem
1589 5662 1633 5710 rat
1648 5647 1780 5720 altarum,
1792 5655 1846 5712 etc.

180 5723 238 5807 (63)
263 5723 443 5798 ueneat,
456 5726 577 5788 mutam
599 5720 722 5786 mimus
743 5735 814 5800 qua,
837 5721 893 5782 ato.
909 5717 971 5781 ida·
