4159 6184
216 376 300 454 sn
959 368 1218 452 ·s.-smacso
1867 393 1925 464 aa

237 519 433 597 interemptis,
452 520 602 581 ‘derelictas
623 528 663 580 ert
685 521 739 578 Noc
759 520 834 578 sotto
856 520 888 578 ic
915 537 980 577 orco
1002 535 1065 576 cum
1078 518 1108 587 A
1122 516 1340 580 dimicationem
1355 521 1511 598 utriusque
1525 522 1618 598 partis
1637 528 1825 584 assumerent.
1839 527 1870 586 ln
1882 528 1926 589 bis

238 611 276 669 so
298 614 349 685 qai
372 629 435 669 cum
459 614 517 685 ipso
537 619 617 669 mont
631 611 707 684 (Gen.
723 628 773 678 vu,
790 611 848 683 23).
864 611 928 666 Non
955 609 1067 681 indiget
1121 611 1239 685 scriptis
1261 612 1352 669 series
1376 612 1590 671 manifestatur.
1606 613 1713 671 Altiore
1736 620 1830 673 autem
1847 634 1925 677 sensu

236 697 479 775 interpretatione
493 717 590 758 sermo
610 698 780 773 simplicior.
804 699 957 755 Concurrit
979 697 1065 754 intel·
1120 702 1232 757 eertum
1261 705 1306 757 cst
1334 702 1412 775 quod
1436 702 1538 774 justus
1566 703 1596 759 in
1624 703 1719 759 medio
1738 703 1927 763 babetnonin

236 788 332 848 lectus
346 806 414 848 cum
428 789 534 847 littera.
548 788 642 845 Altior
662 791 760 845 autem
783 793 812 845 et
833 787 955 844 interior
977 786 1068 861 signi.
1120 794 1204 863 parte
1218 790 1408 863 cogitationes
1422 790 1519 873 cordis
1534 792 1641 849 suiset
1656 792 1750 865 quoad
1766 794 1854 867 carpit
1862 793 1929 853 bano

236 877 336 937 dontio
363 880 546 951 demonstrat
565 878 681 951 justum
709 877 816 945 virum,
845 880 1066 949 amatoremque
1120 878 1210 935 vitem
1226 877 1333 935 babeat
1347 896 1465 937 necasse
1485 883 1532 937 est
1554 880 1585 937 iu
1609 896 1729 954 corpore
1750 884 1883 955 tanquam
1902 884 1929 941 in

239 968 400 1042 sapientis,
417 970 559 1040 tanquam
573 966 707 1023 arborem
730 966 921 1034 fructuosam,
937 965 1066 1021 interne·
1120 963 1172 1022 illa
1199 982 1267 1023 aros
1292 967 1402 1024 bestias
1425 982 1539 1043 graves.
1565 964 1653 1025 Nulla
1678 968 1757 1026 enim
1780 984 1861 1027 mens
1882 976 1930 1038 c‘st,

239 1057 314 1114 catis
338 1072 402 1129 que
424 1071 523 1112 escum
545 1057 610 1128 ejus
633 1055 766 1112 solebant
789 1054 934 1120 arrodere,
949 1070 1065 1111 comam
1120 1053 1202 1112 nulla
1229 1055 1418 1129 animaque
1446 1072 1505 1113 non
1534 1057 1655 1131 recipiat
1681 1058 1768 1115 etiam
1797 1058 1931 1115 malarum

239 1144 426 1213 obumbrare,
452 1147 599 1201 coarctare
623 1160 778 1219 processus
802 1159 963 1212 ramorum,
986 1141 1066 1200 velut
1120 1148 1219 1201 nrotus
1246 1149 1376 1215 agrestes
1406 1146 1626 1221 cogitationum.
1649 1150 1750 1220 ltaque
1777 1147 1932 1221 insipientis

238 1236 384 1291 exsortem
400 1233 646 1290 irrationabilium
660 1233 832 1306 passionum
841 1231 937 1288 solum
949 1247 1064 1288 mmnn-
1120 1233 1220 1290 anima
1244 1233 1352 1290 ferinos
1376 1235 1456 1292 acuit
1483 1238 1592 1304 motus,
1616 1238 1703 1308 atque
1724 1234 1820 1293 adolet
1832 1252 1934 1294 venena

239 1323 315 1381 sisse
335 1336 403 1380 cum
427 1324 500 1379 suis.
515 1322 566 1379 Sui
588 1325 686 1379 eutem
710 1325 780 1379 sunt
791 1322 847 1395 (iol
869 1336 949 1393 pura
973 1319 1064 1377 animi
1119 1326 1289 1396 serpentum
1305 1340 1312 1378 ι
1328 1324 1469 1395 sapientis
1482 1327 1579 1381 aulem
1594 1324 1678 1397 vigor
1691 1324 1807 1399 mitigat
1818 1330 1847 1382 st
1860 1342 1933 1383 coer·

240 1411 476 1485 disceptationes,
502 1427 566 1484 qua
589 1411 690 1467 virtuti
724 1409 901 1466 adhereant.
932 1410 967 1465 iit
992 1409 1066 1466 bene
1120 1414 1175 1465 oet.

239 1500 353 1559 eddidit
380 1501 410 1557 in
439 1517 507 1556 arca
534 1499 722 1567 remansisse,
745 1499 831 1572 quasi
852 1499 901 1555 vix
927 1497 1066 1555 credibile
1154 1498 1200 1553 58.
1216 1500 1249 1554 lit
1263 1498 1376 1555 induxit
1398 1502 1529 1557 Dominus
1552 1502 1681 1573 spiritum
1696 1518 1779 1575 saper
1793 1510 1936 1573 tenumet

239 1590 401 1664 amputatis
415 1588 616 1662 corporalibus
631 1588 819 1661 passionibus
831 1587 980 1644 videretur
996 1603 1065 1643 eum
1120 1588 1234 1643 cessauit
1257 1604 1328 1661 aquo
1344 1588 1419 1659 (dea.
1443 1604 1505 1660 vrri,
1528 1589 1569 1662 l).
1594 1590 1655 1647 Non
1678 1594 1750 1663 puto
1774 1590 1829 1649 boo
1844 1592 1884 1649 ita
1897 1593 1935 1648 di·

240 1676 337 1735 sdhuc
360 1677 471 1735 versari
495 1677 525 1732 in
552 1692 691 1749 corpore3
709 1691 768 1749 quo
782 1675 850 1732 licet
859 1676 923 1749 jam
942 1675 1067 1732 morenis
1120 1680 1212 1744 ctum,
1227 1680 1262 1732 ut
1275 1676 1396 1750 spiritus
1411 1677 1529 1735 nomine
1545 1682 1665 1735 ventum
1681 1679 1870 1753 accipiamus.
1884 1682 1937 1738 Ne-

242 1771 354 1825 ctreret
368 1765 523 1838 contagiis,
542 1765 742 1838 incorruptam
772 1764 849 1833 licet,
869 1764 998 1837 corporis
1021 1768 1066 1820 ta-
1121 1782 1178 1840 que
1202 1766 1280 1822 enim
1304 1770 1408 1823 venius
1431 1770 1545 1839 poterat
1565 1766 1674 1826 siccare
1695 1768 1849 1825 diluvium.
1865 1770 1937 1827 Alio·

240 1870 309 1911 mau
331 1855 428 1911 adbuc
452 1853 649 1911 substantiam
676 1854 864 1910 reservabat:
880 1858 910 1910 et
922 1852 1002 1910 velut
1020 1853 1105 1945 in·3B
1120 1854 1192 1928 quin
1208 1870 1276 1911 cum
1289 1870 1371 1912 mare
1394 1856 1489 1913 ventis
1512 1856 1675 1931 mugitetur
1688 1856 1832 1931 quotidie,
1847 1858 1940 1915 axina

240 1958 398 2016 corporeus
413 1943 443 1999 in
458 1958 587 2016 corpore,
613 1942 851 2016 superierebatur
865 1941 985 2009 diluvio,
1005 1956 1064 1998 non
1119 1944 1233 2000 niratur
1247 1944 1385 2016 profecto.
1401 1944 1473 2003 Num
1498 1946 1647 2019 quomodo
1676 1962 1735 2003 uon
1759 1953 1941 2004 evacuaretur

239 2032 468 2101 absorbebatur;
483 2048 589 2105 corpus
610 2031 729 2105 quidem
753 2047 857 2105 gerens
871 2031 956 2104 quasi
971 2031 1002 2089 iu
1017 2040 1065 2089 a'r·
1119 2048 1200 2089 mare
1231 2036 1384 2089 ventorum
1412 2034 1451 2103 vi,
1472 2033 1519 2090 cui
1547 2033 1684 2091 cessisset
1713 2038 1777 2092 toto
1806 2035 1940 2092 dimisum

239 2138 280 2179 ca
295 2121 409 2195 positus
423 2122 548 2189 interno,
565 2122 616 2177 sed
633 2122 683 2193 qui
698 2137 804 2194 corpus
819 2121 929 2194 ipsum,
944 2121 1064 2195 insups-
1118 2122 1189 2179 orbe
1215 2120 1359 2179 diluuium
1387 2138 1481 2196 usque
1506 2123 1541 2180 ad
1565 2122 1710 2193 Herculis,
1736 2127 1771 2180 ut
1794 2125 1887 2193 aiunt,
1902 2140 1942 2181 co-

238 2210 343 2269 rabilis
366 2209 564 2284 passionibus,
580 2209 665 2283 quasi
688 2210 888 2284 incorporeus,
912 2209 943 2266 iu
966 2210 1064 2268 medio
1119 2209 1247 2279 lumnas,
1263 2214 1292 2267 et
1306 2227 1387 2268 mare
1401 2210 1540 2285 Magnum
1557 2212 1641 2269 tectis
1655 2212 1807 2269 montium
1821 2212 1941 2270 excelso·

238 2303 388 2360 tautorum
404 2303 539 2357 motuum
552 2300 738 2374 gubernaret.
1119 2316 1183 2356 rum
1209 2300 1366 2357 verticibus
1389 2300 1573 2357 exastuans?
1592 2300 1722 2373 Spiritus
1746 2300 1840 2375 igitur
1858 2302 1942 2358 divim

547 2432 665 2489 CAPUT
683 2432 745 2489 XVI
1117 2388 1223 2445 virtute
1246 2389 1302 2461 (tl)
1331 2387 1471 2446 invisibili
1500 2388 1643 2446 diluvium
1672 2388 1750 2445 illud
1781 2404 1942 2462 repressum

237 2523 295 2582 cur
307 2521 410 2580 Mum
430 2523 467 2578 m
491 2540 502 2577 .·
525 2522 638 2578 Memor
658 2521 714 2578 fuit
738 2520 881 2579 Dominus
898 2521 968 2589 Noe,
983 2524 1064 2579 mua
1117 2492 1182 2535 esse
1196 2494 1255 2534 non
1271 2477 1395 2534 dubium
1410 2481 1465 2545 cst,
1478 2476 1587 2535 coelesli
1603 2478 1853 2552 operatione,non
1866 2478 1942 2535 datu.

273 2594 332 2682 φ),
352 2595 448 2650 mm
471 2609 504 2648 a,
526 2593 649 2665 ΝΜ
672 2594 731 2666 eju,
750 2596 823 2666 sada
844 2595 991 2650 mentm
1008 2594 1064 2650 Cu,
1116 2566 1198 2624 Unde
1210 2566 1353 2640 scriptum
1368 2569 1413 2623 est
1428 2584 1434 2623 :
1449 2567 1547 2624 Omnia
1570 2584 1589 2622 o
1611 2570 1638 2623 tc
1660 2575 1881 2641 exspectantes
1902 2568 1943 2624 dcc

273 2668 341 2721 aaa
355 2666 447 2721 bestia
459 2666 540 2736 priua
553 2680 637 2736 qaam
651 2665 775 2727 iumento
788 2666 931 2721 nominato
944 2666 1001 2720 ant
1010 2686 1021 2733 ;
1037 2674 1063 2722 ar
1115 2657 1163 2713 illi
1182 2657 1275 2713 cibam
1298 2657 1328 2711 in
1348 2664 1466 2729 tempore
1478 2674 1489 2711 .·
1503 2658 1643 2729 operiente
1667 2664 1692 2714 tc
1718 2672 1841 2714 monum
1863 2660 1944 2725 tuom,

271 2737 362 2807 quotu
375 2737 490 2809 illinisti
503 2752 587 2810 iuim
600 2744 703 2792 imam
717 2736 853 2805 inmitti,
868 2742 901 2792 “l
910 2748 992 2808 “tw
1004 2752 1061 2793 00⁸·
1116 2746 1210 2802 omnic
1224 2746 1412 2818 implebantur
1425 2746 1553 2803 bonitate.
1568 2746 1679 2819 Ausees
1692 2748 1832 2819 spiritum
1845 2762 1944 2814 eoram,

270 2815 375 2865 imm·
1114 2838 1142 2891 et
1152 2835 1287 2906 deficient,
1302 2837 1329 2891 et
1343 2836 1374 2890 in
1388 2834 1529 2907 puluerem
1540 2850 1623 2891 suum
1636 2842 1845 2894 convertentia.
1867 2836 1946 2892 Emit·

271 2924 319 2980 56.
347 2924 449 2978 liemor
474 2924 529 2992 fuit
554 2924 686 2979 Dominae
705 2922 770 2990 Noc,
795 2931 820 2979 et
844 2923 1003 2991 tessaram,
1036 2932 1064 2980 ct
1101 2931 1152 2981 tos
1175 2924 1308 2997 Spiritum
1332 2931 1420 2992 tuum,
1442 2928 1469 2979 ct
1488 2924 1663 2992 mentemst,
1683 2929 1713 2981 ct
1735 2926 1885 2983 rctmuobts
1906 2926 1922 2995 s
1934 2954 1945 2965 ·

233 3012 424 3085 jumentorum
438 3010 514 3082 (Gen.
529 3027 589 3075 vrri,
610 3010 647 3083 1).
672 3010 826 3066 Moventur
847 3009 979 3084 plerique
1003 3028 1062 3085 qua
1114 3014 1185 3070 ciem
1212 3016 1292 3068 terra
1310 3012 1395 3084 (Psoi.
1425 3028 1486 3081 crrr,
1507 3012 1613 3085 27-30).
1638 3013 1690 3069 list
1721 3028 1795 3088 ergo
1824 3014 1947 3087 Spiritus

239 3115 331 3157 cansa
356 3116 414 3156 non
443 3097 548 3155 dixerit
569 3098 711 3171 Scriptor,
740 3100 818 3172 quod
846 3100 934 3156 etiam
961 3100 1062 3158 uxoris
1116 3102 1202 3173 cujus
1217 3100 1377 3173 operationi
1393 3100 1495 3156 cedere
1510 3100 1647 3157 univorsa
1661 3100 1836 3171 videantur,
1847 3103 1878 3158 in
1893 3118 1946 3175 quo

231 3176 314 3246 '231
330 3191 359 3244 et
371 3185 501 3245 illiorum
523 3186 583 3243 Noe
605 3202 720 3243 memor
742 3187 797 3243 tuit
819 3188 972 3257 Dominus,
993 3206 1060 3247 cum
1115 3190 1179 3247 coeli
1203 3188 1298 3263 ipsius
1319 3189 1413 3245 virtus
1431 3188 1569 3257 eit,sicut
1589 3189 1736 3263 scriptum
1764 3198 1812 3249 est
1836 3210 1844 3249 t
1871 3192 1947 3250 l'crbo

237 3276 398 3335 bestiarum
414 3279 444 3333 et
455 3277 657 3348 jumentorum
673 3276 760 3332 iuerit
780 3292 902 3334 memor.
918 3278 974 3335 Sed
993 3296 1061 3337 cum
1118 3280 1230 3336 Domini
1243 3280 1304 3335 cccli
1317 3278 1423 3349 firmati
1435 3286 1509 3347 sunt,
1524 3281 1551 3335 et
1573 3278 1680 3351 Spiritu
1704 3283 1766 3337 amic
1788 3283 1850 3354 ejus
1864 3282 1949 3337 manu

193 3426 200 3437 ‚
237 3366 345 3423 dixerit
357 3365 435 3439 quod
449 3364 509 3421 Noe
525 3380 640 3421 memor
652 3364 749 3432 fuant,
764 3366 794 3420 in
807 3368 924 3423 auctore
946 3372 976 3424 et
990 3385 1062 3441 pra·
1115 3371 1311 3425 virtuosorum
1326 3368 1410 3440 (Psoi.
1425 3384 1514 3436 xxxrr,
1529 3368 1557 3437 6)
1575 3384 1581 3421 :
1599 3368 1798 3442 quiSpiritus
1815 3373 1948 3428 esterna-

235 3452 300 3512 sule
314 3455 421 3511 domus
435 3453 668 3510 necessitudines
690 3454 755 3526 ojus
779 3455 906 3529 reliquas
930 3473 1062 3531 compre·
1113 3462 1161 3515 tor
1179 3458 1393 3528 universorum,
1419 3457 1495 3514 sicut
1517 3457 1605 3513 etiam
1629 3456 1684 3514 iob
1711 3458 1814 3516 dicit:
1834 3460 1949 3533 Spissius

232 3542 347 3600 bendit.
363 3540 458 3599 Simul
473 3542 595 3615 exprimi
610 3542 724 3599 videtur
743 3544 865 3616 quidam
880 3545 1060 3621 reliquarum
1114 3546 1225 3604 diuinus
1239 3547 1290 3619 pai
1302 3546 1423 3620 fecitme
1437 3544 1504 3619 (ros.
1521 3561 1621 3616 marr,
1638 3546 1674 3620 i).

234 3646 397 3688 cousensus
412 3631 673 3689 necessitudinum.
688 3632 802 3691 Etenim
818 3652 886 3692 cum
901 3651 1004 3693 omnes
1018 3637 1059 3693 in·

221 3719 327 3777 'vicem
341 3718 488 3777 sibicbari
505 3725 585 3789 sunt,
600 3738 661 3777 uua
674 3726 719 3780 est
734 3723 856 3793 domus;
873 3741 940 3781 cum
961 3729 1059 3783 autem
1232 3724 1235 3729 '
1367 3716 1445 3775 Μ
1462 3716 1580 3774 CAPUT
1599 3714 1684 3773 XVII·

233 3804 412 3882 discrepant,
428 3814 606 3884 separantur
629 3814 658 3867 et
678 3810 825 3868 scinditur
838 3812 867 3868 in
883 3812 983 3887 plures
1007 3816 1059 3872 do·
1115 3834 1225 3891 epam,
1249 3850 1384 3906 aquarum
1408 3835 1496 3907 ponte,
1517 3837 1545 3889 ec
1567 3836 1723 3890 cataractas
1741 3833 1948 3893 indicarem.

230 3910 306 3955 mos.
331 3895 386 3954 [lbi
411 3913 479 3972 ergo
502 3898 641 3968 charitas,
666 3898 707 3955 ibi
731 3900 855 3957 senioris
877 3901 996 3959 nomine
1023 3904 1059 3960 de
1147 3922 1193 3961 sos
1206 3906 1307 3961 erroris
1325 3904 1360 3961 od
1383 3906 1488 3961 enimse
1510 3905 1656 3959 sanitatem
1678 3920 1742 3962 csse
1761 3906 1948 3964 recidendos:

231 4000 289 4059 quo
312 3986 558 4066 pendeutcateri,
574 3988 681 4044 domus
696 3987 989 4061 omuissigniilcstur
1004 4010 1011 4060 ;
1026 3998 1059 4049 ιιι
1148 3976 1396 4033 ‘flitmum'
1423 3977 1553 4049 lmimi*ii
1575 3990 1628 4047 iim
1650 3974 1725 4033 iiim
1761 3994 1844 4045 ma,
1869 3978 1950 4033 icitia

221 4073 256 4131 ’ῦὶ
272 4075 339 4147 quis
351 4075 485 4133 arborem
499 4072 586 4146 dicat,
603 4076 706 4148 utique
720 4076 941 4150 comprehendit
963 4083 992 4135 ct
1014 4096 1058 4136 ra·
1147 4048 1640 4191 23221515ss'05532mw2wm23?
1652 4063 1779 4178 ἓῇξῖζὲ
1790 4050 1953 4177 cam

221 4177 296 4220 moa
311 4181 319 4219 ε
335 4164 443 4237 siquis
459 4181 575 4220 ramum
591 4159 733 4234 nominet,
745 4165 833 4222 etiam
848 4167 944 4223 iruetu
961 4168 1010 4241 qui
1026 4168 1056 4225 in
1147 4192 1217 4246 πῶς)
1232 4208 1238 4245 :
1254 4191 1355 4246 opium
1368 4204 1442 4247 am,
1454 4192 1615 4257 mmmm,
1631 4194 1758 4247 menum
1779 4209 1839 4267 p„
1863 4207 1955 4247 ,m

220 4262 264 4309 'eo
277 4256 356 4322 sunt,
372 4252 483 4326 pariter
496 4270 556 4309 uno
570 4256 657 4327 atque
680 4254 782 4311 eodem
807 4270 942 4313 sermone
976 4274 1056 4314 com·
1146 4264 1277 4317 concam
1299 4259 1503 4333 commuplcndo
1517 4258 1553 4315 cd
1571 4260 1763 4331 coercitionem
1786 4265 1843 4320 'Dea'
1864 4276 1954 4335 pervc-

229 4338 376 4414 ploctituh
1145 4335 1226 4388 cire:
1240 4332 1350 4387 &mum
1362 4334 1535 4387 maionem
1554 4332 1737 4403 corotcuipoe
1761 4333 1957 4408 depulsionem

257 4429 309 4483 ¹57.
327 4429 385 4486 Nec
411 4428 484 4487 illud
508 4431 636 4488 otiosum
660 4433 738 4504 quod
761 4432 856 4505 primo
877 4434 961 4503 dixit,
986 4434 1057 4507 quia
1145 4404 1286 4461 ‘'mm“
1300 4404 1433 4475 “dmm
1443 4403 1599 4461 mmm
1621 4405 1813 4469 mmmm
1837 4422 1894 4465 Μ’*
1916 4419 1956 4462 ⁷⁴·

220 4530 343 4573 memor
356 4515 412 4573 iuit
422 4516 563 4576 Dominus
576 4518 755 4591 Noe‚dciude
768 4519 942 4590 bestiarum,
954 4528 1055 4596 postea
1146 4477 1275 4534 mulum

220 4604 438 4677 iumentorum,
459 4605 515 4662 hoe
536 4611 591 4674 cst,
607 4626 661 4664 cur
684 4624 741 4664 nou
767 4624 802 4664 ea
823 4610 986 4667 animantia
1000 4616 1097 4684 quan
1148 4615 1194 4671 59.
1209 4614 1293 4670 Nunc
1306 4613 1526 4671 consideremus
1550 4612 1619 4685 quid
1646 4610 1686 4669 sit
1710 4616 1800 4687 quod
1819 4617 1865 4674 uit
1888 4614 1959 4673 Scri·

223 4692 441 4764 ‘mitiorasunt
457 4699 524 4767 post
546 4696 698 4753 bominem
726 4697 898 4765 nominavit,
915 4700 966 4756 sed
986 4699 1058 4757 iero·
1113 4705 1200 4776 ptura
1215 4702 1313 4758 divina
1330 4718 1336 4757 :
1354 4701 1448 4757 Clausi
1461 4704 1626 4774 mentientes
1646 4718 1811 4777 oqunmm,
1828 4708 1858 4761 et
1885 4710 1958 4760 octo·

219 4781 318 4840 ciora.
336 4784 372 4840 'ln
398 4799 457 4856 quo
484 4784 601 4841 videtur
626 4784 763 4842 illaesae
789 4786 873 4856 ratio,
888 4793 922 4844 ut
944 4804 979 4844 ca
993 4806 1058 4862 qua
1113 4794 1199 4849 rodae
1223 4792 1285 4847 cccli
1310 4791 1388 4863 (Gen.
1413 4791 1527 4862 v111,2).
1543 4788 1601 4847 Neo
1620 4790 1794 4849 obscurum
1822 4794 1958 4851 arbitror.

217 4870 372 4929 ·ierooiora
387 4876 480 4940 eraut,
498 4874 653 4946 utriusque
681 4873 773 4946 partis
799 4874 947 4932 vicinitate
974 4894 1058 4934 man·
1113 4880 1256 4937 llisenim
1270 4879 1368 4936 causis
1383 4878 1527 4935 minuitur
1541 4877 1685 4935 diluvium
1712 4880 1838 4953 quihus
1850 4880 1958 4937 crevit.

231 4965 412 5018 suescerent.
428 4962 510 5027 Quod
526 4961 641 5017 videtur
655 4960 743 5017 ctiam
767 4962 796 5017 in
819 4962 870 5020 illo
893 4981 978 5021 versu
993 4983 1061 5040 poa·
1112 4969 1214 5041 llrupti
1231 4972 1315 5024 crant
1328 4966 1423 5024 fontes
1439 4981 1594 5039 aquarum,
1620 4972 1732 5041 apertae
1760 4970 1889 5029 fuerant
1914 4986 1960 5025 ca-

227 5050 286 5107 tico
324 5050 464 5107 declarari
502 5068 509 5107 :
539 5061 629 5130 macta
656 5058 703 5114 δίς
731 5059 821 5122 pisaco
849 5061 955 5113 maceca
990 5053 1057 5128 (Ηο-
1113 5056 1319 5126 taraclaecmli,
1336 5061 1369 5113 ut
1393 5056 1745 5129 undiquc-induentibus
1774 5059 1960 5132 aquisterra

230 5152 343 5206 merus,
371 5139 469 5213 llicit.)
498 5137 571 5196 ilinc
598 5137 676 5195 enim
705 5138 793 5196 etiam
822 5145 908 5213 poeta
937 5159 1060 5217 usurpa·
1100 5146 1316 5202 inundaretur.
1332 5145 1497 5202 Debuerant
1512 5144 1608 5201 claudi
1633 5162 1666 5202 ea
1688 5160 1729 5201 ex
1746 5148 1870 5221 quibus
1885 5146 1961 5204 dilu-

228 5230 281 5294 vit,
315 5232 348 5282 ut
380 5228 603 5301 dispositionem
642 5228 809 5285 dimicaturi
843 5230 884 5287 ita
911 5232 1061 5289 ordinaret
1114 5234 1449 5308 viiorigomanavit,ut
1467 5233 1686 5307 ejusinciperet
1712 5250 1788 5293 osse
1813 5237 1958 5295 deiectus.

228 5315 392 5386 exercitus3
427 5334 485 5389 quo
518 5316 671 5374 interiores
698 5316 851 5375 collocaret
884 5319 915 5375 in
951 5317 1058 5385 medio,
1114 5323 1174 5380 Hoc
1200 5322 1297 5379 litters
1324 5328 1419 5379 sonat.
1444 5322 1589 5379 Subtilior
1611 5326 1712 5381 sutem
1744 5322 1962 5400 interpretatio

113 5410 117 5416 ’
229 5420 288 5476 quo
313 5404 408 5477 magis
430 5405 499 5462 bine
523 5407 591 5463 iude
615 5424 632 5462 a
653 5405 823 5464 tortioribus
834 5408 1017 5479 juvarentur,
1032 5416 1060 5468 et
1114 5411 1260 5486 exprimit,
1276 5428 1310 5468 eo
1335 5413 1412 5484 quod
1438 5410 1581 5468 diluvium
1606 5412 1711 5468 animm
1740 5414 1824 5470 vitio
1852 5410 1960 5469 mentis

266 5554 322 5637 (to)
337 5555 422 5638 Rom.
438 5556 519 5639 edit,
536 5556 587 5639 Sui
601 5562 692 5614 autem
711 5562 777 5614 sunt
798 5559 884 5643 juris.
907 5558 996 5629 Male3
1013 5560 1061 5617 bic
1150 5563 1207 5635 (li)
1223 5562 1332 5619 Omnes
1345 5561 1427 5647 edit,
1444 5562 1564 5637 Spiritus
1589 5564 1675 5635 ipitor
1703 5564 1831 5623 virtute.
1851 5564 1962 5625 Omnes

231 5626 519 5755 ἴθιῗῖχεέἑῐιοῖἰιᾶιθξιυ
527 5628 635 5755 aggresi,
650 5633 739 5699 atque
754 5628 866 5686 familia
880 5628 949 5703 Noe,
966 5635 999 5688 ut
1013 5649 1062 5705 pa·
1116 5649 1210 5690 mss...
1226 5634 1316 5690 diuini
1329 5636 1440 5690 vertute.
