4159 6184
159 322 206 382 aa
733 316 863 377 ιιιιιιιι
889 316 946 377 nn
968 316 1091 380 isaac
1114 322 1166 383 nr
1190 323 1334 388 aurun.
1855 350 1914 413 aar

461 453 581 513 CAPUT
607 449 674 507 Vill
1030 452 1060 518 Α
1075 452 1345 531 edmonattiagello
1359 464 1651 541 propriosagniorem
1662 492 1668 542 ;
1678 476 1703 531 si
1718 481 1912 551 temperantia

161 543 251 606 guam
265 546 361 601 anema
374 548 615 617 reminiscerent
630 536 771 598 laudari,
788 534 834 587 nit
845 548 879 587 se
895 534 1016 590 deseen-
1076 544 1275 614 mansuetior,
1291 549 1434 607 fortitudo
1450 554 1562 627 donor,
1582 562 1663 618 novit
1684 566 1820 637 copulare
1849 571 1908 627 dis·

194 615 588 683 meermannianam..
607 610 718 684 quibui
735 604 968 659 “mmmm
985 624 1019 661 ‘¹⁶
1077 631 1184 687 cordes
1200 636 1258 704 (45)
1273 653 1310 693 nc
1324 640 1398 696 torte
1412 657 1532 701 currum
1553 664 1641 706 suum
1665 653 1822 727 dissipent.
1851 659 1911 715 lta·

196 678 1020 763 nnnrionsdanqnanrarnnbellensenoncovvoscf't,
1153 719 1173 773 l·
1240 724 1245 733 -
1702 743 1707 753 ,

195 758 236 814 sed
250 776 267 813 o
283 756 384 815 Christo
397 760 559 841 coqrroecilnr
570 772 601 813 uo
615 752 752 823 rapitur,
771 742 842 795 dnm
855 756 1021 815 perveniet
1079 732 1138 788 que
1165 727 1224 777 ¹⁰&
1238 725 1417 800 “milhsslblll
1434 733 1489 802 (46)
1501 740 1668 805 ⁸Pt³⁰ittcul⁰
1680 744 1777 801 vldere
1803 764 1909 803 unam·

195 828 228 885 ul
239 828 370 901 patrnam.
386 830 467 900 liano
478 830 508 885 in
521 830 604 900 ipram
618 813 789 879 reclinatio
804 814 863 895 triu
898 815 1021 887 siqnifi-
1079 820 1233 881 qumque
1248 814 1379 872 animam
1395 834 1462 874 cum
1476 838 1592 883 summo
1616 832 1775 889 certamina
1788 835 1824 890 ad
1850 853 1907 892 cta-

193 908 243 970 rct,
262 902 471 968 intitutionem,
484 908 662 971 proqressvm,
684 886 921 960 persaelw'wm·
944 888 1022 953 Q‘lae
1078 891 1140 949 lum
1158 901 1233 970 miti,
1249 903 1422 961 festinantes
1438 924 1528 980 equos
1543 917 1592 985 qui
1607 919 1719 989 priores
1734 925 1906 993 perveniant

191 972 312 1043 seqnitur
326 970 361 1025 uri
379 972 538 1027 alteritate-m
551 962 730 1027 exhortatio·
1079 982 1114 1037 ad
1131 984 1265 1046 bravium
1285 993 1477 1067 Christique
1502 1002 1584 1072 prius
1609 1005 1780 1077 imponatur
1803 1012 1903 1082 palma

186 1080 232 1134 64.
250 1082 323 1133 Dum
340 1076 480 1133 laudatur
494 1094 511 1133 a
525 1061 837 1148 sponsat-erremus
847 1057 1021 1161 refugiens
1077 1073 1306 1136 cervicibusisti
1323 1087 1392 1137 sunt
1408 1087 1474 1155 equi
1489 1090 1612 1161 subjecti
1629 1095 1696 1151 fidei
1708 1097 1794 1167 jugo,
1808 1099 1896 1154 astri-

157 1182 249 1225 ΜΠ]
265 1165 391 1231 laudm,
408 1164 513 1220 deinde
528 1162 625 1236 sponsi
642 1167 759 1214 amora
783 1148 931 1207 revocata
946 1156 1017 1211 aa:
1072 1160 1110 1213 cti
1125 1162 1241 1223 vinculo
1256 1169 1417 1226 charitatis.
1434 1174 1633 1252 Pulchraergo
1655 1183 1719 1237 ait:
1744 1186 1840 1240 Posuit
1853 1204 1899 1242 nro

157 1258 186 1315 p,
197 1258 302 1313 portum
316 1256 395 1311 „uisis
406 1252 533 1312 merendi
546 1250 633 1308 uidere
646 1248 677 1303 in
693 1242 851 1297 nativitate
867 1246 1017 1337 torrentis
1068 1263 1166 1305 curnis
1181 1255 1417 1323 nortmanniae
1432 1267 1485 1329 ost,
1501 1270 1717 1341 paterpopuli:
1748 1272 1812 1343 ipse
1839 1290 1892 1329 au-

158 1350 242 1420 (tent.
257 1362 297 1413 vr,
312 1344 367 1414 tv).
386 1342 441 1399 Ubi
455 1342 533 1399 enim
547 1348 590 1399 est
606 1331 759 1405 Ecclesia,
776 1330 833 1389 uisi
864 1327 924 1386 ubl
950 1330 1010 1389 vir·
1066 1341 1124 1393 tam
1145 1342 1514 1418 quipatarpopuli,idem
1530 1359 1754 1427 patarNansan,
1783 1362 1813 1417 id
1832 1367 1888 1428 eet,

159 1439 227 1511 gast
239 1432 333 1509 gratia
349 1432 435 1491 lieret
450 1428 646 1487 sacerdotalis
659 1427 673 1482 l
688 1424 735 1482 lbi
753 1426 800 1481 esi
816 1424 1004 1495 frequentor,
1060 1435 1231 1499 serpentum
1248 1436 1315 1503 (47).
1330 1436 1397 1491 lam
1413 1442 1444 1493 ιιι
1460 1442 1553 1498 recole
1577 1445 1644 1515 quis
1660 1447 1737 1501 sicut
1767 1466 1889 1520 serpens

158 1530 189 1581 ιιι
214 1520 509 1580 inamaritudinibus
537 1525 565 1576 et
595 1515 816 1575 tentationibus
844 1511 999 1588 probetur.
1057 1514 1087 1569 in
1103 1532 1192 1575 cruce
1208 1524 1379 1592 pependerit
1394 1543 1446 1597 pro
1462 1528 1557 1585 salute
1573 1533 1831 1605 universorumat
1845 1539 1889 1593 in-

158 1616 321 1671 Parnueam
341 1608 557 1665 amaritudines
580 1604 793 1678 intelligimus,
811 1622 862 1678 per
881 1608 997 1661 terren·
1053 1602 1411 1676 tellipisillamauimam
1440 1633 1505 1672 csse
1531 1621 1696 1691 pacificam,
1727 1626 1774 1680 cui
1801 1627 1888 1683 Pater

158 1710 210 1759 tem
223 1698 411 1767 tentationes,
429 1698 479 1755 sed
493 1702 598 1755 [amen
620 1693 797 1763 polmbggg,
823 1695 894 1768 quia
922 1694 995 1751 geri.
1050 1691 1129 1747 Deus
1146 1696 1258 1765 praeut
1275 1697 1323 1766 sit,
1338 1701 1608 1777 Christusagitator
1624 1727 1630 1763 :
1648 1711 1717 1781 quia
1742 1714 1888 1786 seriptum

156 1798 232 1865 ptum
256 1793 325 1846 est:
356 1790 517 1845 Torrentem
546 1786 737 1860 pertransivit
764 1787 861 1841 animo
897 1790 993 1841 nostro
1048 1782 1330 1845 estethoenomen
1350 1790 1381 1845 in
1400 1794 1533 1850 nostris:
1556 1800 1647 1867 Pater,
1667 1805 1747 1870 poter
1769 1807 1889 1875 nqdmor

155 1880 339 1955 (Proteum,
354 1880 398 1949 5),
417 1876 519 1948 itaqua
530 1869 692 1932 descendit
705 1871 737 1928 in
761 1871 859 1929 lucum
876 1873 987 1930 amari·
1045 1871 1134 1926 lsrael
1151 1873 1199 1942 (IV
1213 1876 1282 1946 licp.
1298 1894 1319 1933 ιι
1336 1880 1389 1951 13).
1906 1939 1910 1947 ,

155 1970 260 2029 mgni,
282 1968 328 2025 ubi
359 1964 546 2033 nomivitis,
564 1968 595 2021 at
619 1960 765 2018 malorum
795 1968 984 2035 granatorum
1074 1959 1119 2013 66.
1141 1959 1530 2039 Hiccrgoagitaturdicit:
1548 1974 1719 2047 Convertere,
1750 1980 1883 2039 Sunami-

154 2061 241 2135 specie
252 2058 389 2115 ,fimus
405 2059 436 2111 θ(
451 2053 615 2126 multiplex
632 2050 755 2118 tructus,
772 2054 822 2123 qui
837 2052 985 2111 velutuno
1036 2050 1082 2116 tir,
1098 2055 1266 2108 convertere
1285 2054 1374 2125 (Cant.
1402 2076 1440 2127 vr,
1462 2062 1517 2132 12).
1543 2063 1619 2120 Bene
1635 2071 1664 2123 et
1679 2070 1763 2141 quasi
1780 2071 1878 2145 agita·

154 2148 271 2225 tegmine
284 2146 378 2205 totius
395 2142 531 2216 eorporis
548 2142 610 2197 tide
627 2144 657 2195 et
672 2138 812 2195 charitate
841 2142 983 2199 munitur.
1038 2141 1094 2202 tor,
1111 2142 1144 2194 et
1159 2142 1245 2213 quasi
1258 2145 1295 2198 ad
1310 2161 1430 2202 currum
1447 2150 1538 2206 dicit:
1562 2153 1723 2214 Convertere
1740 2159 1877 2220 Snncrni·

156 2240 246 2299 ,nilla
258 2232 548 2312 &mmmmm
565 2236 634 2286 non·
651 2228 832 2300 cogn0vjtse
861 2231 983 2300 anima3
1037 2227 1225 2298 tiahocest,
1245 2232 1379 2303 pacifica.
1398 2238 1555 2300 Quaenim
1570 2244 1877 2323 pacificaaetnnima,

156 2326 329 2403 wmpgbgg
343 2324 433 2381 enim
448 2336 559 2394 eorpus
574 2318 718 2391 aggravat
732 2316 873 2385 animam,
888 2322 917 2374 et
931 2322 986 2375 tar-
1039 2316 1096 2373 cito
1107 2334 1141 2374 aa
1156 2322 1305 2377 convertit
1319 2328 1349 2378 at
1364 2326 1497 2398 corrigit,
1511 2330 1628 2389 etiamsi
1651 2340 1719 2392 ante
1746 2342 1878 2410 peccavit

157 2432 254 2479 renum
274 2411 487 2474 habitaculum
514 2408 575 2464 cito
607 2402 775 2461 inclinatur.
805 2405 985 2477 Cognoscere
1038 2409 1068 2460 at
1084 2408 1261 2480 magiaeam
1276 2410 1412 2469 Christus
1428 2418 1572 2485 aseendit,
1594 2424 1738 2497 etregere
1766 2428 1872 2502 digna·

157 2514 246 2567 autem
261 2520 377 2578 ,emper
393 2516 428 2557 50
443 2498 541 2555 (lobes.
558 2495 616 2551 sed
647 2496 778 2550 tentatus
803 2498 848 2550 est
877 2500 905 2551 at
933 2498 992 2552 Pe·¹
1037 2499 1097 2561 tur,
1114 2496 1160 2551 cui
1176 2497 1285 2553 dieitur
1301 2500 1442 2558 :Ascendo
1457 2507 1486 2557 in
1508 2520 1591 2576 cenos
1604 2518 1675 2578 tuoe,
1691 2518 1717 2569 et
1731 2518 1872 2586 equitatus

156 2606 226 2667 trus,
241 2600 269 2653 gg
282 2610 339 2651 non
350 2608 385 2649 ΕΒ
397 2586 582 2662 cognovisse
593 2583 697 2639 Petrus
714 2598 721 2648 ;
742 2600 809 2638 nam
826 2584 850 2639 si
876 2599 984 2656 cogno·
1037 2588 1102 2638 tvvs
1114 2587 1221 2640 annitar
1236 2588 1342 2658 (Habet.
1356 2606 1400 2657 m,
1416 2591 1454 2662 8).
1479 2592 1515 2647 iit
1528 2593 1598 2649 alibi
1624 2600 1688 2656 litai
1715 2605 1772 2671 (48)
1788 2623 1871 2678 equos

157 2689 249 2754 visset,
265 2700 322 2741 non
335 2677 509 2754 negavisset
523 2676 686 2730 austeram.
703 2670 757 2725 Sed
773 2672 984 2745 eognoviteum
1040 2672 1148 2728 liversis
1162 2675 1243 2744 (ιιιίι.
1261 2677 1315 2744 15).
1333 2678 1367 2732 lli
1383 2684 1455 2737 sunt
1482 2682 1551 2752 equi
1580 2685 1700 2745 Christi.
1728 2695 1871 2753 Ascendit

156 2775 286 2834 Christus
302 2788 309 2829 :
331 2768 467 2839 denique
478 2760 623 2835 oognovit,
640 2758 692 2832 qui
704 2758 790 2815 etiam
807 2777 875 2816 aum
891 2778 985 2834 respe·
1037 2776 1107 2833 ergo
1122 2778 1212 2834 equos
1226 2780 1297 2820 snos
1312 2765 1459 2837 Christus,
1471 2771 1744 2835 aseenditVerhum
1757 2780 1811 2837 Dei
1820 2786 1869 2839 ani

158 2867 198 2922 xit
210 2856 370 2937 (cognoscit
385 2855 468 2913 enim
495 2850 640 2906 Dominus
656 2847 706 2920 qui
735 2852 805 2905 sunt
826 2849 931 2922 ipsius)
955 2856 984 2908 et
1038 2852 1194 2923 maspiaa.

157 2962 294 3025 tanquam
304 2962 396 3007 „uum
413 2936 623 2999 misericordia
639 2953 699 2993 sua
715 2936 816 3006 irenis,
832 2943 865 2994 ut
887 2939 983 2997 bonus
1072 2940 1118 2993 67.
1131 2938 1213 2995 Unda
1222 2955 1365 3012 cognosce
1379 2943 1450 3015 quia
1459 2950 1488 3000 at
1503 2945 1593 3006 istam
1604 2955 1745 3022 ascendit,
1759 2961 1788 3012 at
1803 2975 1868 3031 per·

158 3029 554 3101 ,egwrfflvoffiviealapsm
571 3027 759 3098 Rectorergo
775 3032 873 3084 noster
889 3027 984 3086 Chris·
1037 3026 1251 3085 dusiteamad
1268 3029 1366 3086 locum
1383 3031 1499 3103 palma,
1529 3041 1647 3107 quando
1671 3046 1700 3099 at
1725 3044 1799 3101 dicit
1828 3052 1865 3105 ad

159 3136 206 3189 tus
220 3132 274 3187 est·
1036 3131 1101 3172 eam
1117 3133 1124 3172 :
1139 3118 1193 3184 Qvi
1205 3117 1325 3187 pulchre
1337 3123 1364 3175 et
1377 3124 1470 3176 suavis
1494 3125 1571 3192 sacta
1598 3145 1637 3196 cs,
1666 3131 1803 3201 cirritos,
1835 3139 1867 3191 in

190 3215 325 3276 31365,
341 3212 470 3281 ideoque
484 3205 526 3261 eit
545 3204 662 3259 anima:
693 3205 787 3259 Posuit
815 3221 859 3261 nra
884 3189 1018 3264 onrnnss
1035 3204 1143 3261 deliciis
1163 3207 1239 3261 tais?
1266 3206 1379 3263 Statura
1394 3213 1443 3265 tae
1469 3213 1575 3270 similis
1593 3219 1669 3287 sacto
1697 3224 1735 3273 en
1760 3223 1867 3291 palme

158 3292 673 3374 etminadobttiont.r1‚ll).Anima
698 3308 766 3366 ergo
799 3310 903 3351 currus
932 3298 983 3367 qui
1036 3293 1127 3365 (Cant.
1138 3310 1188 3361 vu,
1203 3295 1230 3361 6,
1243 3295 1281 3365 7).
1296 3296 1331 3350 lit
1346 3296 1410 3369 ipsa
1424 3298 1584 3358 alimini.
1595 3305 1747 3363 Ascendurn
1761 3310 1790 3363 in
1799 3313 1864 3381 put·

154 3402 266 3455 bonum
282 3394 426 3449 ,0020er
438 3382 575 3442 sustinet.
590 3381 621 3437 Si
635 3396 738 3438 ourrus
751 3386 795 3439 est
809 3384 918 3451 anima,
929 3383 981 3441 ha·
1036 3399 1112 3439 mom
1126 3382 1206 3451 (ltrd.
1223 3382 1261 3453 8),
1278 3382 1333 3440 Sed
1348 3384 1437 3442 stiam
1458 3386 1526 3458 ipsa
1537 3391 1667 3451 ebaritas
1681 3394 1836 3467 palmaest
1851 3418 1858 3468 ;

152 3490 202 3544 hep
215 3477 367 3557 aquaevel
383 3478 476 3532 bonos
493 3470 537 3528 vel
553 3468 657 3527 malas.
680 3470 751 3526 Boni
764 3472 830 3543 equi
860 3472 982 3531 virtutes
1035 3471 1101 3544 ipse
1115 3474 1160 3526 eat
1174 3471 1252 3526 enim
1267 3470 1418 3542 plenitudo
1445 3476 1522 3532 ew
1543 3482 1681 3540 victoria.
1706 3484 1863 3544 Plenitudo

151 3568 345 3631 suntanimae
368 3562 438 3620 mali
463 3560 541 3633 aqui,
571 3558 724 3631 passiones
758 3564 828 3615 sunt
853 3562 982 3634 corporis
1035 3556 1676 3645 enimlegisebaritasest.Curramusergo,
1693 3577 1865 3649 utcompre·

148 3661 279 3736 (ΜΒ,
298 3656 425 3729 August.
443 3648 708 3719 corrinlanelap.
734 3645 785 3704 lib.
802 3667 833 3716 u,
860 3666 923 3723 cap.
952 3653 980 3722 5,
1036 3648 1407 3719 bendamuezcurramus‚
1436 3656 1469 3705 ut
1494 3654 1665 3718 vincamus.
1698 3662 1752 3726 Oui
1782 3665 1862 3733 vicit,

145 3742 627 3816 emb.¹¹1,0·14)·g„„u„0r30
656 3741 750 3794 rector
769 3739 861 3796 matos
890 3758 982 3813 equos
1036 3734 1212 3792 aseenditin
1243 3734 1382 3808 palmam,
1399 3744 1428 3795 et
1458 3745 1620 3802 mandarat
1647 3748 1760 3805 tructas
1787 3754 1862 3823 ejus.

144 3837 308 3911 restringit
323 3837 353 3891 et
368 3834 494 3896 revocat,
510 3828 604 3885 bonos
623 3826 734 3883 incitat.
751 3827 822 3883 Boni
836 3828 902 3899 equi
914 3834 983 3885 sunt
1037 3825 1092 3891 Oui
1107 3823 1183 3891 vicit,
1197 3824 1260 3895 jam
1275 3842 1334 3881 nun
1349 3829 1452 3893 currit,
1468 3830 1519 3884 aad
1535 3835 1619 3891 sedet
1633 3835 1863 3910 sioutscriptnm

143 3934 293 4005 quatuor,
314 3908 483 3997 prudentia,
499 3915 702 3989 temperantia,
731 3914 880 3985 fortitude,
893 3916 983 3989 juti.
1037 3922 1081 3970 est
1097 3932 1104 3970 :
1120 3916 1296 3984 Quivicerit,
1312 3916 1769 3981 dolonsederemecuminrede
1790 3944 1861 3998 meu,

143 4021 199 4075 tia.
218 4014 291 4073 Maii
302 4010 371 4085 equi
385 4005 547 4076 iracundia,
563 4003 808 4076 concupiscentia,
819 4006 917 4075 timor,
926 4006 982 4061 ini·
1036 4007 1107 4060 sicvt
1120 4008 1147 4059 et
1160 4006 1306 4075 eqoviei,et
1319 4006 1396 4063 sedeo
1410 4024 1473 4062 curn
1483 4009 1567 4066 Patre
1588 4028 1647 4069 meo
1661 4015 1692 4069 in
1705 4014 1766 4071 sede
1776 4017 1863 4086 ipsine

144 4098 420 4178 qumqnqerdnm
431 4095 488 4169 ipsi
499 4094 567 4166 equi
583 4094 659 4149 inter
673 4110 704 4149 se
718 4093 870 4164 dissident,
886 4100 915 4153 et
933 4100 984 4153 aut
1037 4094 1128 4165 (Aper.
1146 4108 1185 4147 m.
1202 4093 1259 4165 24).
1275 4093 1348 4150 Hinc
1364 4094 1532 4168 philosophi
1547 4101 1663 4158 curulia
1679 4101 1731 4159 illa
1748 4103 1862 4160 anima-

141 4192 309 4250 mcundia
328 4182 746 4262 protendit,auttimar,etsa
770 4182 894 4241 invisam
924 4186 983 4241 im.
1038 4198 1104 4239 rum
1123 4182 1154 4237 iu
1169 4182 1232 4237 suis
1255 4181 1340 4239 libris
1354 4200 1522 4257 expressere
1545 4191 1716 4261 certamina,
1741 4209 1795 4249 nac
1818 4198 1862 4249 ta·

143 4282 289 4355 fodiunt,
305 4283 470 4335 assumam
486 4271 645 4329 retardant.
662 4274 700 4325 et
722 4287 788 4328 vero
818 4273 887 4329 boni
915 4275 983 4348 equi
1038 4288 1105 4327 men
1120 4272 1157 4327 ad
1180 4270 1310 4343 palmam
1338 4274 1491 4346 pervenire
1520 4282 1689 4349 potuerunt,
1720 4282 1863 4353 quoniam

143 4370 284 4439 evolant,
294 4371 323 4425 Θ(
338 4362 451 4421 sterria
465 4360 502 4419 ad
518 4360 672 4433 superiora
686 4377 717 4417 se
732 4362 899 4434 subrigunt,
919 4364 984 4420 ani·
1038 4360 1241 4417 summitatem
1257 4359 1344 4416 Verbi
1360 4366 1388 4418 et
1403 4361 1589 4421 altitudinem
1608 4367 1729 4425 illoram
1757 4371 1863 4428 anime

142 4473 297 4532 ,namque
312 4453 447 4512 elevant:
465 4449 592 4506 maxime
606 4450 631 4506 ai
643 4450 750 4523 jugum
765 4449 893 4507 babeant
915 4469 982 4509 sua·
1037 4450 1215 4515 nescierunt,
1226 4464 1315 4520 quam
1330 4451 1464 4523 cognovit
1479 4452 1542 4509 haec
1556 4456 1665 4525 anima,
1682 4458 1713 4513 in
1730 4475 1790 4531 qua
1801 4464 1866 4518 erat

138 4564 192 4616 ve,
205 4553 243 4606 at
255 4562 332 4604 onus
342 4542 405 4600 leve
415 4539 556 4597 dicentis:
572 4539 667 4595 Tollite
677 4540 778 4611 jvann
795 4556 888 4595 meum
901 4558 1022 4628 superq)
1039 4536 1126 4595 Verbi
1141 4538 1301 4593 conversio.

139 4655 194 4695 μοι
208 4659 220 4703 ‚-
226 4640 332 4711 jupam
345 4632 421 4689 enirn
428 4644 522 4685 meam
535 4644 618 4684 errove
632 4632 680 4695 eet,
698 4631 801 4685 novena
815 4646 907 4685 omnm
930 4632 985 4689 leve
1075 4629 1120 4682 68·
1137 4625 1184 4683 810
1200 4627 1279 4682 enlm
1295 4627 1336 4682 flii
1352 4645 1358 4683 ἓ
1372 4630 1426 4699 qu
1440 4631 1527 4700 stalli
1540 4649 1610 4705 ”²⁶⁰2
1620 4638 1647 4691 el
1659 4652 1741 4708 344444
1754 4654 1866 4694 ''illim'‘

138 4724 263 4797 (vern.
278 4740 319 4791 xv,
335 4718 381 4787 29,
398 4717 453 4789 30).
470 4716 536 4790 Ipse
551 4719 645 4771 rector
660 4714 768 4786 estqui
785 4716 865 4771 novit
893 4734 984 4791 equos
1039 4716 1126 4772 versio
1140 4717 1198 4788 ejvs
1214 4715 1305 4788 (Cant.
1321 4719 1432 4786 virid).
1449 4718 1535 4777 Hunc
1549 4739 1671 4780 sensum
1686 4727 1772 4781 tertio
1783 4741 1864 4797 rape-

140 4814 295 4888 pmprqog
324 4808 497 4883 gubernare,
528 4808 561 4859 ut
588 4801 709 4876 equalis
751 4805 884 4862 omnium
920 4824 985 4864 cur·
1039 4806 1104 4861 tivit
1116 4805 1229 4860 diverse
1244 4805 1274 4859 in
1297 4805 1425 4863 Canticis
1449 4811 1642 4869 canticorum.
1659 4814 1692 4868 ln
1720 4813 1864 4885 principio

142 4921 205 4961 sus
225 4902 269 4960 sit
285 4920 292 4971 ;
308 4894 334 4956 si
349 4892 473 4954 velocior
485 4896 529 4951 est
543 4892 708 4967 prudentia,
734 4894 846 4951 tardior
856 4896 984 4967 justitia.
1041 4895 1082 4951 ait
1098 4912 1104 4951 :
1120 4896 1216 4950 Frater
1229 4910 1305 4951 metes
1318 4896 1398 4962 miti,
1414 4900 1439 4952 et
1459 4914 1506 4970 epo
1522 4902 1557 4968 ei,
1573 4904 1622 4971 qni
1632 4901 1722 4973 parcit
1736 4902 1766 4955 in
1783 4902 1864 4969 liliis,

189 5018 257 5085 (⁴5)
267 5014 345 5071 lidii.
358 5012 459 5067 Rom:
477 5009 626 5067 velociores
636 5008 784 5081 pendentia
797 5010 888 5067 tardat
903 5030 912 5065 :
924 5030 985 5085 yur·
1076 5011 1134 5079 (47)
1147 5010 1217 5065 Mae.
1234 5026 1294 5065 non
1309 5012 1405 5083 pauci,
1421 5014 1554 5081 Neorion,
1569 5015 1598 5069 id
1611 5023 1659 5083 aet,
1674 5018 1837 5087 serpentini.

142 5090 225 5143 ms„
242 5087 370 5142 admoneo
383 5082 491 5155 flagello
505 5081 613 5153 proprio
632 5082 781 5153 segniores,
806 5086 988 5155 temperantia
1079 5083 1136 5149 (48)
1151 5082 1193 5136 lta
1209 5098 1279 5137 mss.
1296 5084 1487 5155 probatiores,
1511 5089 1599 5155 atque
1626 5086 1695 5140 edit.
1724 5088 1863 5161 antique.

166 5162 377 5222 .„,.„„et,0r05‚
390 5152 519 5225 sortiendo
538 5152 672 5219 duriores,
697 5152 796 5217 reddit,
821 5156 905 5222 novit,
931 5160 986 5211 eto.
1042 5151 1098 5208 Alii
1109 5156 1207 5208 autem
1223 5170 1256 5207 ac
1265 5155 1482 5218 Rum.,nrieisti.
1500 5156 1586 5212 Porro
1612 5173 1678 5211 cum
1708 5157 1757 5214 hie
1782 5158 1865 5216 loeus

148 5238 270 5285 „mus
281 5228 401 5301 quiden:
417 5229 530 5290 sensus,
542 5222 592 5279 sed
608 5238 695 5293 quam
712 5224 780 5280 edit.
796 5229 856 5279 ant.
869 5230 898 5281 at
914 5242 986 5281 mss.
1043 5225 1149 5280 iisdem
1163 5225 1258 5280 verbis
1277 5225 1307 5279 in
1332 5223 1434 5280 Bibliis
1463 5226 1573 5281 nostris
1595 5228 1732 5299 nuspiam
1761 5236 1863 5300 exstet,

152 5300 306 5356 amnibus
325 5302 498 5368 anteponere
515 5311 571 5377 nnn
587 5310 691 5361 sumus
721 5296 885 5352 ausi.Cum
915 5314 987 5369 pra·
1043 5296 1865 5420 aumevilabaecap.urgetitumobconvenientiamali-

154 5371 258 5444 aipua
275 5369 373 5435 verba,
390 5382 453 5438 qua
469 5364 574 5421 exiliis
589 5371 834 5437 representamus
848 5384 905 5423 nou
921 5368 987 5441 reii-
1045 5384 1134 5440 quarn
1149 5373 1361 5424 exastrmamue.
1379 5366 1388 5421 l
1413 5382 1421 5420 ι
1437 5381 1515 5422 enim
1531 5372 1693 5427 secundum
1707 5372 1777 5428 Lxx
1793 5371 1865 5446 legi·

157 5442 304 5497 ciendam
313 5440 435 5497 offerant
449 5437 634 5493 senientiam·
1045 5456 1123 5507 mus,
1140 5442 1177 5494 bl
1191 5436 1376 5509 superinniti
1389 5438 1420 5490 in
1433 5454 1512 5494 more
1526 5456 1607 5513 equos
1628 5446 1699 5510 tvos,
1728 5446 1779 5500 sed
1798 5461 1866 5502 voce

200 5514 265 5584 (46)
278 5510 461 5583 lnteltiqitile,
476 5508 559 5563 hicat
572 5506 683 5580 passim
695 5508 771 5565 idam
783 5508 990 5566 estAmbrosio
1048 5512 1155 5566 llorere
1170 5524 1251 5564 mara
1270 5507 1429 5581 significari
1454 5510 1648 5585 Hieronymus
1680 5520 1783 5572 auctor
1810 5521 1865 5586 ast,

160 5598 200 5641 ec
223 5582 356 5659 spiritale
370 5580 413 5639 val
429 5578 595 5709 misticum,
612 5580 688 5709 agend
703 5580 846 5666 nimirum
870 5598 904 5641 ea
932 5598 989 5641 non
1045 5582 1226 5666 proindeque
1241 5579 1306 5652 ipsa
1319 5577 1416 5663 potuit
1430 5580 1467 5638 ab
1479 5582 1576 5657 aliquo
1588 5586 1747 5661 interprete
1762 5588 1867 5649 retine·

162 5655 314 5735 eorporis,
329 5652 379 5713 aad
390 5650 460 5711 intel
473 5655 552 5711 entus
567 5666 620 5711 nou
635 5668 659 5709 ιι
675 5666 754 5711 cerna
768 5656 891 5731 possint.
1046 5670 1082 5726 rr,
1094 5654 1144 5713 uin
1159 5655 1307 5713 ιοιιοιιιιιι
1321 5649 1381 5726 elil,
1398 5674 1430 5723 ιις
1443 5660 1577 5719 tenena.

330 5782 461 5851 aanor.
483 5778 563 5849 ιιι.
1263 5758 1274 5785 “
1669 5786 1708 5855 ιι
