4159 6184
156 353 217 420 809
799 349 916 418 elesa
937 351 989 418 ue
1011 351 1218 420 PliithlSO.
1799 347 1859 418 elo

157 490 302 549 Dominus
324 487 412 549 iesus
438 503 540 549 omnes
560 485 656 549 advos
680 489 774 550 iacere
802 499 979 564 peccatores,
995 488 1147 554 Aeantins
1162 511 1168 560 ;
1185 494 1210 550 si
1226 495 1324 549 nutem
1340 486 1447 548 dixeris
1462 489 1532 564 qnia
1546 488 1641 550 sciens
1653 491 1731 550 Deus
1754 506 1857 565 pecnn-

156 583 247 640 etiam
262 582 340 640 circa
353 581 462 655 impios
476 581 630 640 ostendere
643 599 727 640 snam
752 583 854 641 debuit
875 583 979 640 volun·
1034 589 1136 640 turum
1151 583 1311 650 bominem,
1337 597 1509 640 communes
1533 588 1631 640 tamen
1654 582 1807 656 opiniones
1831 578 1858 636 ei

154 675 260 730 intem.
275 672 311 728 lit
325 671 391 728 ideo
405 687 459 728 nec
484 673 668 745 proditurum
693 674 795 730 debuit
813 672 979 745 pratariam
1035 672 1103 730 boni
1117 678 1145 729 et
1155 672 1225 728 mali
1237 673 1395 746 impressit;
1410 677 1441 729 nt
1453 678 1569 746 propter
1579 672 1786 729 admistionem
1799 686 1858 726 ma·

155 767 190 818 ut
218 761 403 818 adverterent
427 778 540 830 omnes,
566 762 694 835 quadiu
720 763 862 819 electione
891 762 980 818 etiam
1037 761 1131 818 lorum
1147 763 1211 818 vite
1229 761 1451 834 perpetuitatem
1468 779 1581 818 servare
1591 779 1649 820 non
1661 765 1769 834 posset,
1783 760 1861 816 sicui

155 849 318 924 proditoris
333 850 380 906 sui
395 852 605 909 servandorum
621 852 754 908 omnium
769 852 885 925 insigne
909 867 981 924 prae·
1036 850 1067 906 in
1082 851 1131 907 illo
1147 868 1205 907 non
1221 867 1384 923 praesagum
1401 851 1501 920 futuri,
1517 853 1559 908 ita
1574 851 1602 907 in
1613 851 1669 908 boc
1681 867 1737 907 non
1749 849 1861 906 bonnm
1919 883 1923 890 ·

154 941 263 1010 tendit,
280 956 333 996 nec
347 941 378 996 in
392 956 427 997 eo
440 940 527 998 lesus
541 944 586 998 est
610 941 653 997 vel
679 943 783 1009 eidam,
808 942 878 1012 qnia
902 957 983 996 man·
1037 941 1129 996 Deum
1146 940 1311 1014 significare
1326 941 1461 996 videaris.
1475 943 1568 1014 Atque
1579 940 1647 996 binc
1657 942 1863 1014 argumentan-

156 1029 263 1086 detum
279 1029 399 1102 accepit,
419 1029 465 1086 vel
488 1030 592 1097 Judas,
614 1031 686 1103 quia
708 1030 818 1088 electus
841 1034 893 1086 cst.
918 1030 982 1085 Non
1037 1035 1086 1084 tur
1100 1032 1169 1100 quia
1184 1047 1241 1085 non
1267 1034 1311 1086 est
1334 1034 1467 1086 creatura
1489 1029 1618 1086 hominis
1643 1047 1660 1085 a
1688 1033 1745 1085 Deo
1773 1029 1860 1084 lacta.

156 1118 241 1176 enim
263 1118 469 1176 necessitatem
494 1121 569 1176 Deus
591 1119 635 1175 vol
659 1119 701 1175 illi
726 1119 982 1193 prevaricationis,
1037 1119 1109 1174 Nam
1127 1119 1203 1174 sicut
1218 1135 1309 1192 supra
1323 1119 1504 1175 ostendimus
1520 1135 1569 1174 eos
1584 1119 1680 1174 dicere
1702 1117 1778 1190 qnod
1805 1131 1862 1171 non

156 1207 205 1264 vel
231 1206 300 1263 huic
323 1207 498 1279 proditionis
521 1209 673 1282 imposuit,
698 1210 768 1281 quia
795 1213 927 1282 uterque,
957 1209 985 1264 si
1039 1209 1269 1264 estmandatum
1287 1208 1348 1276 Dei,
1371 1209 1412 1264 sic
1441 1212 1469 1264 et
1492 1209 1539 1264 bic
1564 1209 1682 1264 dicunt:
1708 1207 1771 1262 Non
1793 1222 1861 1279 ergo

157 1301 241 1370 quod
264 1300 416 1368 acceperat
438 1299 624 1365 custodisset,
649 1316 667 1354 a
694 1303 812 1372 peccato
837 1299 985 1356 abstinere
1038 1297 1316 1354 creaturahominis
1336 1315 1353 1353 a
1376 1297 1445 1366 Deo,
1468 1297 1538 1370 qnia
1568 1298 1644 1354 Dens
1669 1295 1780 1352 malum
1804 1312 1861 1352 non

159 1383 316 1458 potuisset.
334 1385 464 1457 Denique
479 1403 532 1442 nec
554 1386 672 1443 ludens
695 1403 798 1444 omnes
822 1386 984 1443 credituros
1040 1386 1117 1442 iecit.
1136 1386 1227 1442 Homo
1243 1391 1340 1442 autem
1357 1387 1524 1459 opinionem
1540 1386 1651 1458 accepit
1666 1385 1747 1454 mali,
1764 1385 1864 1442 duma

161 1473 285 1540 sciebat,
300 1477 330 1531 et
344 1477 442 1530 tamma
457 1473 518 1531 ait:
534 1477 593 1532 lton
610 1478 674 1532 areni
697 1478 756 1531 nisi
779 1477 814 1531 nd
837 1492 898 1532 eves
920 1492 985 1544 prr·
1042 1473 1127 1530 malis
1156 1475 1322 1547 precipitur
1350 1474 1506 1532 abstinere.
1534 1475 1594 1531 lloc
1627 1478 1725 1531 antem
1760 1489 1864 1548 genere

162 1562 235 1619 ditos
254 1562 350 1619 domus
372 1563 459 1620 lsrael
479 1565 586 1632 (aaut.
610 1582 657 1632 xv,
684 1565 744 1637 st).
769 1566 844 1637 lirgo
868 1581 925 1621 non
955 1564 985 1619 in
1042 1562 1132 1619 alium
1152 1565 1262 1620 bonum
1285 1565 1388 1633 Deum,
1409 1563 1500 1620 alium
1527 1569 1709 1638 operatorem
1734 1563 1863 1620 bominis

169 1650 300 1708 mandate
323 1651 412 1725 culpa
432 1656 488 1720 est,
514 1654 565 1708 sed
589 1654 621 1709 in
649 1654 856 1726 prevaricante
884 1671 986 1727 pecca·
1042 1657 1186 1709 conantur
1200 1654 1458 1718 asserere.Quibns
1474 1654 1712 1727 respondendnm
1727 1652 1864 1710 estillico

169 1743 230 1797 tum
244 1741 346 1797 estlit
368 1742 446 1814 quod
471 1741 501 1797 in
525 1743 584 1799 Deo
606 1743 671 1808 init,
694 1745 822 1800 ostendit
848 1743 987 1800 omnibns
1043 1743 1206 1798 secundum
1236 1743 1402 1815 opinionem
1433 1760 1528 1800 snam.
1557 1742 1587 1797 Si
1615 1743 1693 1799 enim
1716 1743 1865 1814 bominem

171 1829 244 1901 quod
258 1828 464 1887 omnesvoluit
478 1830 611 1888 liberare.
627 1833 685 1888 Neo
706 1837 804 1889 emen
829 1833 893 1888 dico
919 1833 988 1905 quia
1003 1864 1028 1928 B
1043 1828 1148 1886 nolunt
1162 1849 1180 1886 a
1194 1832 1251 1888 Deo
1268 1832 1388 1900 iactum,
1406 1833 1472 1904 quia
1490 1837 1623 1904 peccator
1647 1835 1691 1887 est
1715 1831 1816 1898 bomo,
1839 1834 1867 1886 ei

172 1918 433 1990 prevaricationem
466 1921 616 1978 nesciebat
652 1923 793 1991 futuram,
826 1921 897 1996 imo¹
920 1922 990 1993 quia
1046 1919 1099 1975 hoc
1115 1921 1275 1994 refugiunt,
1292 1922 1438 1978 uebonns
1455 1923 1531 1978 Dens
1558 1924 1739 1994 peccatoram
1763 1919 1867 1977 secisse

173 2007 277 2064 sciebat
289 2023 409 2066 assero:
427 2009 478 2065 sed
493 2026 552 2065 non
570 2010 636 2066 ideo
659 2011 809 2082 pereuntia
832 2011 990 2082 proditoris
1044 2008 1187 2074 videatur,
1202 2009 1272 2082 quie
1287 2027 1344 2065 non
1361 2014 1465 2082 putant
1476 2011 1586 2066 bonnm
1607 2009 1657 2082 qui
1679 2007 1779 2066 iecerit
1801 2024 1868 2081 pec-

173 2095 305 2152 invidiem
332 2096 364 2154 in
388 2114 420 2154 se
442 2099 544 2155 debuit
567 2099 709 2169 derivare,
738 2106 772 2156 ut
794 2101 991 2157 ascriberetur
1045 2101 1193 2166 catorem;
1222 2099 1322 2156 dicant
1347 2103 1447 2154 utrum
1476 2105 1656 2172 operatorem
1691 2096 1820 2154 hominis
1851 2114 1868 2154 a

175 2181 237 2251 Deo,
252 2187 330 2258 quod
346 2189 469 2260 uterque
486 2187 525 2244 sit
542 2187 654 2260 lapsus.
676 2190 760 2245 Nunc
786 2194 884 2246 autem
909 2193 988 2246 uter-
1045 2187 1103 2244 Deo
1120 2188 1228 2244 lactum
1248 2191 1361 2261 putent.
1374 2189 1404 2244 Si
1419 2189 1496 2244 enim
1513 2207 1530 2245 a
1550 2188 1609 2245 Dec
1634 2188 1728 2244 iactus
1742 2191 1787 2243 est
1807 2185 1866 2256 ille,

176 2289 227 2345 que
239 2275 435 2348 redarguitur,
451 2280 538 2349 atque
550 2279 784 2344 reconvincitur;
800 2278 870 2351 quia
893 2283 922 2334 et
940 2276 989 2335 ille
1045 2281 1078 2332 ut
1093 2276 1204 2344 dicunt,
1216 2281 1350 2350 operator
1363 2278 1502 2345 hominis,
1519 2277 1666 2350 quomodo
1681 2277 1776 2333 bonus
1791 2276 1867 2333 Deus

177 2364 556 2423 mandatnmnelaberetur
579 2368 700 2441 accepit,
724 2373 753 2424 ct
774 2368 822 2424 bic
844 2369 933 2424 etiam
958 2367 988 2423 iu
1044 2369 1224 2437 operatorem
1248 2366 1318 2422 mali
1342 2366 1434 2423 fecit?
1451 2366 1557 2446 Utique
1581 2383 1640 2421 non
1669 2366 1776 2432 bonus,
1798 2381 1867 2421 nam

178 2453 351 2524 apostolatus
373 2471 483 2512 munus
508 2457 640 2512 adscitus
662 2462 716 2524 est,
744 2457 833 2513 utvel
849 2456 989 2513 beneficio
1045 2454 1095 2527 qui
1137 2459 1318 2525 peccatorem
1353 2455 1423 2510 lacit
1456 2472 1513 2510 non
1551 2455 1666 2523 bonus;
1703 2455 1867 2511 cavendum

175 2539 220 2596 Dei
243 2547 426 2599 revocaretur
449 2561 466 2599 a
493 2545 668 2617 proditionis
692 2547 817 2602 ellectu:
845 2543 933 2602 simul
957 2549 990 2601 ui
1045 2559 1081 2598 ne
1115 2542 1232 2613 gravius
1270 2543 1308 2598 sit
1342 2546 1523 2614 operatorem
1556 2543 1716 2615 peccaturis
1753 2543 1866 2599 iecisse.

175 2627 238 2686 dum
265 2630 313 2687 alii
344 2632 543 2701 revincuntur,
570 2635 721 2707 prodesset
748 2634 896 2691 omnibus.
925 2634 988 2689 Non
1046 2630 1150 2686 Debuit
1175 2631 1254 2686 enim
1277 2632 1372 2687 bonus
1400 2632 1478 2688 Dens
1503 2632 1657 2704 probibere
1684 2631 1867 2687 nativitatem

173 2718 246 2774 enim
271 2721 445 2778 consisteret
473 2727 637 2794 peccatum,
673 2724 699 2778 si
731 2722 897 2779 interdictio
929 2739 987 2779 non
1045 2721 1119 2790 ejus,
1144 2721 1194 2791 qui
1219 2721 1329 2792 pcccati
1345 2721 1540 2777 substantiam
1567 2721 1695 2776 babebat
1717 2719 1866 2776 iuducere.

171 2806 279 2865 inisset.
294 2810 358 2866 Non
374 2810 552 2868 consistente
579 2816 677 2869 autem
703 2816 830 2885 peccato,
855 2829 914 2867 non
940 2829 988 2867 su-
1043 2809 1125 2875 Quod
1140 2810 1166 2864 si
1180 2809 1282 2865 dicunt
1297 2827 1354 2865 non
1368 2827 1431 2866 esse
1444 2811 1577 2883 genitum
1593 2814 1775 2882 operatorem
1798 2807 1867 2865 mali

164 2895 229 2952 lum
245 2897 365 2961 malitia,
382 2901 432 2956 sed
449 2900 536 2956 etiarn
552 2900 646 2958 virtus
665 2901 789 2958 sortasse
812 2918 871 2957 non
892 2905 986 2957 esset:
1043 2898 1252 2969 requirendum
1268 2903 1368 2954 utrum
1384 2899 1479 2955 bonus
1495 2899 1572 2954 Deus
1587 2896 1714 2970 potnerit
1735 2897 1867 2953 inhibere

166 3002 233 3059 que
246 2985 299 3043 nisi
315 2987 416 3060 aliqua
431 2987 547 3044 malitie
562 2989 689 3046 inissent
703 2989 826 3054 semina,
849 2988 894 3044 vel
918 2989 987 3044 sub·
1044 3003 1161 3058 quoquo
1177 2988 1263 3043 modo
1277 2987 1463 3060 incipientem
1480 2986 1635 3054 malitiam,
1647 3003 1684 3042 an
1697 3002 1753 3042 non
1766 2989 1867 3059 potue-

55 3106 57 3133 ι
162 3073 273 3131 sistere
299 3073 343 3131 vel
371 3077 499 3132 eminere
523 3094 581 3132 noa
607 3081 715 3150 posset.
740 3078 815 3142 Quid
844 3081 890 3134 est
909 3076 987 3133 enim
1044 3075 1091 3130 rit.
1109 3075 1139 3130 Si
1155 3075 1234 3131 enim
1251 3093 1308 3132 non
1324 3077 1427 3148 potuit,
1444 3076 1599 3132 infirmus:
1617 3075 1642 3132 si
1659 3074 1754 3148 potuit
1767 3081 1795 3132 et
1807 3091 1866 3131 non

159 3167 329 3236 peccatum,
346 3164 403 3220 nisi
420 3165 616 3235 prevaricatio
637 3165 710 3239 legis
738 3166 852 3235 divine,
882 3170 910 3221 et
933 3182 988 3221 cm·
1045 3163 1122 3232 lecit,
1140 3181 1196 3220 non
1209 3165 1313 3220 bonus.
1330 3165 1404 3238 Ergo
1420 3164 1443 3221 si
1459 3164 1515 3221 sibi
1531 3165 1588 3222 ista
1606 3181 1663 3222 non
1688 3167 1864 3238 congruunt,

156 3251 283 3308 lentium
297 3252 496 3309 inobedientia
510 3254 817 3326 preceptorumiNon
833 3255 911 3312 onim
934 3235 1023 3310 anfi
1042 3267 1096 3309 nec
1111 3270 1170 3308 sne
1192 3253 1248 3309 sibi
1274 3253 1475 3310 hereticorum
1500 3254 1677 3311 conveniunt
1700 3252 1864 3326 opiniones,

157 3340 252 3398 ribus
265 3340 393 3413 corporis
408 3341 443 3398 de
459 3342 606 3398 mandatis
621 3342 788 3400 celestibus
796 3343 984 3415 judicamus:
1040 3343 1227 3414 requiramus
1255 3358 1291 3397 ue
1317 3342 1389 3398 iorto
1414 3343 1536 3400 rationis
1560 3342 1658 3412 luerit,
1687 3359 1746 3415 qua
1775 3358 1865 3398 causa

156 3430 214 3486 sed
227 3445 295 3485 cnm
305 3431 585 3501 essetDeiverbnm,
597 3431 750 3503 opiniones
760 3431 987 3504 quedamnobis
1040 3431 1118 3487 Deus
1132 3431 1191 3487 sive
1220 3431 1310 3504 geniti
1327 3431 1387 3487 sive
1408 3449 1465 3488 non
1488 3432 1579 3505 geniti
1601 3431 1681 3489 illius
1704 3429 1864 3504 operatoris

154 3518 235 3574 boni
251 3521 279 3572 et
292 3515 361 3573 mali
377 3517 578 3591 pullularunt;
594 3519 666 3576 dum
676 3520 705 3575 id
717 3520 795 3592 quod
807 3519 919 3576 malum
930 3524 986 3586 eet,
1041 3519 1140 3575 siverit
1155 3519 1297 3575 malitiam
1320 3519 1441 3576 introire
1456 3521 1486 3576 in
1512 3521 1591 3576 hunc
1614 3520 1770 3586 mundum,
1795 3535 1862 3575 cum

155 3605 338 3666 naturaliter
350 3606 544 3681 intelligimus
558 3624 622 3664 esse
636 3609 801 3680 vitandum,
812 3613 841 3666 et
850 3609 927 3682 quod
938 3609 987 3664 bo·
1042 3608 1135 3680 possit
1149 3607 1291 3664 inhibere.

156 3712 240 3755 num
254 3700 298 3752 est
311 3694 484 3752 naturaliter
495 3696 580 3754 nobis
594 3696 787 3771 intelligimus
802 3713 866 3755 esse
880 3714 985 3771 prece·
1077 3698 1121 3752 41.
1140 3697 1239 3769 ltaque
1263 3702 1412 3753 servantes
1439 3713 1530 3753 unum
1554 3702 1583 3753 et
1607 3699 1743 3754 eumdem
1756 3697 1864 3770 {Deum

156 3791 262 3860 ptum.
278 3784 311 3840 ln
325 3801 359 3841 eo
372 3783 463 3858 igitur
476 3800 576 3841 vocem
591 3786 706 3842 Domini
721 3788 856 3843 videmur
873 3787 985 3850 audire,
1042 3787 1151 3841 bonum
1167 3790 1254 3858 atque
1269 3789 1462 3857 operatorem,
1478 3785 1506 3841 id
1524 3786 1547 3843 si
1566 3802 1736 3858 possumus,
1749 3789 1864 3842 astrua-

157 3872 246 3949 qnod
261 3872 319 3928 alia
332 3873 565 3942 interdicatssalia
578 3874 735 3948 precipiat.
752 3879 786 3932 Et
800 3875 864 3932 ideo
880 3875 904 3930 si
920 3874 988 3947 quis
1043 3891 1121 3938 runs,
1138 3875 1214 3945 quod
1230 3875 1329 3946 gratie
1345 3875 1463 3946 utrique
1478 3873 1630 3930 conveniat
1640 3875 1706 3946 (44),
1718 3889 1771 3930 nec
1781 3889 1865 3930 accu-

157 3981 222 4021 non
241 3961 381 4018 obedierit
394 3961 454 4019 illis
465 3979 529 4035 que
544 3963 663 4020 semela
677 3965 732 4020 Deo
744 3967 888 4038 precepta
897 3964 989 4020 credi·
1044 3964 1166 4019 sationis
1178 3980 1279 4020 eornm
1290 3963 1471 4020 declinemus
1482 3963 1634 4029 invidiam,
1645 3961 1862 4036 quiitedicuut:

158 4067 249 4121 mus,
263 4066 353 4122 paene
368 4051 512 4108 obnoxius
527 4050 699 4126 estimatur.
716 4054 765 4108 Dei
776 4056 988 4125 autemprace-
1043 4053 1193 4121 Quomodo
1211 4054 1305 4109 bonrrs
1321 4053 1397 4110 Dens
1412 4053 1462 4124 qui
1486 4069 1543 4108 non
1568 4051 1663 4108 solum
1689 4068 1795 4125 passus
1821 4054 1865 4107 est

158 4139 990 4216 ptnmnonquasiintabulislapideisatramentolegimus
1043 4141 1162 4197 introire
1187 4141 1217 4196 in
1241 4140 1320 4197 bunc
1343 4143 1488 4198 mundum
1512 4141 1676 4198 malitiam:
1701 4141 1752 4197 sed
1776 4140 1864 4196 etiam

159 4227 417 4300 inscriptum,sed
433 4229 569 4285 cordibus
584 4230 693 4286 nestris
707 4235 842 4286 tenemus
864 4231 989 4302 impres·
1043 4230 1073 4285 in
1096 4233 1208 4286 tantam
1234 4231 1435 4286 contusionem
1459 4230 1557 4286 venire
1583 4229 1726 4302 permisit.
1757 4228 1864 4304 ilerum

161 4333 240 4376 aum
255 4315 359 4388 spiritu
374 4316 426 4373 Dei
439 4317 506 4372 vivi.
523 4319 597 4390 ilrgo
608 4319 706 4390 opinio
720 4325 821 4376 nostra
843 4320 909 4391 ipsa
932 4318 989 4374 sibi
1044 4320 1105 4376 haec
1120 4319 1267 4375 accusatio
1282 4323 1352 4374 tunc
1370 4319 1466 4374 locum
1492 4305 1621 4384 bab'eret,
1647 4319 1671 4374 si
1696 4317 1736 4374 ita
1760 4316 1866 4373 anime

161 4408 265 4480 legem
280 4403 358 4462 iecit.
373 4404 402 4460 si
413 4404 490 4461 enim
506 4411 682 4479 gentesque
697 4408 790 4481 legem
801 4408 988 4473 nonhabent,
1044 4407 1104 4462 vim
1119 4412 1148 4463 et
1170 4407 1276 4462 intima
1300 4412 1411 4463 secreta
1434 4407 1542 4463 mentis
1560 4406 1708 4474 inliceret3
1729 4410 1763 4462 ut
1785 4405 1866 4462 nullo

162 4492 343 4552 naturaliter
354 4509 388 4550 ea
408 4511 473 4567 que
491 4494 566 4568 legis
587 4501 667 4563 sunl,
690 4497 818 4564 iaciunt;
844 4497 991 4567 ejusmodi
1046 4501 1129 4568 pacto
1145 4500 1245 4568 posset
1260 4495 1378 4563 aboleri,
1395 4500 1423 4551 et
1438 4495 1700 4552 immedicabilium
1711 4493 1866 4552 vulnerum

162 4585 264 4656 legem
279 4597 337 4637 non
352 4582 495 4640 babentes
509 4584 567 4656 ipsi
581 4583 637 4641 sibi
653 4589 723 4641 sunt
737 4583 793 4653 lex,
815 4585 865 4657 qui
890 4588 990 4641 osten·
1005 4605 1029 4670 D
1046 4583 1137 4639 menti
1152 4589 1239 4656 atque
1255 4585 1359 4640 anime
1375 4589 1480 4640 nostre
1503 4585 1583 4642 virus
1608 4585 1764 4642 insideret:
1790 4589 1868 4642 essct

163 4673 248 4730 dunt
260 4687 333 4743 opus
346 4670 421 4744 legis
435 4671 579 4744 scriptum
591 4672 622 4727 in
637 4673 774 4730 cordibus
788 4672 861 4729 suis.
887 4672 991 4745 Opinio
1045 4673 1124 4729 enim
1141 4673 1235 4746 aptior
1250 4673 1339 4745 hujus
1354 4673 1478 4747 querele
1493 4674 1585 4744 locus,
1609 4675 1686 4746 quod
1711 4690 1779 4731 cum
1804 4689 1866 4728 om·

164 4761 263 4836 igitur
273 4759 405 4816 bumana
419 4760 476 4816 sibi
491 4765 633 4833 tanquam
654 4761 704 4817 Dei
729 4760 775 4817 lex
793 4766 846 4818 cst.
1046 4761 1094 4818 nia
1122 4762 1216 4834 possit
1229 4761 1316 4828 Deus,
1328 4761 1477 4818 bominem
1489 4767 1585 4819 tamen
1597 4764 1690 4836 perire
1701 4761 1740 4818 sit
1749 4775 1866 4832 passus.

201 4849 251 4903 40.
269 4847 459 4905 lterumbinc
484 4848 571 4905 sliam
594 4849 707 4905 iaciunt
732 4851 934 4922 questionem,
959 4855 992 4906 ut
1045 4844 1867 4922 VerumcumDeusnostrimisericorsrespuendierroris

165 4935 343 4996 adinvicem
359 4937 489 4993 mandati
504 4939 569 5009 ejus
583 4939 661 5011 qnod
677 4939 805 4995 diximus
816 4940 847 4996 in
864 4940 992 4996 hominis
1047 4938 1176 4994 remedia
1191 4940 1390 5010 reservaverit,
1406 4939 1601 5012 abolendique
1621 4936 1716 4994 omnis
1740 4933 1866 5008 contagii

166 5025 309 5100 opinione
323 5025 493 5096 consistere,
508 5019 585 5082 hauc
603 5026 699 5100 ipsam
724 5028 890 5100 opinionem
915 5029 992 5086 1⁶²
1048 5045 1106 5083 non
1121 5027 1278 5083 aboleverit
1294 5026 1481 5084 facultatem:
1499 5027 1643 5099 quomodo
1671 5023 1868 5086 irrationabile

166 5118 347 5188 impressam
377 5131 395 5171 a
422 5114 481 5171 Deo
511 5115 596 5171 nobis
619 5120 761 5188 tanquam
791 5119 992 5190 prescriptum
1048 5116 1094 5174 vcl
1109 5116 1253 5189 injustum
1273 5123 1328 5184 est,
1355 5117 1378 5174 si
1404 5115 1537 5188 permisit
1560 5118 1693 5170 nostrum
1719 5112 1869 5170 materiale

166 5204 275 5262 divine
303 5202 375 5277 legis
405 5207 553 5261 accusent.
569 5204 701 5273 Noverat,
732 5205 876 5278 inquiunt,
902 5207 995 5263 bomi-
1048 5206 1153 5262 tentari
1169 5206 1296 5277 quadam
1311 5205 1503 5277 trepidatione
1525 5199 1689 5274 fragilitatis
1713 5201 1867 5258 humane:

166 5307 238 5350 nem
253 5295 445 5365 peccaturum
461 5292 512 5366 qui
526 5293 634 5349 creavit
647 5311 727 5360 eum,
738 5298 767 5349 et
776 5294 831 5350 bas
840 5295 994 5368 opiniones
1050 5299 1079 5352 ct
1093 5293 1258 5350 foeneratior
1274 5298 1373 5367 postea
1388 5293 1482 5364 gratia
1496 5307 1546 5363 per
1569 5289 1770 5363 penitentiam
1798 5289 1869 5346 dcli-

165 5380 368 5438 bonietmali
392 5380 553 5455 impressit,
584 5399 621 5437 an
648 5400 706 5438 non
735 5383 877 5439 noverat?
907 5383 943 5438 Ut
970 5383 995 5438 si
1050 5389 1164 5439 ntorum
1179 5383 1208 5437 in
1224 5381 1352 5438 bominis
1368 5379 1474 5436 rediret
1490 5380 1637 5446 allectum,
1652 5383 1680 5435 et
1704 5378 1871 5452 tragilitatis

164 5470 281 5526 dixeris
296 5470 367 5541 quia
380 5485 440 5526 uon
454 5474 583 5539 noverat,
597 5470 725 5527 alienum
742 5487 759 5526 a
778 5473 930 5544 majestate
945 5473 995 5529 Dei
1052 5491 1110 5530 sue
1126 5471 1258 5528 conscius
1275 5470 1351 5542 qnod
1368 5473 1428 5524 tam
1445 5467 1528 5525 facile
1544 5486 1561 5525 a
1576 5469 1741 5526 divinorum
1752 5469 1872 5526 manda·

199 5593 368 5666 (tillium.
402 5593 484 5664 edit,
513 5595 584 5668 qood
608 5596 710 5667 pratae
736 5597 829 5669 utique
853 5599 1005 5654 convertet.
1034 5595 1139 5654 Melius
1168 5595 1230 5652 alie
1254 5611 1321 5651 cnm
1347 5611 1442 5652 mss...
1467 5595 1576 5668 utrique
1598 5597 1749 5665 conveniat,
1774 5594 1804 5651 id
1829 5599 1873 5651 est

163 5665 274 5739 gratie
291 5663 343 5722 Dei
357 5665 427 5724 boni
442 5670 471 5724 et
489 5665 658 5739 operatoris.
