4159 6184
286 296 341 356 tal
1015 305 1046 364 S.
1071 300 1259 366 altetosll
1311 342 1318 356 ·
1897 315 1944 378 lib

284 420 393 485 versus*
409 430 444 485 ad
469 429 561 487 Deum
587 447 593 487 :
619 432 722 497 Gratia,
739 432 846 505 inquit,
869 436 920 491 Dei
940 452 993 507 per
1014 440 1110 493 iesum
1124 436 1151 502 A
1166 436 1194 491 Si
1210 453 1268 490 non
1284 439 1381 505 potest
1396 436 1632 505 convenire‚ccdo
1645 438 1870 505 omnibus,totum
1882 460 1944 517 cape,

284 516 423 574 Christum
446 520 594 576 Dominam
614 521 692 592 (leid.
709 523 765 594 25).
791 522 821 579 Si
845 523 947 580 tortior
968 524 1030 580 suis
1051 541 1110 580 non
1165 524 1190 579 si
1206 526 1241 580 de
1256 523 1318 580 loco
1334 530 1385 579 aut
1400 523 1585 596 possessione
1609 527 1750 583 dissensio
1771 532 1820 584 est.
1843 530 1909 593 Oucd
1927 535 1946 589 si

283 606 432 663 commisit
452 607 575 672 viribus,
600 609 676 681 quod
707 626 812 681 corpus
837 611 940 668 mortis
966 614 1109 676 evaderet,
1164 613 1297 668 moribus
1312 627 1369 668 non
1385 614 1530 678 convenit,
1547 614 1664 670 diseede
1686 630 1774 670 ame.
1788 618 1948 682 Quanlaante

283 695 334 751 sed
355 694 496 753 auxilium
516 696 650 767 quesivit
668 714 685 753 a
704 698 830 767 Christo,
852 700 922 771 quid
944 718 996 757 nos
1016 700 1110 755 iacere
1164 700 1315 773 premisit,
1332 717 1368 756 ne
1383 707 1537 774 cogeretur
1551 702 1718 759 discedere?
1739 704 1791 759 Sed
1813 706 1889 761 etiam
1906 707 1950 764 boe

283 788 396 855 oportet
420 784 617 840 infirmiores?
643 786 723 842 Hanc
747 804 877 860 pugnam
901 805 1016 859 gravem
1047 804 1111 844 essa
1164 790 1280 845 virtutis
1295 806 1328 844 ae
1343 790 1504 863 discipline
1519 796 1573 846 est.
1589 790 1667 847 Dixit
1681 792 1757 847 enim
1777 797 1838 848 ann
1858 810 1903 859 nos
1918 796 1951 851 vir

284 872 418 945 cognovit
431 873 632 939 Abrabam,et
648 874 711 929 ideo
736 875 765 930 iu
791 876 934 947 principio
950 877 1109 955 cavendum
1164 894 1198 932 ex
1223 876 1414 949 philosophie
1435 879 1582 951 proiectus
1600 878 1763 951 disciplina,
1782 885 1893 951 quatuor
1907 882 1953 938 hec

284 960 405 1032 putavit.
420 960 550 1031 Sapienti
575 961 653 1018 enim
678 964 759 1035 pacis
781 968 826 1020 est
841 966 984 1034 studium,
1000 966 1112 1037 impru-
1165 966 1240 1020 bono
1259 966 1320 1021 viro
1339 966 1462 1022 inesse:
1484 967 1520 1021 Ut
1540 967 1668 1022 elaboret
1687 967 1809 1039 primum
1828 973 1858 1022 ut
1872 986 1953 1025 omnes

282 1048 361 1103 denti
378 1048 591 1122 amicajurgia.
925 1072 926 1077 ¹
1164 1054 1222 1109 sihi
1242 1053 1352 1110 austros
1370 1055 1458 1109 iaciat
1478 1072 1485 1108 ·.
1506 1056 1680 1123 secundum,
1700 1059 1733 1110 ut
1750 1056 1773 1111 si
1800 1072 1853 1111 non
1879 1063 1955 1128 potest

317 1136 362 1192 28.
378 1138 437 1193 Non
461 1140 508 1205 sit,
524 1138 631 1211 inquit,
648 1142 715 1197 rien
739 1143 811 1198 ialer
833 1160 877 1199 me
896 1148 921 1198 et
945 1146 1069 1206 intorte,
1085 1147 1111 1198 et
1164 1143 1275 1198 amicos
1296 1145 1400 1207 iacere,
1417 1148 1495 1199 certe
1515 1160 1567 1199 nec
1587 1142 1879 1209 inimic0s1tertium,
1897 1148 1954 1200 utsi

279 1229 403 1298 pastores
429 1242 501 1283 meos
530 1231 556 1282 et
578 1232 696 1300 pastores
720 1234 789 1297 titos,
819 1233 886 1302 quia
914 1233 1039 1287 homines
1062 1248 1110 1288 aas
1164 1246 1217 1285 nec
1230 1230 1308 1285 istud
1326 1231 1465 1303 suppetit,
1481 1247 1516 1287 ax
1531 1230 1676 1288 sententis
1690 1230 1955 1303 discedebquarlom,

282 1316 384 1371 tratres
397 1328 492 1369 samus
506 1313 583 1381 (Gen.
598 1332 658 1381 xru,
675 1318 712 1388 8).
728 1316 866 1373 Patruum
882 1317 1008 1391 legimus
1019 1319 1109 1374 Abra·
1165 1320 1188 1374 si
1206 1319 1273 1389 quis
1289 1320 1440 1375 cedentem
1458 1324 1661 1391 persequatur,
1677 1320 1803 1375 vindicet
1823 1336 1861 1383 se,
1875 1325 1903 1374 ut
1919 1337 1957 1391 po·

282 1400 351 1457 ham
366 1407 395 1457 et
410 1401 463 1457 Lot
477 1404 541 1472 eJ’us
555 1410 706 1475 nepotem;
724 1406 870 1477 quomodo
897 1422 963 1461 cum
989 1407 1108 1462 tratrem
1163 1411 1231 1462 test.
1245 1409 1299 1462 Sed
1315 1406 1365 1461 illa
1379 1407 1435 1462 tria
1450 1408 1602 1479 superiore
1617 1408 1646 1462 in
1659 1406 1779 1462 Abrabae
1794 1423 1847 1461 nnn
1870 1423 1958 1463 sermo·

208 1493 214 1507 “
282 1488 431 1560 appellati
445 1490 501 1545 Sed
526 1492 642 1548 adverte
666 1494 735 1566 quie
759 1510 864 1549 causas
880 1494 1040 1549 concordiae
1066 1511 1110 1550 sa·
1162 1497 1250 1550 nibus
1267 1496 1364 1561 nudis,
1380 1496 1430 1551 sed
1446 1495 1521 1550 vires
1533 1495 1671 1567 operibus
1685 1494 1874 1568 agnoscimus.

282 1580 365 1651 piens
380 1577 509 1635 adhibet.
526 1578 607 1637 Unde
624 1581 775 1653 premisit,
793 1583 919 1638 Homines
933 1598 982 1638 nos
1003 1599 1107 1638 sumas.
1199 1586 1243 1639 30.
1259 1584 1401 1647 Quartum
1418 1590 1516 1640 autem
1543 1601 1602 1640 non
1625 1583 1666 1639 ita
1689 1589 1743 1649 est,
1760 1584 1868 1655 quando
1889 1583 1958 1638 etiam

282 1667 390 1723 Omnes
405 1670 501 1723 autem
516 1667 652 1725 homines
668 1669 756 1726 ouius
771 1674 880 1726 nature
903 1676 1004 1743 partus
1028 1675 1107 1735 sunt,
1163 1673 1239 1728 circa
1253 1673 1403 1728 cedentem
1423 1673 1549 1727 servavit
1571 1672 1709 1728 allectum
1735 1671 1961 1742 parentisutcnn

282 1755 360 1811 intra
368 1756 433 1827 ejus
449 1758 579 1827 concepti
594 1757 717 1824 viscera,
734 1762 762 1813 et
777 1775 835 1814 uno
852 1758 902 1814 loti
918 1764 1004 1831 atque
1023 1760 1107 1815 adusi
1164 1777 1220 1815 non
1242 1760 1339 1815 solum
1359 1777 1418 1815 non
1439 1765 1672 1831 persequeretur,
1693 1759 1744 1815 sed
1764 1759 1849 1815 etiam
1865 1764 1961 1830 captum

283 1847 375 1900 utero.
393 1843 473 1901 Unde
486 1845 582 1913 uobis,
596 1846 663 1917 jure
677 1848 803 1918 quodam
817 1849 1020 1917 germanitatis
1030 1812 1148 1903 velutB
1165 1855 1279 1904 erueret
1298 1865 1331 1904 ac
1350 1847 1496 1904 liberaret.
1518 1849 1650 1919 Denique
1668 1847 1825 1920 Apostolus
1847 1864 1906 1903 cum
1920 1847 1964 1901 tria

283 1931 387 1987 iratres
399 1932 602 1989 connectimur
628 1933 663 1989 ab
690 1951 749 1989 uno
774 1941 854 2007 patra
871 1936 988 2003 conditi,
1006 1940 1035 1991 ot
1051 1953 1109 1991 una
1163 1936 1213 1991 illa
1238 1939 1350 2000 doceat,
1371 1941 1508 2005 essartum
1543 1938 1696 2008 preceptis
1715 1935 1778 1993 suis
1798 1934 1886 2000 solvit,
1902 1935 1962 2006 quod

283 2023 375 2077 matre
390 2025 530 2093 tanquam
545 2022 650 2079 tratres
665 2022 771 2079 uterini
801 2024 883 2080 eddi.
900 2026 933 2080 Et
950 2025 1015 2081 idco
1040 2041 1108 2081 curn
1164 2025 1315 2080 addiderat
1343 2024 1610 2097 Philosophiana
1635 2024 1717 2080 enim
1745 2041 1811 2080 cum
1834 2024 1963 2095 pacificum

283 2110 377 2165 simus
392 2110 574 2167 rationabilis
590 2117 700 2168 nature
713 2111 987 2186 soboles,tanquam
1004 2113 1109 2169 uterini
1165 2113 1305 2185 populum
1321 2112 1371 2167 liei
1389 2114 1547 2169 inhumare
1562 2114 1647 2169 vellet
1663 2129 1669 2167 ε
1687 2114 1720 2169 Si
1734 2114 1795 2183 teri
1811 2116 1898 2184 petest,
1911 2109 1965 2180 qaod

283 2215 337 2254 nos
351 2197 733 2271 diligeradebemusamore
748 2206 922 2267 mutuo,non
936 2202 1109 2274 impugnare
1163 2218 1198 2256 ee
1212 2201 1288 2255 nohis
1302 2204 1351 2265 est,
1368 2216 1430 2255 cam
1446 2200 1573 2255 orantius
1595 2199 1756 2255 hominibus
1776 2214 1866 2271 pacem
1884 2197 1964 2251 toten-

283 2304 316 2342 ac
332 2286 479 2359 persequi.
497 2286 588 2343 Multo
603 2293 701 2344 autem
715 2290 812 2345 verius
823 2291 858 2345 ad
876 2306 964 2345 onom
979 2291 1109 2346 animam
1165 2294 1203 2345 tes
1218 2291 1306 2359 illuni.
1322 2306 1372 2355 xrs,
1389 2289 1434 2358 48)
1452 2305 1458 2343 :
1474 2289 1580 2344 deinde
1596 2288 1620 2345 si
1636 2287 1694 2343 boc
1709 2304 1767 2344 non
1788 2292 1886 2359 potest,
1898 2290 1965 2347 cene,

283 2376 416 2441 retertur,
433 2376 518 2446 cujus
538 2376 711 2433 rationabile
732 2382 872 2449 cognatos
896 2380 934 2449 (6)
959 2378 1056 2443 habet,
1079 2385 1111 2433 ut
1166 2394 1218 2433 nec
1232 2378 1408 2440 discordias,
1424 2393 1477 2432 nec
1503 2376 1686 2432 inimicitias.
1713 2377 1836 2447 ideoque
1854 2373 1965 2430 additis:

283 2480 373 2535 supra
388 2463 517 2519 diximus
532 2465 607 2536 (cap.
624 2480 632 2517 1
649 2464 738 2534 liujus
753 2465 841 2537 libri),
865 2482 971 2521 sensus
994 2466 1111 2522 irratio·
1165 2468 1222 2521 Noa
1251 2481 1294 2520 aas
1316 2466 1495 2532 vindicantes,
1521 2466 1679 2520 ctdmmimi
1704 2464 1783 2536 (thid.
1805 2465 1856 2534 19),
1879 2464 1904 2516 iu
1924 2476 1969 2531 quo

283 2550 514 2622 nabiles2quod
537 2558 634 2607 autern
659 2552 841 2624 rationabile,
858 2553 999 2609 virtutum
1023 2555 1112 2610 babet
1165 2556 1331 2609 ettertiuiu
1353 2557 1390 2622 (8)
1411 2554 1483 2607 illud
1504 2552 1678 2620 excluditur,
1716 2558 1749 2608 ut
1773 2551 1909 2607 vindicare
1928 2564 1969 2602 nos

282 2638 428 2711 copulam.
445 2639 528 2696 Unde
541 2640 670 2696 fraterna
695 2642 772 2698 aad
798 2643 924 2714 quadam
950 2644 1005 2698 sibi
1021 2660 1110 2716 copu-
1166 2657 1352 2713 nequaquam
1376 2642 1501 2696 velimus
1522 2658 1529 2696 ε
1551 2641 1603 2697 Sed
1627 2641 1695 2698 date
1714 2644 1804 2697 locam
1821 2644 1871 2697 irse
1888 2636 1969 2709 (laidi.

283 2728 382 2785 lentur
409 2727 625 2785 necessitudine
655 2728 726 2785 vitia
754 2731 934 2801 virtutesque
964 2732 1109 2799 hominis,
1165 2730 1469 2800 Habesetquartum,
1486 2730 1666 2785 utdiscedas
1685 2727 1971 2803 magisetvindictam

284 2817 420 2891 quiailla
438 2816 574 2885 carnalis,
596 2818 657 2874 iste
687 2818 869 2874 rationabilis
898 2820 1001 2874 enimse
1031 2826 1110 2875 sunt.
1166 2818 1223 2874 Deo
1243 2818 1424 2883 committas,
1445 2834 1534 2889 quam
1553 2816 1606 2874 tibi
1626 2817 1750 2890 exigas;
1776 2830 1932 2891 quenquam
1950 2817 1972 2868 et

284 2908 356 2963 Caro
370 2909 469 2962 autem
489 2910 577 2977 atque
597 2908 697 2962 anima
715 2906 805 2962 veluti
826 2908 956 2978 quadam
982 2908 1045 2978 lege
1064 2925 1112 2965 so·
1166 2906 1221 2961 hoc
1241 2907 1403 2961 secundum
1423 2904 1517 2976 legem
1537 2907 1632 2979 magis
1652 2906 1772 2986 dictum·
1789 2905 1876 2962 voluit
1888 2900 1969 2958 videri.

285 2996 399 3052 ciantur
419 2994 558 3067 coniugii,
584 2994 745 3067 exquibus
765 2996 853 3052 homo
874 3000 998 3052 constat.
1019 2997 1112 3054 Homo
1166 2995 1240 3050 Nam
1260 2994 1421 3051 secundum
1442 2995 1631 3068 Evangelium
1652 3012 1747 3068 supra
1766 2995 1854 3052 habes
1877 3010 1884 3048 :
1904 2993 1971 3047 tea·

285 3084 376 3152 igitur
393 3083 472 3139 velut
491 3084 638 3156 portiones
653 3101 722 3140 sues
742 3084 882 3140 ioedersre
904 3086 999 3146 debet,
1025 3090 1113 3158 atque
1166 3083 1249 3139 dicite
1261 3098 1305 3140 eas
1319 3085 1368 3154 qai
1381 3099 1426 3138 nas
1438 3093 1641 3155 persequantur
1655 3084 1763 3151 (Mettis.
1786 3102 1813 3148 v,
1834 3083 1886 3149 ts).
1901 3079 1973 3135 llabe·

286 3173 322 3229 ad
342 3188 443 3245 pacem
463 3188 574 3245 cogere.
587 3172 642 3227 Sed
663 3172 732 3244 quia
752 3189 837 3229 nemo
858 3178 920 3229 erat
940 3178 1040 3229 tantus
1060 3174 1148 3245 quic
1169 3189 1236 3227 mus
1251 3172 1312 3227 bec
1327 3178 1470 3245 praecepta
1484 3173 1520 3228 ad
1536 3172 1727 3229 Timotheum
1743 3174 1773 3228 in
1789 3170 1910 3229 secunda
1921 3166 1972 3237 llpl·

287 3277 403 3318 carnam
434 3261 571 3326 vinceret,
588 3261 662 3327 ideo,
681 3262 756 3316 Venit
781 3278 838 3333 pcc
864 3270 967 3331 nostia,
984 3265 1032 3335 qiii
1049 3264 1114 3334 terit
1167 3260 1243 3316 stola
1263 3279 1269 3315 :
1290 3262 1503 3332 Proptcr'qacm
1521 3277 1643 3328 eamear,
1675 3262 1783 3334 inquit,
1808 3261 1928 3316 adseram
1947 3260 1973 3317 tn

287 3360 403 3422 atroque
416 3366 512 3415 anam,
529 3356 555 3405 et
570 3349 691 3404 inediam
706 3352 839 3421 parietem
851 3354 983 3408 macerie
996 3352 1112 3417 solvens,
1168 3354 1197 3403 at
1216 3350 1357 3405 resuscites
1375 3356 1493 3420 pretinm
1511 3350 1562 3405 Dei
1580 3367 1639 3420 quse
1658 3354 1700 3406 est
1719 3354 1749 3405 in
1770 3358 1796 3405 te
1813 3364 1860 3419 per
1882 3344 1974 3416 impra-

290 3440 455 3495 inimicitics
469 3440 499 3493 ia
514 3454 597 3494 came
616 3454 677 3503 sac,
694 3440 779 3510 leqem
803 3440 998 3495 miradatoram
1019 3440 1114 3495 edictis
1168 3440 1269 3494 tionem
1282 3454 1418 3493 amanam
1446 3439 1523 3495 Μ
1537 3454 1674 3494 mearam.
1688 3441 1751 3495 ll'oa
1769 3440 1844 3496 enim
1864 3435 1930 3491 dedit
1940 3446 1976 3486 aa

289 3544 433 3595 cramteno,
449 3531 480 3583 ot
494 3528 560 3584 daos
574 3526 699 3583 conderet
713 3531 744 3584 in
757 3531 910 3600 semetipso,
923 3529 953 3583 in
974 3545 1028 3583 ano
1045 3544 1114 3585 novo
1168 3526 1208 3582 tis
1223 3530 1294 3582 Deus
1309 3529 1437 3597 spiritam
1453 3528 1571 3596 timoris,
1586 3526 1632 3581 sed
1647 3528 1776 3591 virtutis,
1790 3535 1816 3581 et
1830 3521 1974 3581 detranat.

289 3618 399 3673 homine
410 3617 514 3687 faciens
525 3633 630 3688 pacem,
646 3626 676 3673 at
690 3618 849 3673 conciliaret
872 3626 999 3689 atrosque
1014 3620 1044 3673 iu
1059 3634 1113 3674 ano
1166 3619 1193 3670 et
1206 3616 1362 3670 sobrietatis
1390 3612 1976 3683 (lilim.1,li,7).'ldtiterum:laan·

285 3721 396 3777 corpore
423 3705 486 3771 lieo,
500 3722 552 3777 per
579 3720 686 3761 cracem
710 3706 877 3775 interficiens
901 3707 1064 3761 inimicitias
1082 3709 1113 3761 ia
1167 3711 1231 3769 mm,
1251 3703 1294 3773 fili
1311 3702 1481 3770 charissime,
1495 3703 1691 3773 tortitudinem
1708 3719 1777 3775 cape
1794 3705 1825 3758 in
1849 3700 1931 3769 pretio
1947 3693 1974 3761 [ll

284 3796 424 3865 semetipse
446 3793 552 3865 (Ephes.
577 3810 607 3863 u,
629 3792 664 3849 tt
683 3798 711 3849 et
730 3794 786 3861 ts).
807 3793 893 3848 Recte
917 3792 1007 3865 igitur
1028 3810 1060 3849 se
1081 3799 1114 3850 ut
1168 3793 1233 3846 l'im.
1250 3809 1282 3861 11,
1298 3792 1334 3864 l).
1351 3792 1447 3848 liabes
1462 3808 1537 3863 ergo
1562 3792 1664 3862 primae
1688 3798 1869 3864 preceptum
1882 3790 1979 3844 senten·

284 3881 433 3938 hominem
448 3880 593 3938 infelicem
615 3882 689 3936 dixit
711 3882 868 3952 Apostolus
884 3881 968 3951 (Rern.
987 3898 1037 3949 vu,
1054 3883 1111 3953 24),
1166 3880 1212 3935 tiae
1232 3885 1265 3935 ut
1283 3896 1352 3952 erga
1371 3896 1473 3936 omnes
1493 3880 1619 3951 gratiam
1639 3880 1736 3950 locet;
1759 3880 1864 3937 deinde
1887 3876 1910 3930 si
1932 3887 1978 3927 non

283 3972 334 4042 qui
354 3976 469 4027 tanturn
495 3968 605 4025 bellum
627 3968 705 4025 intra
724 3985 755 4025 se
775 3974 932 4041 pateretur,
954 3970 1031 4041 quod
1053 3988 1111 4027 non
1165 3976 1260 4041 potest
1289 3970 1441 4041 preceptis
1460 3973 1523 4025 suis
1542 3985 1647 4025 omnes
1666 3970 1834 4042 acquirere,
1851 3968 1979 4024 caseatae

283 4060 375 4131 possit
390 4058 571 4130 restinguere
586 4058 635 4129 (7).
652 4057 783 4130 Denique
808 4074 876 4113 cum
903 4059 939 4114 de
964 4075 1022 4114 una
1048 4076 1112 4130 pcr-
1166 4058 1262 4113 verbis
1277 4057 1391 4129 aliquos
1406 4062 1565 4129 exasperet,
1580 4058 1635 4114 boc
1659 4063 1718 4129 est,
1735 4075 1773 4114 nc
1798 4055 1925 4113 inimicos
1947 4050 1979 4103 la-

282 4147 1111 4221 tiuuculapassionum,hocestiraeundia,diceretSa·
1166 4146 1235 4201 ciat.
1265 4146 1346 4203 Unde
1370 4146 1412 4201 ait
1434 4145 1511 4202 inira
1531 4164 1537 4202 :
1558 4148 1619 4202 liaec
1647 4162 1821 4214 commoneo,
1852 4140 1982 4211 aetiana

284 4222 383 4293 lo'mou
401 4254 408 4293 :
425 4238 587 4302 meliorest,
603 4236 708 4309 inquit,
725 4238 833 4307 sopiens
847 4238 914 4307 sorti
928 4254 937 4290 .·
953 4239 1000 4307 qui
1022 4241 1113 4293 antem
1165 4250 1261 4291 coram
1288 4234 1351 4301 Dee,
1380 4236 1439 4291 noti
1466 4235 1555 4291 verbis
1582 4236 1760 4305 matertere,
1781 4238 1814 4291 ia
1831 4233 1900 4289 uita
1917 4227 1982 4289 utile,

285 4326 458 4382 innantium
471 4328 601 4391 eontinet,
611 4327 711 4381 melier
725 4333 855 4397 estqunm
870 4327 917 4395 qai
932 4325 1026 4381 artem
1041 4328 1112 4397 capit
1165 4325 1222 4379 nisi
1236 4323 1271 4378 od
1284 4324 1486 4379 satoersionem
1504 4323 1683 4379 audientiam
1698 4324 1782 4396 (ibid.
1799 4323 1856 4393 ll).
1879 4321 1983 4375 seuam

286 4415 376 4483 (Pron.
392 4430 449 4480 xvi,
463 4416 520 4485 32).
537 4415 643 4469 beatus
659 4413 748 4485 igitur
771 4413 821 4483 qui
841 4413 896 4468 boc
920 4413 1030 4469 bellum
1047 4429 1111 4470 eva·
1167 4417 1264 4468 autem
1280 4412 1396 4467 Domini
1412 4429 1470 4467 non
1485 4416 1598 4484 oportet
1611 4411 1801 4485 litigas-esen
1812 4412 1983 4467 mansuetam

285 4500 355 4557 serit
379 4499 466 4556 etiarn
491 4518 548 4557 non
576 4501 687 4557 advena
710 4506 739 4557 et
763 4501 946 4574 peregrinus,
964 4502 1013 4557 sed
1039 4501 1112 4558 civis
1129 4533 1151 4598 D
1166 4516 1231 4556 esse
1254 4501 1291 4556 ad
1316 4517 1429 4557 omnes.
1455 4500 1579 4558 Pulchre
1604 4507 1672 4573 post
1698 4518 1798 4573 pauca
1822 4494 1950 4570 subjecit,
1962 4493 1985 4546 el

284 4588 762 4657 sanctorumetdomesticusllei,
780 4606 867 4662 quem
884 4588 1014 4645 interris
1037 4590 1112 4662 posi·
1166 4606 1286 4647 causam
1306 4590 1451 4661 prestitit,
1472 4606 1561 4661 quam
1588 4588 1786 4662 philosophia
1811 4606 1870 4645 non
1895 4584 1983 4641 vidit:

284 4684 349 4735 tum
364 4682 480 4733 terrena
495 4694 554 4733 non
570 4677 714 4749 quatiant.
1164 4682 1234 4736 dam
1246 4678 1387 4746 modestia,
1405 4677 1511 4750 inquit,
1526 4680 1717 4747 corripeatcm
1731 4694 1779 4735 eos
1793 4680 1844 4750 qai
1861 4676 1984 4732 resarum

319 4768 361 4824 29.
382 4768 466 4823 Hunc
494 4766 630 4822 affectum
654 4782 769 4822 servare
792 4767 928 4839 cupiebat
951 4767 1109 4824 Abrabam.
1164 4784 1199 4823 rie
1212 4766 1320 4839 quemlo
1333 4767 1404 4822 beas
1427 4766 1471 4823 det
1497 4767 1555 4821 iliis
1578 4770 1781 4838 penitentiam
1794 4768 1831 4823 cd
1844 4775 1986 4837 maneam·

281 4858 381 4931 ltaque
397 4862 429 4913 ut
442 4856 486 4911 vir
498 4855 639 4928 pacificus
654 4855 694 4911 ait
707 4856 800 4926 primo
818 4872 824 4911 :
841 4860 903 4911 Non
917 4858 952 4911 sit
962 4858 1027 4911 rire
1037 4859 1111 4913 inter
1163 4857 1227 4912 dam
1243 4859 1380 4911 ceritatem
1394 4854 1473 4928 (ltid.
1489 4856 1546 4924 25).
1561 4856 1604 4910 ad
1622 4856 1751 4912 tertium
1775 4869 1893 4930 quoque
1912 4846 1985 4910 illud,

279 4962 323 5003 me
337 4951 361 5003 et
377 4947 448 5002 inter
462 4952 486 5001 tc
501 4945 578 5017 (Gen.
590 4960 652 5010 xlii,
670 4943 725 5014 12).
741 4942 811 4997 lude
827 4943 867 4998 ait
888 4962 894 4998 :
918 4946 949 4998 hl
964 4947 1037 4999 inter
1060 4962 1108 5016 pa·
1164 4950 1197 4999 ut
1212 4945 1398 5000 discedamus
1413 4944 1449 4999 ab
1464 4944 1507 4999 eis
1523 4960 1591 4999 cum
1606 4944 1720 5016 quibus
1737 4945 1826 5002 nobis
1849 4937 1987 5000 convenire

279 5040 364 5091 stores
378 5050 461 5103 meas,
475 5042 501 5090 et
518 5037 639 5105 pastores
650 5034 711 5087 taos
726 5032 964 5103 (lindiffer-tium
987 5034 1084 5104 posuit
1100 5050 1107 5089 :
1163 5051 1221 5089 non
1238 5032 1435 5107 potest,babcs
1450 5033 1595 5103 additum,
1609 5048 1680 5089 cum
1696 5034 1840 5106 pracepit
1854 5036 1886 5088 ut
1900 5028 1986 5099 loqua-

280 5124 353 5193 licce,
371 5123 476 5195 inquit,
492 5125 550 5179 tcto
573 5125 649 5177 terra
673 5125 737 5175 ente
758 5130 783 5176 te
806 5118 885 5192 (ltid.
911 5122 949 5191 9),
973 5120 1027 5178 boc
1053 5127 1107 5191 est,
1163 5127 1212 5179 tur
1230 5140 1294 5195 que
1313 5122 1416 5178 decent
1435 5137 1538 5179 sanem
1557 5121 1740 5190 doctrinam,
1757 5122 1865 5179 deinde
1888 5128 1989 5193 pugnas

316 5252 354 5324 (d)
371 5253 440 5310 Mas.
457 5254 554 5323 Corb.,
572 5252 653 5309 Vale.
674 5255 703 5309 et
725 5254 811 5308 Torn.
850 5252 924 5307 rima
942 5266 1044 5321 manu,
1059 5272 1106 5311 ca-
1162 5255 1317 5312 indicetur.
1955 5322 1960 5333 ,

276 5325 323 5406 jus
349 5326 539 5409 irrationabile
559 5329 693 5397 aepactas,
710 5328 776 5389 etc.;
795 5269 873 5379 (laih.
891 5327 918 5378 et
934 5323 1108 5405 Mancajas
1143 5330 1150 5343 “
1197 5331 1235 5401 (7)
1255 5327 1384 5397 Amerb,
1400 5328 1481 5384 liras.
1499 5328 1663 5401 etquidem
1680 5344 1759 5387 mss.
1776 5331 1866 5401 possit
1884 5332 1988 5383 raaia·

282 5396 472 5451 arraacactale
498 5406 631 5453 certatam
651 5397 732 5452 dotet
756 5396 890 5467 copulam.
909 5394 964 5450 Sed
981 5396 1106 5453 aliorum
1160 5416 1233 5471 pere.

280 5472 369 5589 ⁸12¹?ss
384 5466 453 5522 edit.
469 5467 626 5547 genuinam
641 5465 795 5548 lectionem
811 5482 875 5522 esse
889 5471 952 5521 tum
974 5466 1106 5524 collectio
1196 5470 1234 5542 (8)
1249 5470 1369 5553 Videtur
1383 5470 1431 5553 bic
1447 5468 1547 5543 aliqua
1560 5469 1758 5553 transpositio
1783 5487 1861 5541 esse,
1875 5471 1904 5526 et
1918 5460 1988 5541 quod

281 5552 316 5595 au
335 5542 414 5606 jecta
429 5542 501 5594 satra
515 5537 608 5610 docet,
624 5554 764 5595 nimirum
782 5555 788 5595 :
806 5537 880 5595 Unde
897 5540 1022 5611 fraterna
1038 5556 1105 5612 qua·
1159 5545 1273 5601 tertium
1287 5543 1358 5599 dicit
1374 5542 1532 5599 dicendum
1551 5546 1649 5615 potrus
1676 5548 1825 5615 quartam,
1841 5553 1870 5603 et
1882 5543 1984 5601 sonim·

280 5607 354 5683 darii,
370 5610 436 5683 etc,
453 5610 516 5667 tum
531 5609 620 5670 etiam
635 5608 717 5672 loeas
732 5626 741 5667 r
755 5610 873 5691 eapqui
889 5609 924 5671 ad
941 5608 1104 5689 marginem
1159 5614 1215 5675 Sed
1231 5614 1260 5675 in
1276 5613 1331 5675 boc
1346 5613 1420 5675 nibil
1432 5630 1486 5683 eos
1499 5628 1571 5675 mss.
1585 5613 1694 5695 juvare
1706 5620 1849 5692 ponunt.
