4159 6184
262 245 320 308 307
996 243 1028 303 S.
1050 239 1238 308 AMBROSH
1873 248 1921 316 toa

249 385 254 390 ’
296 376 425 443 auaritia,
442 391 523 449 quam
538 379 568 431 tn
579 392 637 433 rem
650 377 802 448 Sa'ripleooe
821 377 894 431 taem
919 373 1086 446 explicatur,
1103 375 1130 444 Α
1145 377 1230 449 quaai
1245 377 1401 436 feneratori
1416 391 1466 432 eae
1482 376 1536 448 (29)
1553 373 1640 432 aiicnl
1656 375 1784 433 dominun
1806 382 1922 442 candidis

296 450 430 531 stannique
444 448 599 504 ostenditur
613 449 759 504 materiam
772 449 1015 520 praevaricationis
1030 462 1089 503 ease
1141 469 1186 522 80(
1201 465 1293 538 dign„
1319 481 1414 538 βω,
1442 464 1601 522 Dominum
1630 463 1816 537 relinquentes
1838 467 1924 527 hm

294 524 504 596 senemnmm'
1142 554 1215 610 servi
1232 555 1309 627 quod
1325 552 1454 625 amplius
1469 569 1559 626 quam
1574 552 1698 610 carceris
1712 570 1804 627 paenas
1816 557 1924 614 etvinen·

294 645 339 702 29.
356 644 423 700 Vidi
441 660 494 716 ego
510 642 677 700 miserabile
692 641 903 715 spectaculum,
920 640 1011 697 libros
1032 658 1085 715 pro
1141 642 1170 698 fa
1182 642 1395 699 reformident:
1414 642 1524 699 habent
1537 641 1621 698 liberi
1636 643 1712 714 qaod
1726 648 1837 714 paveant
1848 645 1923 718 proii-

258 740 381 808 paleruo
396 732 493 791 debito
504 733 533 788 in
550 733 714 789 auctionem
732 731 847 798 deduci,
864 736 893 788 el
916 731 1007 786 teneri
1037 747 1085 786 ea·
1140 730 1264 787 bertatis
1279 732 1402 787 incuria.

260 819 403 881 lamitatis
418 821 557 886 haeredes,
574 821 623 892 qni
640 838 698 877 non
714 826 812 878 essent
831 818 989 892 participes
1008 836 1084 882 ,suc-
1176 821 1312 876 8⁰13&
1335 818 1430 876 Simul
1455 819 1530 876 illud
1559 821 1686 885 adverto,
1714 820 1786 893 quod
1812 821 1924 880 feneratio

258 912 398 970 cessionis
415 928 422 978 ς
439 914 466 965 et
482 910 537 966 hoc
551 915 611 966 tam
633 910 763 966 immane
778 910 921 983 flagitium
934 925 992 966 non
1020 925 1086 964 eru·
1138 909 1385 982 prevaricationis
1400 908 1666 981 materiajudieata
1680 908 1741 976 oit3
1769 909 1873 982 quadis
1895 912 1924 967 fa·

258 1001 375 1058 bascara
390 997 573 1054 creditorem.
591 999 692 1063 instet,
707 1001 801 1072 urget,
815 997 936 1054 addicit.
951 997 1025 1068 Mea,
1040 996 1085 1052 in·
1138 997 1193 1054 cite
1209 998 1326 1054 recedat
1340 1015 1357 1053 a
1381 997 1512 1066 domino,
1525 997 1576 1070 qui
1603 996 1756 1054 feneratori
1769 1014 1799 1054 se
1823 999 1925 1071 potuerit

257 1088 330 1162 quit,
347 1087 449 1144 nutriti
466 1087 599 1160 pecunia,
625 1104 677 1160 pro
692 1087 831 1143 alimonia
858 1086 1008 1142 servilium
1038 1101 1083 1141 re·
1137 1085 1277 1159 obligare.
1294 1088 1391 1142 Fenus
1403 1086 1482 1144 enim
1497 1087 1578 1143 radix
1594 1086 1747 1152 mendacii,
1762 1104 1843 1144 eausa
1858 1089 1925 1160 perd·

256 1179 625 1251 cognoscantprosumptu
642 1175 833 1232 licitationem
862 1175 996 1231 subeant.
1013 1174 1082 1248 Agi-
1137 1175 1925 1248 diaest:«Ego,inquit,vosaonvendidi;aedper-

255 1271 334 1323 latur
349 1266 434 1322 hasta
449 1266 484 1321 de
500 1265 601 1338 pretiis
617 1265 813 1338 singulorum.
840 1265 903 1320 Non
935 1264 1083 1320 immerito
1137 1263 1211 1320 catis
1223 1263 1448 1332 vestrisvendili
1459 1264 1531 1320 estis
1545 1264 1648 1336 (tila).
1668 1287 1681 1312 a
1694 1265 1766 1337 Ergo
1779 1263 1927 1336 quiscfene·

254 1355 340 1412 hasta
354 1355 492 1428 agitatur,
509 1354 558 1410 ubi
574 1358 662 1428 caput
677 1354 835 1426 queritur:
866 1369 923 1410 non
951 1353 1081 1410 immeri·
1137 1351 1225 1407 reteri
1240 1351 1361 1425 obligat,
1377 1351 1440 1424 ipse
1454 1368 1485 1410 se
1499 1353 1599 1408 vendit
1615 1371 1622 1422 ;
1638 1357 1676 1422 et,
1692 1353 1767 1426 quod
1787 1352 1863 1426 pejus
1884 1357 1925 1419 eet

255 1447 284 1501 to
305 1443 341 1500 ad
371 1443 537 1500 auctionem
568 1443 744 1515 pomonitur,
775 1441 825 1496 ribi
851 1458 915 1497 ears
939 1441 1080 1513 pascitur.
1135 1441 1282 1496 venditae
1297 1457 1356 1496 non
1371 1458 1436 1507 are,
1452 1442 1503 1497 aad
1519 1440 1614 1514 culpa.

255 1533 379 1590 Haeceat
408 1533 579 1588 feneratoris
607 1531 821 1600 inhumanitm,
854 1531 915 1586 haec
940 1531 1081 1587 debitoris
1451 1529 1566 1585 CAPUT
1594 1530 1640 1586 IX.

255 1620 392 1690 stultitia,
410 1625 442 1676 ut
457 1620 526 1676 ollis
541 1621 650 1691 quihus
666 1637 724 1676 non
748 1619 887 1692 relinquit
914 1621 1080 1691 pecuniam,
1135 1597 1246 1683 '’mit''
1271 1603 1457 1684 [concitorem
1485 1601 1626 1686 dictatam
1653 1617 1718 1688 titt·
1745 1604 1791 1673 (Μ’
1816 1600 1928 1656 slim

1170 1675 1254 1725 etiam
1268 1672 1380 1726 dioneos
1394 1689 1458 1727 scias
1472 1677 1623 1742 oaoenmnt,
1639 1689 1667 1728 ce
1681 1675 1852 1742 [monerem
1872 1669 1929 1726 toul

253 1711 418 1767 libertatem
434 1711 557 1772 auferet,
581 1725 632 1781 pro
648 1713 822 1764 testamento
852 1707 1121 1813 chirographumB
1171 1743 1337 1806 absimilem·
1352 1745 1434 1814 atque
1458 1744 1561 1800 ibidem
1574 1744 1607 1800 de
1634 1746 1780 1800 nemesim
1805 1759 1885 1798 um
1904 1757 1928 1794 ac

253 1799 394 1864 dimittat,
410 1815 462 1870 pro
479 1797 677 1853 emolumento
691 1797 869 1853 hereditatis
881 1796 1078 1870 syngrapham
1170 1815 1319 1869 mosim„
1332 1831 1388 1882 ove,
1400 1815 1485 1886 deque
1498 1817 1640 1872 credi-m
1668 1819 1778 1872 nomm
1802 1814 1866 1888 quod
1887 1813 1929 1868 sibi

254 1887 451 1960 obligationis.
473 1887 545 1953 Quid
558 1887 613 1942 sibi
629 1885 691 1942 vtrll
706 1886 819 1958 patruni
834 1886 863 1942 in
882 1886 988 1942 liberos
1010 1885 1079 1942 scri·
1171 1887 1288 1956 imponit
1304 1902 1381 1942 cerno
1395 1895 1514 1942 enmtor.

184 2025 186 2030 .
254 1981 339 2050 ptura
354 1975 513 2042 maledicti,
529 1976 578 2032 ubi
596 1974 677 2030 nulle
692 1979 736 2029 est
751 1975 835 2048 impii
850 1975 961 2031 offensa
980 1990 1078 2046 pecca·
1167 1974 1212 2029 33.
1229 1973 1370 2039 Ouiaiste
1386 1975 1555 2048 peecaliest
1581 1976 1737 2047 fenerator,
1766 1975 1820 2031 niai
1846 1971 1928 2029 diaho-

254 2065 478 2138 tifAnpofest
501 2063 605 2119 doricis
635 2063 752 2135 aliquod
783 2079 848 2120 esse
878 2063 1078 2130 meledictum,
1133 2061 1369 2135 inaequalius
1384 2068 1680 2137 mutuatapeacotum
1698 2065 1930 2122 ohnouaeenccee·

255 2155 431 2228 graviusque
446 2153 596 2210 servilium
615 2153 670 2224 (at)
687 2153 701 2207 ‘l
717 2154 750 2207 Et
765 2152 814 2207 illa
831 2157 905 2225 stopa
920 2156 986 2224 post
1001 2169 1078 2207 mor·
1133 2150 1235 2218 sionis,
1251 2152 1351 2208 usuris
1365 2151 1543 2209 defeneravit
1556 2169 1642 2210 omna
1671 2169 1766 2227 genus
1792 2152 1929 2208 humanam

253 2240 872 2313 lemhabetdefunctuscompcndia,quod
890 2258 946 2296 non
967 2243 1079 2313 spectat
1133 2240 1205 2312 (l'id.
1222 2240 1250 2296 S.
1267 2242 1390 2313 August.
1405 2240 1456 2297 lib.
1473 2260 1481 2296 r
1498 2241 1574 2311 Cant,
1601 2244 1658 2300 lul.
1687 2242 1786 2312 Pelea.
1813 2258 1869 2314 cap.
1889 2237 1930 2306 til

254 2333 388 2389 miserias
404 2331 542 2388 filiorum.
1133 2329 1264 2402 Denique
1279 2331 1363 2403 quasi
1379 2329 1476 2386 malus
1491 2331 1636 2388 lanciator
1658 2329 1875 2403 chirographum
1899 2331 1929 2382 te·

289 2419 673 2493 30.Venditpleromqneet
690 2417 889 2490 petcrliberoa
906 2418 1079 2474 anctoritate
1133 2419 1207 2488 nuit,
1224 2419 1301 2491 quod
1330 2424 1431 2492 postea
1458 2419 1601 2476 Dominus
1629 2436 1683 2476 sno
1712 2437 1813 2476 cruore
1837 2415 1930 2474 delevit.

254 2511 460 2586 generationis,
478 2509 527 2564 sed
544 2525 600 2564 noo
617 2523 686 2562 voce
701 2507 816 2580 pictatia
833 2525 839 2563 :
857 2507 892 2563 ad
914 2508 1077 2563 auctionem
1133 2506 1245 2564 Etenim
1261 2509 1339 2579 quod
1355 2509 1459 2564 mortis
1473 2513 1536 2566 erat
1548 2508 1841 2583 scriptumapicibus,
1851 2503 1931 2562 debuit

255 2600 427 2672 pudibundo
443 2598 524 2654 vultu
541 2599 597 2670 (28)
613 2597 736 2652 miseros
751 2596 841 2651 trahit
855 2595 956 2652 dicens
975 2613 982 2650 :
1011 2596 1076 2652 Sol·
1133 2602 1227 2652 morte
1243 2597 1371 2653 dissolvi.
1388 2598 1543 2654 {fenerator
1557 2614 1625 2671 ergo
1648 2596 1797 2654 diabolus.
1824 2593 1932 2664 Denique

252 2688 401 2758 vitantii,
425 2687 500 2760 gula
526 2703 597 2742 meae
625 2689 789 2758 sumptum,
819 2684 921 2740 solvite
950 2689 1077 2756 paternae
1132 2686 1304 2742 ostendebat
1318 2684 1459 2741 salvatori
1474 2685 1590 2742 divitias
1604 2703 1677 2742 suas
1698 2685 1819 2742 dicens:
1846 2706 1859 2733 a
1881 2680 1931 2736 aaa

254 2794 361 2835 menna
376 2777 502 2850 pretium
520 2791 526 2829 :
542 2774 650 2830 vomite
664 2775 742 2846 quod
758 2773 995 2840 nondovorastis,
1013 2774 1077 2828 rad-
1132 2772 1232 2830 omnia
1245 2773 1299 2829 tibi
1313 2773 1400 2840 dabo,
1416 2774 1439 2830 si
1456 2767 1931 2846 procidensadoraverisme[fatti.

252 2867 313 2922 dite
328 2866 404 2938 quad
421 2881 477 2920 non
496 2863 649 2934 accepistis
666 2863 738 2930 3hoc
755 2861 900 2926 meliores,
917 2863 993 2932 qnod
1013 2877 1077 2918 ves·
1132 2877 1170 2931 tv,
1185 2865 1224 2932 a).
1241 2883 1256 2913 »
1271 2865 1309 2917 at
1322 2879 1390 2919 vero
1404 2862 1548 2920 Dominus
1562 2863 1629 2920 eris
1642 2863 1757 2921 solutor
1783 2860 1874 2926 alieni,
1898 2855 1932 2912 ni·

253 2960 298 3013 tro
314 2954 406 3027 pretio
422 2939 568 3008 redimitis
583 2954 706 3023 patrem,
723 2954 819 3006 vestra
835 2949 1077 3022 servitutepaler-
1132 2952 1173 3008 hil
1190 2952 1246 3024 ipsi
1259 2952 1393 3021 debebat,
1409 2951 1459 3024 qui
1474 2955 1588 3025 poterat
1613 2951 1713 3010 dicere
1729 2969 1736 3009 :
1753 2975 1767 3002 α
1783 2952 1850 3007 Ecce
1872 2945 1934 3002 venit

253 3061 321 3102 uam
338 3043 436 3100 emitis
452 3042 626 3098 libertatem.
1134 3042 1224 3113 hujus
1238 3040 1342 3097 mundi
1357 3040 1502 3114 princeps,
1518 3045 1547 3098 et
1560 3041 1590 3097 in
1605 3058 1654 3098 me
1668 3059 1760 3098 snum
1776 3057 1831 3097 uon
1845 3034 1934 3094 invenit

260 3133 333 3190 ·st.
352 3127 651 3200 listoutaliquisqui
682 3128 835 3184 subvenire
864 3129 967 3199 possit,
996 3103 1207 3188 acce-Cninit
1222 3131 1278 3201 (30)
1291 3131 1379 3200 (laon.
1397 3147 1453 3197 xiv,
1470 3130 1525 3204 30).
1545 3154 1557 3180 o
1573 3130 1652 3187 n‘ihil
1668 3127 1866 3197 debebatsea
1889 3121 1933 3180 sol·

253 3225 312 3281 dat
328 3221 398 3288 Ouia
413 3224 527 3276 tentam
543 3215 653 3289 expleat
664 3216 939 3290 Clearybdiniquis
951 3218 1078 3274 rationes
1131 3221 1283 3292 vebatpro
1306 3219 1456 3286 omnibus,
1485 3219 1563 3274 sicut
1589 3219 1652 3293 ipse
1682 3223 1808 3276 testator
1832 3215 1934 3272 diacos:

253 3309 427 3368 feneratoris
442 3311 583 3378 agnoscat
597 3305 688 3378 tquis
703 3304 854 3362 avaritiam
872 3305 986 3362 satiet?
1013 3325 1078 3379 quea
1133 3332 1147 3358 «ι
1165 3311 1232 3374 Qua
1246 3324 1304 3363 non
1320 3306 1413 3378 rapui,
1442 3311 1513 3363 tunc
1539 3306 1726 3362 exsolvebam
1751 3304 1832 3378 (Psoi.
1857 3314 1935 3363 mviii·

254 3415 312 3455 non
329 3399 384 3454 iste
399 3397 494 3470 pretia
509 3398 671 3467 exaggeret,
688 3410 755 3450 cnm
776 3395 882 3450 viderit
910 3396 1079 3469 redempto·
1132 3382 1172 3468 5)ss

252 3482 872 3556 restNoncnimeuomagislucroquam
902 3483 996 3538 alieno
1025 3484 1078 3540 de·
1168 3487 1213 3540 til.
1231 3482 1805 3557 Ouiddistatmalitiahujueprineipis
1826 3473 1935 3536 mandit

252 3577 390 3633 trimento
406 3573 546 3646 pascitur.
564 3571 635 3628 Vera
650 3573 787 3643 profecto,
811 3577 947 3642 veraast,
977 3577 1078 3645 utpote
1135 3572 1447 3645 Foeneratorpeconiae
1475 3571 1701 3646 capatobligat,
1732 3585 1850 3626 manum
1875 3566 1938 3621 tenet

251 3663 314 3732 Dei,
331 3661 598 3726 divinasenlentia,
616 3661 665 3732 qui
682 3659 1079 3733 cumiratnsessietpropter
1134 3664 1193 3735 (31)
1206 3666 1284 3718 sorte
1299 3660 1548 3718 ducit0nomen
1564 3660 1645 3716 triste
1661 3661 1699 3716 de
1727 3657 1828 3715 dulcit
1856 3649 1937 3710 uomi-

253 3751 433 3826 impietatem
449 3748 549 3823 populi
565 3749 746 3816 ladaeorum,
764 3750 841 3822 quod
858 3753 924 3822 post
938 3749 1008 3806 deas
1019 3750 1078 3806 abi·
1134 3769 1191 3808 nus
1206 3769 1289 3809 ovem
1304 3748 1495 3806 centesimam
1510 3747 1645 3806 liberavit
1657 3768 1664 3816 ;
1678 3748 1732 3805 illa
1746 3745 1939 3804 centesimam·

253 3847 296 3900 ret
311 3842 443 3900 alienos:
462 3861 475 3890 a
491 3838 554 3904 Geni,
569 3835 677 3910 inquit,
697 3838 815 3893 vendidi
843 3854 894 3894 vos
923 3838 1077 3894 feneratori
1133 3839 1492 3905 lutiahacmortiaest:
1520 3841 1550 3894 et
1575 3843 1653 3894 terra
1682 3837 1763 3894 bona
1790 3828 1938 3902 cantuplum

253 3925 942 4004 (lana.1)‘l»Venditurenimquiobfigatus
966 3927 1077 3984 fenera·
1133 3931 1262 3986 fructum
1278 3927 1382 3986 reddit.
1398 3928 1445 3982 Va
1460 3928 1568 4000 eisqui
1587 3927 1691 3984 dicuat
1721 3925 1801 4000 quod
1825 3930 1939 3979 amarum

252 4021 307 4077 lori
324 4019 421 4088 fuerit,
437 4021 467 4072 et
480 4015 616 4070 venditur
631 4031 687 4070 non
703 4015 881 4086 ancoralia,
898 4015 949 4072 aad
979 4016 1078 4088 quoti·
1134 4023 1189 4086 est,
1205 4016 1289 4072 dulce
1307 4035 1314 4086 ;
1330 4020 1358 4072 et
1372 4017 1450 4089 quad
1467 4015 1700 4086 dulce,amarum
1719 4016 1726 4071 l
1743 4015 1818 4080 Quid
1831 4006 1941 4068 amarius

252 4105 515 4164 diano:venditur
539 4119 596 4159 non
628 4119 695 4158 cum
722 4102 901 4167 definitione,
930 4105 981 4160 aad
1010 4121 1077 4160 oum
1134 4104 1783 4178 usura,quiddulciusgratiatNonnehoc
1809 4103 1870 4175 ipso
1894 4110 1942 4152 ter·

252 4197 419 4254 accessione
434 4193 584 4251 diuturna.
612 4192 690 4248 Nova
713 4206 872 4248 usurarum
901 4193 997 4249 auctio
1027 4209 1079 4267 per
1134 4212 1221 4252 mone
1241 4211 1299 4267 qao
1314 4195 1505 4250 centesimam
1521 4192 1683 4267 appellant,
1709 4205 1845 4250 revocare
1870 4186 1942 4242 debe·

253 4299 368 4341 menses
383 4282 526 4354 singulos,
543 4298 618 4337 noca
643 4281 699 4336 sub
727 4281 898 4352 quotidiana
919 4279 1079 4339 licitatione
1134 4290 1200 4342 rent
1214 4284 1243 4340 in
1259 4282 1432 4340 memoriam
1444 4283 1658 4355 redemptorem
1676 4282 1732 4356 qui
1746 4281 1828 4338 uenit
1839 4267 1942 4335 cenaui·

252 4371 390 4429 conditio.
407 4371 460 4438 Qui
478 4371 543 4443 plna
559 4368 707 4436 obtulerit,
725 4369 815 4425 trehit
827 4385 954 4443 semper,
966 4372 1079 4428 venalis
1134 4390 1213 4430 mam
1229 4388 1312 4430 avem
1328 4370 1515 4440 ealvare,non
1531 4371 1653 4442 perdere
1668 4371 1685 4426 t

253 4461 408 4529 addicitur,
444 4475 595 4532 nunquam
625 4459 709 4532 quasi
739 4459 875 4516 venditus
902 4459 1075 4516 estimatur.
1092 4471 1116 4535 ῃ
1165 4464 1210 4518 35.
1228 4462 1300 4527 Quis
1313 4460 1428 4534 gravior
1442 4466 1560 4516 exactor
1572 4459 1696 4517 estitit
1722 4459 1780 4516 hoe
1806 4456 1884 4514 triste
1906 4461 1944 4504 nc
2001 4480 2002 4487 ,

243 4549 462 4624 ·Magnaigitur
489 4549 533 4604 vis
566 4547 691 4604 eoelestis
718 4547 880 4604 sententiae.
910 4549 973 4604 Non
1003 4550 1077 4607 satis
1133 4568 1211 4608 men.
1227 4549 1357 4620 Denique
1371 4549 1515 4605 Dominus
1529 4548 1593 4604 ait:
1612 4571 1623 4598 ι
1641 4546 1779 4620 Populus
1793 4560 1883 4609 meus,
1896 4553 1945 4594 ⁶1⁸·

248 4638 393 4713 judicavit
410 4637 550 4693 lierninus
566 4637 661 4692 dicere
677 4653 683 4690 τ
703 4657 716 4686 o
729 4637 780 4692 Cui
797 4637 913 4693 vendidi
925 4654 984 4706 vos,
998 4659 1012 4690 o
1025 4640 1077 4696 sed
1132 4645 1227 4697 olores
1242 4637 1330 4694 vestri
1346 4637 1576 4692 cirumscribunt
1590 4652 1640 4693 vos
1656 4637 1726 4708 (loa.
1744 4653 1789 4701 111,
1814 4634 1867 4704 le).
1882 4651 1895 4678 a
1917 4621 1944 4678 Εῑ

227 4719 557 4800 ¹addiditseneratori?
579 4724 803 4780 Offensusnihil
834 4726 928 4798 potnit
959 4727 1078 4799 gravius
1131 4725 1771 4798 inEvangeliohabes:aliumvadiscum
1800 4713 1944 4780 adveaado

252 4818 465 4888 invenireque
487 4815 649 4870 vindicaret
677 4813 706 4868 in
735 4814 871 4886 perfidos.
917 4814 1078 4872 Derelictus
1132 4823 1182 4875 tuo
1198 4816 1234 4874 ad
1249 4815 1466 4888 magistratum,
1484 4815 1522 4870 da
1535 4831 1654 4888 operam
1684 4811 1859 4872 liberariab
1883 4803 1943 4866 illm

251 4905 427 4982 expostulat,
462 4919 515 4960 cur
552 4901 592 4958 ilo
623 4902 751 4974 fugerint
783 4900 886 4959 salutis
915 4909 1076 4977 auctorem,
1132 4902 1609 4978 farteperdueattaadjudiocm,
1632 4908 1663 4960 et
1688 4904 1787 4976 judex
1814 4897 1945 4958 ondeta

287 5069 332 5140 (27
360 5067 442 5123 Rom.
458 5063 616 5133 edit,sola,
630 5065 1031 5136 praotnsqaeqaamaeroitns.
1133 5067 1232 5122 forean
1248 5081 1306 5119 non
1321 5063 1408 5131 male,
1423 5065 1505 5135 quasi
1517 5065 1671 5135 feneratori
1696 5080 1742 5121 eos
1747 5105 1802 5120 .....
1823 5057 1945 5116 lamiam

288 5141 333 5208 (28
362 5139 470 5194 Omnes
497 5137 579 5202 edit,
606 5135 758 5208 [erilande
786 5136 888 5198 uultu:
918 5151 1079 5210 amnesque
1133 5138 1325 5208 relinquentis.
1342 5135 1544 5192 tielentscrui.
1561 5143 1616 5192 etc.
1873 5201 1878 5210 ¹
1913 5197 1918 5206 ,

254 5227 338 5274 mss..
352 5209 517 5282 pudibundo
532 5207 620 5264 onttn.
1164 5209 1222 5280 (30)
1237 5207 1346 5264 Omnes
1360 5206 1429 5274 adit,
1443 5223 1476 5262 ac
1490 5223 1563 5264 mss.
1580 5206 1706 5279 aliquot,
1722 5221 1806 5262 sunm
1818 5199 1887 5257 nitet
1899 5209 1942 5280 tq·

288 5283 344 5352 (29)
361 5280 493 5350 Hieme,
509 5281 578 5336 edil.
595 5295 627 5334 ac
643 5278 727 5333 Rom.
744 5275 773 5331 in
790 5291 823 5332 eo
848 5280 963 5333 lantum
992 5277 1079 5335 dissi·
1132 5282 1184 5336 oli.
1214 5278 1403 5351 antiquiores
1430 5293 1508 5347 vero,
1537 5295 1619 5334 auam
1641 5294 1702 5333 oon
1731 5277 1839 5332 inamit
1874 5263 1943 5324 nitel-

253 5352 332 5418 dent,
350 5351 719 5423 quodillae,omissavoce
739 5363 930 5414 eonsensum
960 5350 1077 5406 nonnisi
1134 5346 1864 5421 Qiiamlectionem,ambrosiuaexplicatlib.lle
1886 5341 1943 5410 llll
1999 5388 2000 5397 ,

254 5427 431 5497 postvocem
454 5418 836 5496 relinquentemabaolvunt.
869 5419 1078 5492 Mss.vero,in
1132 5423 1280 5488 sacratio.
1298 5421 1482 5478 t.num.2t.
1877 5482 1882 5494 ,
1925 5475 1930 5486 ,

254 5493 511 5568 punctistlgandis
527 5495 824 5566 accommodantes,
842 5489 950 5549 habent
975 5509 1077 5550 vocem
1169 5493 1227 5566 (31)
1242 5492 1352 5551 danum
1364 5494 1448 5560 tenet,
1476 5492 1566 5553 idest
1592 5489 1797 5567 syngrapham
1822 5485 1943 5544 taureas

254 5581 308 5638 eoa,
324 5581 391 5629 cam
406 5564 475 5624 adit.
492 5565 574 5624 Rom.
590 5564 675 5624 Solus
690 5562 770 5624 Gelu.
787 5564 828 5626 ita
848 5561 946 5626 locam
961 5563 1078 5628 exhibet
1133 5579 1224 5626 mauu
1239 5564 1447 5640 subscriptam.
