4159 6184
156 333 215 397 bil
756 339 873 403 uleus
895 340 946 402 DD
967 340 1073 404 FUGA
1095 342 1258 406 SAEGULI.
1796 345 1856 408 822

195 471 239 526 le.
256 470 314 527 Nec
329 469 428 528 minus
442 470 568 546 impiger
593 473 629 530 sd
652 471 870 540 inveniendum,
890 489 981 545 quarn
995 475 1023 542 Α
1038 479 1071 531 ut
1084 476 1266 550 adjungeret,
1282 475 1423 551 exigebat.
1439 477 1602 538 Celeritetis
1615 494 1733 553 quoque
1755 479 1857 536 edmo-

156 558 192 616 sd
206 559 426 634 exsequendam
450 560 551 630 laceb,
567 560 614 618 cui
639 579 705 620 cum
730 565 825 618 mater
850 561 981 630 dixisset,
1037 570 1097 632 net,
1113 563 1163 637 qni
1178 566 1219 621 ait
1234 584 1241 622 :
1258 590 1271 616 «
1288 567 1362 639 Gape
1377 585 1477 624 arcum
1492 573 1520 626 et
1543 568 1681 642 sagittam
1696 567 1777 641 (ibid.
1793 567 1857 639 3).»

156 651 189 704 ut
213 647 334 706 interret
364 648 441 722 putri
463 665 556 719 esces,
573 649 777 707 definitionum
801 665 907 722 genera
926 649 982 721 (ll)
1036 652 1265 725 Accepittnmen
1287 659 1317 711 et
1340 655 1497 729 diligentie
1517 659 1656 725 fructum,
1672 657 1722 730 qui
1741 656 1860 730 agnovit

154 736 322 810 suppetisse
347 737 495 795 cernimus
519 738 599 812 (Gen.
622 756 709 808 xxvu,
734 739 773 812 9).
793 738 867 795 Nam
882 741 911 794 et
926 737 982 794 cito
1037 739 1174 815 superius
1187 743 1266 799 ⁴88
1284 759 1349 800 esse
1361 743 1470 818 ingenii
1485 762 1606 803 munus.

152 825 276 892 invenit,
292 831 322 882 et
334 825 521 884 inventarum
536 844 658 884 suorum
674 833 823 884 auctorem
844 825 982 884 testifica·
1071 830 1118 886 5l.
1134 831 1192 886 Nee
1215 830 1362 888 immerito
1382 833 1558 890 demesticos
1581 834 1662 891 cibes
1681 831 1787 889 detulit
1808 830 1860 904 qui

153 918 203 972 tus
218 918 263 973 εει
282 915 385 983 Deum,
402 915 432 972 in
448 932 506 988 quc
530 921 560 974 et
584 915 742 990 diligentie
758 915 865 988 palme,
882 919 911 971 et
934 915 982 970 in·
1036 919 1073 974 de
1088 919 1258 976 domesticis
1273 920 1395 977 seminis
1410 921 1455 977 sui
1470 923 1619 995 sapientie
1634 921 1690 979 sibi
1705 920 1862 993 acquisivit

152 1003 232 1077 genii
247 1003 432 1078 significatur
446 1005 575 1062 ubertas.
602 1006 700 1062 Prima
714 1021 783 1076 ergo
803 1003 936 1060 definitio
951 1003 983 1059 in
1037 1004 1185 1078 copulam.
1201 1007 1281 1064 Bone
1295 1012 1393 1065 numm
1409 1009 1561 1083 diligentia
1575 1027 1643 1066 cum
1662 1008 1815 1082 snpientia,
1831 1014 1862 1065 et

153 1093 323 1150 inventione
351 1111 357 1149 :
383 1093 462 1165 quod
487 1094 642 1162 invenitur,
666 1093 804 1165 quaeritur
829 1109 836 1148 ε
861 1096 890 1148 ct
904 1092 982 1164 quod
1036 1093 1164 1151 inventio
1178 1112 1245 1152 eum
1260 1097 1377 1169 ingenie
1393 1098 1529 1155 naturali.
1551 1098 1683 1170 Denique
1696 1097 1808 1153 babens
1828 1095 1860 1152 in

154 1181 306 1254 queritur,
323 1182 464 1255 temperis
486 1185 532 1239 est
557 1200 564 1238 ε
588 1181 665 1254 quod
691 1181 833 1254 temperis
854 1183 909 1247 est,
925 1180 982 1236 uti·
1036 1188 1175 1257 promptu
1190 1185 1339 1258 sapientie
1353 1186 1487 1260 copulam
1509 1191 1630 1244 sanctus
1653 1187 1744 1252 lsaac,
1759 1185 1860 1243 deam·

154 1287 211 1342 que
239 1269 399 1343 diligentie
424 1274 479 1326 est.
502 1270 583 1337 Quod
607 1273 705 1326 nutem
733 1269 871 1342 prevenit
894 1285 982 1326 usum
1036 1272 1200 1329 bulabntin
1216 1275 1400 1347 campo,imo
1415 1275 1682 1333 abalienabaturltt
1696 1290 1750 1330 nos
1764 1273 1861 1345 primo

154 1358 310 1432 temporis,
324 1358 403 1415 Deus
418 1358 636 1426 infundit,Deus
651 1358 703 1415 dat
719 1375 725 1414 :
742 1358 818 1432 quod
830 1357 908 1414 Deus
921 1358 981 1426 dat,
1036 1360 1184 1433 sapientias
1199 1361 1380 1434 copulemur,
1396 1367 1426 1420 ot
1440 1364 1483 1420 sic
1501 1381 1639 1422 exeamus
1662 1363 1693 1418 in
1720 1375 1860 1435 campum
1908 1355 1911 1360 ’

153 1453 277 1516 naturae,
294 1464 352 1504 non
368 1446 526 1520 diligentis
541 1452 595 1504 est.
614 1446 767 1521 Ingenium
784 1447 873 1520 igitur
892 1445 982 1504 divini
1036 1465 1164 1521 quarere
1188 1456 1217 1505 et
1239 1450 1368 1507 invenire
1397 1451 1557 1524 cupientes.
1582 1450 1666 1508 Multi
1693 1450 1772 1508 enim
1797 1448 1861 1506 sine

154 1543 198 1594 cst
228 1535 371 1604 muneris,
402 1536 480 1607 quod
504 1540 602 1592 autem
631 1535 722 1592 divini
756 1535 897 1604 muneris,
928 1534 982 1591 bec
1036 1538 1181 1611 sapientia
1205 1537 1282 1594 male
1311 1545 1454 1612 quaerunt.
1470 1542 1506 1597 Et
1527 1541 1592 1596 ideo
1615 1539 1686 1596 Cnin
1709 1537 1779 1612 quia
1801 1553 1860 1594 non

156 1630 278 1682 nature.
295 1623 448 1698 Ingenium
472 1639 541 1698 ergo
566 1630 676 1681 nature
698 1629 753 1692 est,
768 1623 895 1682 inventio
916 1623 981 1680 dili·
1036 1631 1188 1698 acceperat
1201 1644 1219 1683 a
1233 1631 1289 1683 Deo
1312 1628 1509 1700 prudentium,
1525 1629 1602 1685 male
1625 1628 1769 1701 quesivit,
1784 1625 1862 1683 mele

155 1713 259 1786 gentius
275 1729 283 1770 ε
301 1712 372 1769 illud
389 1713 453 1769 sine
469 1719 607 1786 tempere,
623 1713 679 1770 boe
706 1713 817 1787 indiget
840 1719 981 1785 tempore.
1036 1714 1124 1771 exivit
1147 1715 1176 1769 io
1198 1731 1352 1787 campum;
1368 1717 1441 1772 Abel
1466 1717 1552 1787 bene,
1568 1717 1620 1790 qui
1643 1717 1803 1789 perlectum
1817 1730 1862 1770 sn·

155 1803 280 1874 ideoque
296 1800 367 1858 illud
383 1801 560 1873 intempore
576 1806 751 1875 presteest,
767 1801 822 1858 boc
840 1801 870 1857 in
886 1802 982 1874 spatie
1036 1802 1137 1858 crificii
1166 1819 1276 1859 munus
1298 1803 1439 1876 implevit.
1466 1805 1577 1860 Donum
1605 1805 1682 1860 enim
1711 1801 1862 1875 sapientias

154 1891 298 1964 temporis
313 1888 507 1962 investigatur
523 1907 530 1945 ι
547 1889 620 1946 illud
635 1906 726 1962 supra
749 1906 813 1955 nos,
838 1889 893 1946 boc
916 1906 982 1946 vero
1037 1891 1226 1959 sacrificium,
1241 1893 1319 1948 bona
1332 1899 1379 1949 est
1392 1893 1489 1950 hostin
1511 1894 1584 1950 tides
1598 1897 1627 1949 et
1641 1891 1738 1949 omnis
1756 1891 1860 1946 virtus.

157 1979 193 2036 ad
211 1995 266 2036 nes
281 1977 415 2035 relcrtur.
1037 1981 1168 2052 Denique
1183 1980 1329 2052 snpientia
1353 1981 1499 2039 interiecit
1521 1999 1591 2039 suas
1617 1981 1740 2049 hostias,
1753 1982 1783 2036 et
1806 1977 1862 2035 mi-

191 2067 237 2122 le.
266 2066 411 2132 Ouerenti
439 2065 532 2139 igitur
560 2068 637 2138 petri
671 2067 770 2123 cibum
799 2067 879 2123 verbi
913 2067 982 2138 (oen
1038 2069 1114 2126 scuit
1129 2069 1312 2126 incentorem
1325 2071 1428 2126 vinum
1443 2071 1658 2128 suumlltidee
1673 2067 1862 2140 utinsipien-

157 2155 235 2213 cuim
252 2155 283 2212 in
297 2153 359 2212 solo
381 2171 456 2227 pane
477 2153 672 2224 vivit-hema,
687 2155 738 2212 sed
758 2156 787 2211 in
804 2155 983 2212 omniverbo
1038 2157 1119 2215 tibus
1141 2156 1302 2231 gentilibus
1327 2163 1428 2231 potum
1454 2159 1523 2216 fidei
1546 2160 1638 2227 daret,
1660 2159 1698 2215 nd
1720 2160 1862 2215 eruissem

157 2246 231 2302 Dei:
248 2242 338 2301 telem
362 2243 461 2300 cibum
486 2245 634 2316 querebat
658 2245 749 2312 lsaac,
773 2243 862 2300 talem
885 2243 983 2300 cibum
1039 2263 1127 2303 suum
1142 2247 1308 2303 convocavit
1322 2263 1383 2313 ees,
1399 2247 1499 2305 dicens
1516 2265 1522 2305 :
1541 2269 1555 2299 α
1570 2247 1624 2314 Qui
1638 2251 1684 2304 est
1707 2245 1863 2319 insipiens,

157 2333 307 2391 esuriebat
320 2333 423 2389 Petrus
440 2334 509 2406 (dcl.
525 2349 554 2402 x,
570 2332 677 2404 leue),
691 2333 809 2406 quando
832 2332 904 2389 vidit
922 2349 983 2388 cre·
1038 2336 1163 2392 divertat
1178 2335 1213 2390 ad
1238 2352 1285 2390 me
1299 2336 1390 2406 (Pron.
1406 2354 1445 2400 rx,
1459 2337 1498 2409 4).
1516 2360 1531 2387 s
1545 2339 1581 2393 Et
1595 2335 1750 2410 egentibus
1773 2349 1863 2391 sensu

158 2422 248 2478 ditari
273 2419 394 2494 gentilis
415 2419 516 2494 populi
540 2420 689 2494 mysteria)
705 2422 782 2478 Danu
804 2426 909 2494 presto
925 2436 984 2476 non
1040 2424 1134 2479 dixit:
1151 2447 1165 2473 «
1180 2423 1284 2480 Venite
1297 2427 1325 2480 et
1340 2425 1416 2481 edite
1431 2425 1467 2481 de
1482 2425 1557 2482 meis
1571 2425 1708 2498 pedibus,
1724 2427 1753 2480 st
1772 2421 1863 2480 bibile

159 2512 263 2568 babuit
276 2511 376 2566 cibum
391 2509 532 2583 spiritalis
554 2513 583 2567 st
606 2509 758 2567 velocioris
773 2510 892 2583 ingenii.
908 2510 984 2566 Dum
1040 2514 1141 2568 vinum
1163 2512 1242 2584 quod
1266 2511 1372 2568 miscui
1396 2513 1479 2569 vebis
1493 2513 1574 2586 (leid.
1589 2515 1629 2585 5).
1646 2535 1661 2564 »
1676 2513 1717 2568 De
1730 2511 1787 2569 boo
1800 2527 1863 2568 cru-

161 2602 214 2657 iste
225 2603 349 2656 venatur
374 2603 403 2656 et
426 2599 540 2671 querit,
554 2602 583 2655 et
598 2599 765 2671 predurum
790 2605 876 2671 atque
902 2615 985 2670 agre·
1039 2609 1100 2658 tere
1114 2600 1196 2657 Plato
1210 2598 1239 2656 in
1255 2617 1325 2657 suos
1340 2600 1431 2657 libros
1445 2603 1682 2658 transferendum
1696 2599 1819 2672 putavit,
1826 2601 1864 2656 ad

160 2693 233 2745 stem
255 2703 420 2745 sermenem
446 2702 602 2761 suggerere
626 2693 720 2759 parnt,
737 2689 875 2760 prevenit
895 2687 984 2743 laceb
1040 2690 1127 2762 eujus
1154 2692 1256 2760 potum
1285 2690 1414 2745 evocavit
1437 2688 1551 2746 animas
1573 2707 1580 2744 :
1601 2688 1652 2746 sed
1676 2704 1727 2745 ens
1748 2684 1865 2758 explere

160 2777 246 2834 celeri
259 2775 436 2843 inventione,
452 2781 481 2832 et
504 2775 580 2846 miti,
594 2779 623 2832 et
649 2792 739 2849 prope
763 2775 924 2833 domestica
942 2791 984 2831 re·
1040 2777 1174 2845 nescivit,
1190 2776 1240 2849 qui
1255 2781 1357 2849 potum
1378 2794 1436 2833 non
1462 2777 1541 2845 fidei,
1556 2776 1608 2835 sed
1634 2775 1762 2848 perfidie
1777 2773 1864 2830 mini·

161 2866 320 2940 sponsione
342 2880 431 2922 suove
460 2865 582 2920 verbum
612 2863 796 2932 ministrans,
827 2880 885 2936 quo
919 2879 986 2920 cum
1042 2867 1166 2923 strabat.

161 2954 302 3012 mulceret
319 2970 354 3010 ac
369 2953 534 3010 delectaret.
560 2952 643 3010 Unde
667 2952 792 3010 miratus
816 2957 900 3025 pater
923 2953 985 3009 nit:
1360 2953 1475 3011 CAPUT
1495 2953 1541 3011 lli.

165 3043 265 3112 «Quid
281 3045 327 3099 est
346 3041 412 3108 boc,
429 3041 507 3114 qued
531 3045 593 3097 lam
617 3040 674 3096 cito
697 3039 843 3110 invenisti,
866 3040 907 3097 lili
923 3041 987 3096 mil
1044 3046 1123 3115 llrpet
1138 3051 1168 3098 ut
1182 3043 1247 3098 laica
1263 3043 1415 3113 sapiemus,
1430 3043 1589 3114 susciepit
1614 3042 1696 3100 lacot
1714 3041 1748 3096 de
1759 3041 1864 3113 patrio,

164 3130 324 3205 Respondit
338 3129 427 3187 Jacob
450 3146 458 3186 ι
484 3129 565 3197 Quod
595 3127 716 3184 tradidit
739 3129 882 3186 Dominus
910 3128 987 3186 Deus
1077 3111 1438 3184 elilffloerll'ssdi‘lmssi?
1461 3130 1526 3186 l¹l0⁸
1549 3116 1600 3186 ‘lm'
1623 3112 1769 3181 delidml·
1784 3127 1867 3182 ‘lille'

161 3227 229 3279 tuus
252 3220 284 3278 in
308 3235 415 3277 manus
430 3234 510 3275 mens
522 3217 599 3290 (Gen.
614 3234 702 3289 xxvu,
715 3218 771 3288 20).
790 3239 804 3268 »ι
819 3217 916 3274 Prima
936 3219 986 3274 de·
1002 3199 1024 3266 C
1078 3183 1867 3328 {2³2“gmgffffilffipffitsfflffifflffiw{2225

162 3310 254 3367 finitio
269 3309 299 3365 in
315 3306 543 3381 interrogatione
567 3312 622 3374 eat,
644 3306 774 3363 secunda
788 3307 818 3363 in
833 3323 983 3380 responso.
1076 3329 1140 3383 pte,
1153 3326 1317 3399 summm
1339 3330 1376 3383 δίε
1397 3329 1427 3383 in
1451 3344 1602 3400 supernam
1615 3328 1764 3391 civim,
1777 3323 1866 3396 qma

164 3398 251 3456 Plena
264 3398 354 3472 igitur
369 3396 469 3454 omnia
483 3396 630 3468 reperiens
645 3399 728 3468 puter
751 3411 815 3467 quos
838 3401 922 3452 erent
941 3395 986 3452 vel
1075 3415 1199 3455 summus
1222 3397 1345 3454 sacerdos
1367 3400 1506 3456 moriatur
1519 3417 1529 3455 .·
1543 3416 1608 3454 oum
1621 3414 1673 3470 quo
1687 3399 1802 3454 etvetus
1816 3396 1864 3452 lto·
1905 3393 1916 3406 ‘

163 3486 283 3562 ingenii,
299 3485 344 3542 vel
359 3485 528 3558 diligentiae,
544 3483 723 3540 delinitionis
734 3485 987 3541 consummatione
1076 3485 1120 3526 ΜΟ
1132 3478 1224 3525 'wilei'
1238 3469 1316 3525 debet
1330 3472 1411 3525 meri.

165 3574 318 3644 conclusit,
335 3573 436 3630 dicens
453 3591 459 3630 :
477 3595 492 3624 o
508 3573 578 3630 Doce
594 3573 667 3630 odor
687 3571 741 3628 filii
766 3572 822 3628 mei
847 3581 987 3644 tanquam
1076 3577 1121 3631 52.
1144 3571 1304 3645 l'ogiamus
1330 3590 1398 3646 erge
1423 3574 1492 3631 hinc
1515 3575 1592 3632 sicut
1615 3574 1691 3648 lugit
1714 3574 1751 3631 de
1773 3571 1869 3646 patrie

164 3666 233 3723 odor
261 3663 323 3738 agri
347 3662 435 3736 pleni,
453 3677 542 3735 quem
568 3661 716 3720 benedixit
738 3661 880 3721 Dominus
908 3661 987 3741 (ibid.
1044 3661 1279 3721 sanetuslscob.
1303 3661 1419 3718 Sciebat
1441 3664 1519 3719 enim
1543 3679 1642 3720 veram
1661 3661 1788 3735 patriam
1802 3675 1868 3718 esse

166 3756 218 3826 27).
250 3776 266 3804 s
293 3754 370 3824 Ager
393 3750 472 3806 enim
497 3753 525 3806 et
551 3749 684 3806 naturale
711 3748 799 3806 babet
830 3748 988 3806 fertilitatis
1044 3752 1235 3824 superiorem.
1252 3750 1411 3822 Fugismus
1427 3751 1593 3808 sicutcervi
1608 3751 1646 3807 nd
1661 3751 1756 3806 fontes
1779 3765 1870 3820 aquu-

166 3842 327 3916 ingenium,
356 3843 385 3896 et
421 3837 543 3896 culture
578 3837 761 3910 diligentiam
786 3836 988 3909 temporalem,
1045 3856 1112 3896 rum
1129 3856 1135 3894 :
1154 3854 1228 3912 quos
1248 3838 1481 3907 sitiebatDnvid,
1496 3837 1733 3896 sitiatetnnimo
1760 3840 1871 3892 nostra,

167 3931 328 4002 meritoque
342 3929 372 3984 in
391 3945 425 3985 ec
450 3931 496 3986 est
520 3926 681 4000 plenitudo,
697 3925 745 3984 cul
762 3930 918 3999 utrumque
933 3943 991 3983 non
1045 3928 1116 3994 Quis
1144 3931 1189 3983 εει
1212 3927 1261 3982 illc
1284 3927 1368 3983 lens‘l
1390 3927 1468 3983 Audi
1492 3926 1637 3982 dicentem
1661 3941 1669 3981 ε
1699 3924 1872 3988 «Quoniam

169 4021 258 4077 deest.
275 4017 371 4075 Simul
382 4032 449 4074 cum
465 4015 610 4072 addiderit
626 4031 651 4070 2«
667 4014 758 4078 Quem
774 4015 922 4072 benedixit
936 4015 990 4070 Do·
1046 4017 1124 4089 npud
1140 4019 1169 4071 te
1183 4018 1228 4071 est
1242 4015 1307 4071 lons
1321 4015 1387 4072 vitae
1401 4016 1487 4084 (Psol.
1504 4031 1570 4083 xxv,
1587 4015 1641 4086 ιθ).
1659 4034 1674 4063 e
1701 4011 1775 4068 linio
1798 4009 1872 4068 lenti

171 4110 279 4175 minus,
297 4129 311 4158 »
325 4105 441 4162 videtur
464 4108 577 4161 naturae
600 4103 724 4176 gratiam
750 4102 913 4176 praetulisse
931 4101 991 4159 cul·
1047 4105 1125 4162 dicet
1139 4104 1261 4160 anima:
1281 4124 1292 4152 ‹
1309 4105 1430 4170 Quando
1443 4103 1560 4160 veniam
1574 4105 1604 4158 et
1618 4102 1725 4175 parebo
1740 4104 1807 4157 ante
1829 4099 1873 4156 ia·

171 4197 255 4254 tionis
276 4195 381 4253 labori.
395 4195 429 4250 lit
443 4192 627 4250 confirmavit
640 4191 717 4248 Esau
729 4191 830 4248 dicens
847 4209 854 4248 ι
871 4214 884 4244 s
909 4193 993 4250 iuste
1048 4192 1122 4250 ciem
1137 4197 1219 4248 tuam
1235 4192 1320 4262 (Psoi.
1336 4210 1392 4261 xm,
1407 4192 1455 4264 3Jt
1471 4214 1486 4242 »
1502 4192 1578 4248 Fons
1592 4189 1672 4246 enim
1696 4188 1774 4245 Deus
1796 4191 1842 4244 est
1865 4205 1873 4244 ε

170 4290 304 4344 vocatum
329 4288 375 4340 est
404 4299 510 4339 nomen
541 4281 623 4338 illius
660 4280 759 4337 laceb.
791 4279 995 4354 Supplantavit
1049 4282 1099 4338 sed
1115 4281 1165 4353 qui
1182 4279 1260 4335 bunc
1279 4280 1388 4336 lentem
1405 4279 1561 4346 desiderat,
1577 4276 1708 4334 ellundet
1731 4291 1822 4348 super
1844 4291 1876 4333 se

171 4375 246 4430 enim
271 4374 336 4445 jam
366 4388 413 4428 me
439 4370 495 4439 bis,
521 4374 549 4426 et
578 4369 772 4443 primogenita
795 4385 861 4426 mea
884 4369 997 4444 accepit
1050 4370 1179 4425 animam
1194 4384 1294 4436 suam;
1312 4373 1345 4424 ut
1359 4367 1432 4423 nihil
1448 4366 1577 4440 passioni
1599 4366 1697 4423 carnis
1712 4365 1769 4438 (42)
1784 4362 1877 4421 relin-

173 4463 247 4535 libid.
264 4461 323 4530 36).
346 4483 361 4510 υ
1050 4462 1132 4532 quat,
1148 4457 1199 4514 sed
1215 4455 1324 4529 ubique
1339 4455 1439 4511 anima
1453 4455 1626 4528 superfluat.

205 4553 250 4608 50.
268 4550 325 4607 Sed
340 4548 414 4605 lorte
428 4547 510 4605 dicas
536 4565 543 4603 ε
569 4547 600 4602 ln
628 4562 685 4618 quo
714 4562 827 4603 moram
849 4545 925 4614 lecit,
946 4545 1037 4631 quil)
1088 4548 1133 4604 53.
1149 4545 1273 4601 Pulchre
1296 4561 1362 4600 enm
1385 4544 1489 4601 eiludit
1512 4545 1658 4614 Susanna,
1675 4548 1708 4600 ut
1721 4560 1877 4616 evaporare

176 4643 209 4697 nd
229 4638 417 4697 renationem
432 4653 450 4693 s
466 4641 549 4710 patre
566 4635 676 4692 missus
692 4633 757 4690 est?
773 4633 828 4690 Sed
849 4633 1001 4691 considera
1053 4638 1084 4695 in
1098 4653 1162 4694 eam
1178 4651 1236 4690 non
1251 4638 1372 4706 possent
1386 4633 1522 4689 incendia
1534 4633 1675 4705 corporis,
1695 4631 1799 4688 mortis
1820 4631 1877 4687 ior·

177 4729 243 4802 quia
258 4731 287 4785 et
306 4731 389 4801 puter
405 4723 613 4798 pronuntiavit,
641 4724 711 4796 quia
735 4726 869 4796 paratum
894 4722 1000 4779 hebere
1054 4723 1258 4791 midines,vitae
1272 4721 1559 4794 cupiditateslillusa
1572 4737 1661 4795 super
1674 4719 1879 4793 ipsamanims

177 4835 232 4874 non
259 4818 368 4890 posset,
394 4814 471 4887 quod
496 4812 670 4886 spiritaliter
692 4810 863 4884 petebatur;
888 4815 917 4867 ct
934 4811 1000 4868 ideo
1055 4829 1142 4872 omne
1169 4811 1304 4868 restinxit
1316 4811 1434 4868 carnale
1456 4799 1647 4879 desideriam,
1663 4807 1801 4866 seculare
1815 4810 1877 4862 stu·

178 4907 246 4978 quis
263 4903 418 4962 deficiebat
440 4901 569 4976 ingenio,
584 4900 628 4958 vel
652 4899 811 4973 diligentie
834 4899 1001 4957 subsidium
1055 4903 1148 4959 dium.
1175 4902 1243 4967 Qun
1257 4900 1346 4956 stiam
1366 4899 1600 4973 prodigiosorum
1623 4911 1728 4954 senum
1742 4899 1772 4950 et
1784 4893 1880 4966 impu·

212 5021 268 5094 (li)
283 5019 320 5077 ut
334 5019 416 5076 locus
440 5018 499 5085 bic,
513 5017 572 5075 alio
594 5016 623 5072 ui
648 5017 720 5073 satin
745 5017 898 5085 obscurus,
914 5014 1002 5072 intel·
1057 5017 1147 5074 finem
1161 5032 1213 5071 seu
1228 5013 1430 5071 definitionem
1444 5013 1474 5068 in
1490 5013 1549 5069 iilic
1566 5011 1658 5094 laceb
1681 5008 1879 5082 deprebende-

180 5091 297 5166 ligatur,
336 5090 545 5148 advertendum
607 5105 661 5144 nnc
696 5086 843 5144 Ambrosii
874 5093 1002 5144 mentem
1057 5089 1096 5145 rit
1109 5090 1230 5144 sanctus
1245 5086 1337 5154 lsaao,
1353 5086 1462 5159 optime
1477 5083 1624 5165 colligitur
1636 5080 1719 5137 illum
1734 5080 1823 5164 rebus
1842 5079 1880 5136 ad

181 5181 252 5230 esse,
269 5162 413 5222 nimirum
427 5164 461 5218 ut
475 5161 610 5217 ostendat
634 5160 663 5214 in
682 5157 772 5215 Jacob
788 5175 904 5215 omnem
920 5159 1002 5214 bone
1058 5162 1165 5217 bonnm
1182 5157 1367 5230 disciplinam
1391 5170 1563 5212 necessarus
1585 5157 1762 5209 instructum
1777 5151 1880 5208 luisse.

182 5235 342 5310 discipline
361 5233 523 5360 proiectum
538 5230 668 5313 reperiri,
685 5230 762 5302 quod
786 5229 828 5286 its
849 5230 965 5312 conficit
995 5247 1001 5285 :
1058 5233 1118 5288 Hoc
1132 5246 1217 5303 porro
1232 5229 1387 5301 copatione
1402 5231 1492 5282 totum
1509 5241 1544 5281 ex
1557 5223 1607 5279 lib.
1634 5223 1667 5279 de
1688 5223 1881 5295 Protupisde-

182 5305 326 5379 Quidquid
343 5321 361 5361 ε
396 5305 504 5360 bonam
520 5303 705 5374 disciplinam
722 5317 920 5358 necessarium
947 5303 1002 5367 est,
1059 5306 1211 5428 sumptum
1223 5305 1278 5355 est.

183 5378 297 5434 duobus
312 5376 397 5450 quasi
412 5374 569 5444 limitibus,
585 5391 659 5445 ques
674 5371 859 5429 definitiones
874 5375 958 5428 vocet
976 5374 1004 5427 ει
1095 5375 1121 5446 (ι
1145 5374 1153 5444 )
1169 5376 1212 5427 lta
1226 5371 1310 5426 Rom.
1327 5367 1396 5424 edit.
1413 5383 1446 5422 ac
1460 5382 1539 5422 unus
1554 5365 1617 5421 ced.
1631 5364 1695 5421 Vnt.
1713 5364 1794 5422 Alter
1813 5379 1882 5421 vero

183 5449 262 5506 Philo
287 5455 367 5522 ὅρους,
389 5447 555 5503 continetur
579 5449 665 5517 atque
688 5442 860 5513 includitur,
886 5442 1003 5515 ingenio
1059 5461 1127 5501 cum
1143 5442 1260 5499 duobus
1280 5437 1394 5522 Gallie,
1408 5436 1481 5494 nteit
1522 5439 1680 5520 suessionis
1702 5438 1792 5504 cerci,
1818 5451 1882 5566 (husa

184 5521 292 5577 seilicet
315 5537 348 5575 ec
373 5518 540 5592 diligentia;
559 5516 707 5590 ingenium
724 5515 843 5587 quidem
867 5513 918 5570 Dei
943 5529 1005 5569 mu·
1059 5511 1340 5572 lectiominimedrs
1360 5508 1489 5592 lieetse
1533 5507 1640 5581 reliqui
1664 5525 1736 5569 mss.
1761 5511 1881 5572 stell,

185 5609 239 5650 nus
264 5593 318 5660 est,
344 5589 498 5664 diligentia
518 5604 586 5645 vero
610 5592 710 5645 nestro
725 5585 818 5643 labori
838 5583 1003 5642 tribuitur:
1060 5591 1132 5659 ant,
1147 5583 1220 5648 site
1231 5580 1396 5659 possessioni
1407 5595 1508 5645 ceram,

185 5679 250 5726 cum
279 5677 348 5738 ergo
379 5661 459 5724 bunc
491 5664 650 5736 utrumque
678 5657 811 5740 perfecte
844 5655 1004 5736 discipline
