4159 6184
255 245 310 312 ιιι
973 245 1005 313 ι.
1030 245 1219 319 assensn·
1875 263 1920 336 ιη
2005 276 2006 345 3

255 384 412 457 quisquam
442 380 472 441 in
499 379 554 442 hac
581 383 652 442 rite·
667 385 764 459 potest
789 381 909 443 definito
929 385 1074 460 preconio
1089 386 1118 456 Α
1131 385 1286 448 ιιιιιιιιιιι
1305 389 1368 448 erat
1386 385 1452 464 eius
1465 385 1630 460 meditatio,
1658 387 1718 450 illic
1743 391 1841 463 apina
1868 400 1919 474 eiua

255 472 415 547 predicari,
429 489 496 531 cum
512 475 672 549 posteriora
686 475 750 547 ejus
764 473 875 532 incerta
896 473 965 532 sint.
996 475 1075 533 Mors
1130 475 1321 545 conversatio,
1339 477 1400 538 illic
1413 479 1582 554 prudentia,
1596 495 1661 554 que
1675 481 1774 555 utique
1790 484 1860 543 intra
1880 505 1921 547 an·
2005 530 2006 533 ,

253 560 344 632 igitur
359 561 467 620 solutio
483 569 527 620 ιιι
542 563 645 622 anime
661 563 1031 638 etcorporis.lleniqueet
1046 565 1076 621 in
1130 567 1244 639 gustias
1259 568 1355 625 carnis
1369 568 1459 641 hujus
1473 568 1583 628 herere
1600 586 1659 626 non
1684 571 1798 629 solebat.
1820 575 1920 649 Sapiens
2005 574 2006 631 i

252 649 392 722 Apostolo
407 653 561 709 docuimus
577 651 685 709 lectum
702 669 709 708 :
726 654 856 721 Dissolvi,
868 661 893 709 et
914 669 978 709 cum
988 652 1076 711 Chris·
1130 655 1208 712 enim
1224 673 1291 714 cum
1305 656 1379 714 illud
1395 657 1526 715 divinum
1542 658 1673 732 inquirit,
1688 660 1922 724 ahsoluiianimam

253 745 280 795 to
294 755 351 798 esse
364 742 450 798 multo
473 741 571 796 melius
587 741 702 815 (Philip.
716 759 736 809 1,
751 743 809 814 25).
838 741 946 798 solutio
976 746 1075 798 autem
1130 760 1215 802 suem
1230 761 1350 820 corpore
1363 750 1393 804 et
1408 748 1473 819 eJus
1487 747 1605 822 ablegat
1622 749 1846 824 contubernium,
1868 771 1922 812 cum

252 826 308 884 ista
323 830 392 902 quid
408 829 477 903 agit,
494 829 550 885 nisi
566 834 599 885 ut
614 847 719 904 corpus
745 831 908 888 resolvatur
922 834 951 886 ct
978 831 1075 904 quies·
1129 832 1210 890 illam
1223 834 1282 892 veri
1297 839 1401 892 tractat
1428 835 1595 904 scientiam,
1610 852 1699 909 quam
1728 838 1804 896 velut
1831 843 1923 899 natm

252 920 307 985 cat,
323 917 422 974 anima
436 921 535 974 autem
551 923 735 976 convertatur
749 919 779 976 in
795 921 924 994 requiem
940 924 1077 988 suamet
1129 922 1186 980 sihi
1205 927 1235 980 et
1252 928 1384 998 apertam
1408 925 1556 983 desiderat
1592 925 1794 998 demonstrari,
1812 933 1839 983 et
1870 929 1923 987 ideo

251 1005 408 1074 sitliheru,
424 1023 487 1080 quie
503 1008 529 1064 si
545 1008 661 1080 piacet,
679 1026 745 1066 cum
762 1009 993 1067 Christolutura
1009 1013 1075 1069 siti
1128 1011 1445 1087 retibusquibusdnm,
1461 1017 1491 1070 ιι
1511 1012 1628 1070 nebulis
1660 1012 1748 1086 hujus
1766 1017 1924 1088 conperisse

286 1094 363 1152 808
387 1096 414 1152 9.
445 1096 519 1161 Quid
549 1096 641 1170 igitur
665 1097 695 1154 in
723 1099 779 1155 hae
806 1099 865 1155 vita
894 1099 974 1157 aliud
999 1102 1074 1174 justi
1129 1101 1233 1173 querit
1260 1118 1374 1160 exuere.
1393 1102 1493 1176 Neque
1520 1103 1598 1160 enim
1637 1101 1773 1160 manibus
1790 1104 1850 1160 istis
1884 1111 1924 1161 aui

251 1188 353 1258 agunt,
368 1183 425 1240 nisi
441 1190 474 1240 ut
487 1191 594 1242 exuant
608 1204 639 1244 sc
655 1187 745 1259 hujus
762 1189 892 1262 corporis
922 1190 1074 1264 conmgio·
1128 1189 1222 1247 oculis
1233 1193 1323 1264 utque
1337 1190 1458 1248 auribus
1482 1190 1729 1265 comprehendere
1752 1190 1827 1249 illam
1841 1209 1924 1266 super·

251 1272 401 1343 albuco),
418 1290 482 1346 quaa
497 1273 705 1332 velutvinoula
721 1276 890 1350 nosligant,
920 1281 948 1334 et
977 1295 1008 1335 ss
1036 1279 1073 1336 ab
1128 1295 1197 1335 nam
1212 1279 1698 1353 possumusveritatem,quoniam
1720 1296 1782 1354 que
1810 1281 1926 1338 dicutur

249 1360 296 1417 bis
307 1361 448 1419 molestiis
464 1379 599 1437 separare
623 1364 810 1433 contendant,
833 1367 1002 1423 renuntient
1023 1383 1073 1422 vo·
1126 1367 1300 1440 temporalia
1313 1372 1384 1425 sunt
1399 1387 1407 1438 ;
1421 1385 1485 1442 quaa
1495 1372 1592 1426 autem
1604 1385 1664 1426 non
1678 1368 1924 1441 videntur,eterna

249 1450 416 1524 luptatibus
433 1452 496 1509 suis
512 1456 600 1525 atque
632 1452 764 1524 luxurie,
796 1454 909 1528 lugiunt
937 1455 1073 1512 dammas
1127 1455 1258 1530 Denique
1272 1472 1349 1531 saepe
1371 1457 1504 1515 lailimur
1520 1459 1597 1529 visu,
1611 1461 1640 1514 et
1663 1457 1748 1515 aliter
1761 1474 1845 1531 quam
1859 1463 1926 1526 suut,

249 1538 430 1597 libidinum?
444 1541 545 1598 Nonne
559 1541 650 1615 igitur
669 1541 874 1616 unusquisque
886 1543 917 1599 in
931 1543 986 1600 hac
1012 1543 1074 1601 vita
1126 1542 1264 1618 pleraque
1278 1544 1422 1604 videmus.
1439 1545 1583 1604 Fallimur
1596 1545 1685 1603 etiam
1705 1546 1805 1604 auditu
1819 1551 1863 1615 ;et
1874 1548 1925 1604 ideo

248 1629 503 1702 positusspeciem
518 1630 620 1686 mortis
635 1630 777 1702 imitatur,
799 1632 958 1704 quipotest
984 1633 1072 1691 itaso
1126 1633 1362 1707 conoemplamur
1393 1650 1450 1691 non
1474 1634 1526 1691 illa
1545 1651 1608 1708 quaa
1623 1634 1770 1703 videntur,
1801 1635 1848 1692 sed
1873 1652 1926 1708 qun

248 1730 343 1792 agere,
360 1723 393 1774 ut
407 1719 433 1775 ei
448 1719 613 1777 moriuntur
627 1736 730 1777 omnes
745 1722 875 1793 corporis
900 1721 1071 1780 delectatio·
1126 1737 1184 1778 non
1198 1722 1343 1793 videntur,
1359 1721 1385 1780 si
1400 1722 1530 1781 nolimus
1540 1722 1613 1781 lulli.
1627 1724 1717 1781 804.
1746 1724 1860 1790 Quando
1881 1724 1926 1798 igi·

247 1823 310 1875 nos,
327 1812 355 1863 ιι
371 1806 580 1880 cupiditatibus
594 1809 742 1880 omnibus,
753 1811 915 1884 mundique
927 1809 1072 1868 illecebris
1125 1811 1282 1870 turanima
1298 1815 1400 1870 nostra
1414 1829 1473 1869 non
1489 1811 1611 1883 lallitur,
1630 1813 1749 1884 quando
1767 1811 1866 1870 solium
1889 1828 1927 1869 ve

246 1895 335 1952 etiam
350 1895 414 1969 ipse
430 1895 583 1964 moriatur,
601 1898 686 1954 sicuti
716 1902 851 1956 mortuus
873 1905 935 1958 erat
961 1899 1071 1958 Paulus
1125 1899 1220 1958 ritatis
1235 1899 1353 1974 altingit
1367 1901 1425 1958 nisi
1441 1901 1558 1974 quando
1569 1913 1601 1957 ιι
1615 1900 1653 1956 ab
1669 1900 1728 1959 isto
1743 1901 1860 1958 secernit
1878 1917 1927 1956 cor·

246 1984 348 2040 dicens
364 2001 370 2039 :
385 1986 457 2041 milti
472 1987 589 2043 muudus
603 1989 754 2060 crucifixus
779 1995 820 2045 est
838 1995 866 2046 et
893 2006 942 2061 eqo
967 1991 1070 2046 muodo
1124 2005 1204 2063 pore,
1218 2005 1313 2063 neque
1327 1991 1364 2047 ab
1379 1989 1443 2064 ipso
1458 1988 1603 2064 decipitur
1634 1993 1664 2045 et
1692 1988 1848 2048 illuditur?
1871 1987 1927 2046 lliu-

246 2073 346 2146 (Galat.
361 2093 401 2141 vr,
422 2076 641 2149 ll)·lDenique
653 2081 687 2133 ut
701 2078 831 2136 sciamus
847 2079 917 2153 quia
929 2083 974 2135 est
989 2095 1070 2136 mors
1123 2078 1203 2134 ditur
1217 2079 1296 2134 enim
1325 2078 1389 2135 visu
1422 2078 1586 2142 oculorum.
1603 2076 1748 2135 illuditur
1765 2077 1861 2135 auditu
1886 2094 1929 2132 au·

245 2161 276 2220 in
291 2163 346 2221 bac
360 2164 429 2232 vita,
444 2168 473 2222 et
495 2165 572 2222 bona
585 2182 675 2236 mors,
691 2166 825 2223 bortatur
836 2183 890 2224 nos
901 2168 937 2241 (ll
951 2167 1011 2224 dor.
1028 2183 1068 2234 ιν,
1123 2167 1220 2224 rium:
1240 2169 1268 2223 ιι
1287 2165 1353 2224 ideo
1373 2166 1522 2239 relinquat
1539 2165 1614 2223 illud
1651 2172 1684 2223 et
1720 2167 1841 2224 deserat.
1861 2165 1928 2222 Unde

246 2252 469 2324 l0)utmcrtem
484 2257 553 2311 lesu
568 2254 598 2310 in
613 2271 733 2329 corpore
757 2260 856 2313 nostro
885 2257 1070 2314 circumiera-
1121 2253 1279 2329 Apostolus
1291 2252 1417 2313 clamat:
1434 2255 1473 2312 lic
1485 2256 1643 2325 tetigeritis,
1658 2256 1926 2320 neuttumiauceritis,

245 2357 324 2398 mus.
340 2343 394 2408 Oui
405 2343 523 2400 enimin
548 2359 580 2400 se
598 2347 722 2400 mortem
746 2345 829 2412 lesu,
844 2344 1006 2403 isetvitam
1015 2346 1069 2402 Do-
1121 2361 1157 2402 ιιι
1169 2347 1345 2415 putaveritis
1353 2346 1448 2402 omnib
1461 2358 1526 2418 ιιι
1538 2342 1928 2418 ιιιιιιιιιιιιριιιιιιιιιιιι.

246 2429 317 2487 mini
332 2432 402 2489 lesu
418 2432 448 2488 in
464 2448 581 2506 corpore
596 2450 649 2490 suo
665 2433 794 2490 habebit.
811 2434 952 2507 operetur
979 2433 1069 2508 igitur
1122 2449 1154 2502 ιι,
1169 2434 1226 2507 ιι).
1243 2432 1454 2507 incorruptela
1468 2433 1548 2490 euim
1563 2437 1643 2502 sunt,
1670 2451 1736 2507 que
1751 2436 1820 2490 sunt
1837 2432 1864 2488 in
1878 2447 1929 2486 cor·

244 2537 324 2577 mors
335 2521 365 2577 in
381 2520 512 2592 nobis,ut
526 2527 660 2594 operetur
672 2526 701 2579 et
715 2522 856 2593 vitallid.
873 2524 902 2582 S.
918 2525 993 2597 Aug.
1014 2523 1067 2580 lib.
1122 2522 1203 2597 poris
1214 2521 1408 2596 indulgentia.
1425 2521 1460 2579 itt
1474 2521 1539 2578 ideo
1554 2522 1716 2580 ostendens
1735 2539 1793 2579 non
1807 2537 1854 2593 per
1877 2535 1928 2575 eor·

244 2625 273 2665 ιι
283 2609 383 2666 Contra
397 2609 465 2666 duas
480 2610 559 2682 epist.
577 2611 683 2682 Pelcq,
699 2628 723 2668 c.
741 2611 797 2683 ιι).
820 2611 900 2668 Βοιιι
914 2611 974 2667 vita
1002 2615 1070 2684 post
1122 2611 1204 2685 poris
1218 2609 1444 2684 indulgentiam,
1460 2611 1512 2668 sed
1527 2627 1579 2684 per
1606 2610 1714 2668 anime
1748 2609 1927 2669 elevationem.

245 2701 380 2766 mortem,
397 2699 453 2755 boc
468 2701 523 2764 est,
540 2698 617 2756 bona
629 2699 689 2756 vita
704 2704 771 2773 post
798 2698 962 2769 victoriam,
991 2700 1069 2756 bona
1122 2705 1152 2758 et
1165 2700 1262 2757 cordis
1277 2698 1477 2756 humilitatem
1503 2715 1534 2756 ιι
1562 2697 1714 2757 invenisse
1740 2698 1817 2772 quod
1839 2711 1925 2754 rerum

242 2787 449 2845 vitaabsoluto
464 2787 633 2858 certamine,
664 2792 698 2845 ut
706 2789 771 2860 jam
801 2789 848 2845 lex
882 2789 979 2846 earnis
1011 2779 1089 2863 legi*
1123 2792 1177 2857 ιιι,
1195 2787 1309 2845 eddidit
1325 2806 1332 2846 ι
1347 2788 1444 2845 Nostro
1458 2790 1550 2846 ιιιιιιι
1563 2791 1737 2846 ιιιιιιιιιιιο
1758 2790 1789 2845 ιι
1801 2788 1872 2844 ιιιιιι
1889 2791 1929 2840 ιιι.

244 2877 352 2933 ιιιιιιι
368 2885 530 2950 repugnare
545 2893 604 2934 non
619 2877 740 2944 noverit,
756 2882 790 2934 ut
799 2878 863 2949 jam
879 2877 966 2934 nohis
987 2876 1070 2934 nulla
1124 2877 1165 2934 lbi
1181 2876 1271 2951 igitur
1286 2879 1398 2949 querat
1412 2876 1491 2950 quod
1507 2890 1609 2933 verum
1624 2882 1683 2945 ιιι,
1700 2876 1780 2950 quod
1793 2879 1837 2933 eet
1847 2877 1930 2930 etma-

244 2963 281 3018 ιιι
297 2979 365 3020 oum
380 2979 499 3035 corpore
514 2964 618 3020 mortis
633 2963 792 3032 contentio,
807 2966 857 3022 sed
873 2965 912 3021 sit
926 2965 956 3020 in
967 2981 1068 3038 corpo·
1123 2970 1183 3034 net,
1197 2981 1287 3039 seque
1300 2964 1331 3021 in
1351 2980 1383 3022 ee
1397 2963 1525 3039 colligat,
1541 2971 1702 3040 congreget
1724 2979 1839 3022 omnem
1854 2960 1931 3019 aciem

244 3067 275 3108 re
290 3053 392 3109 mortis
405 3050 632 3124 victoriosique
644 3052 722 3110 baud
738 3053 798 3111 scio
817 3054 880 3126 ipse
894 3070 931 3110 an
948 3053 1070 3125 majoris
1123 3051 1241 3110 virtutis
1255 3070 1315 3110 ιιι
1332 3070 1339 3111 :
1356 3068 1451 3126 neque
1466 3051 1533 3110 aliis
1547 3054 1717 3110 committat
1731 3057 1760 3111 et
1771 3047 1928 3117 eradetnel
2007 3102 2008 3119 2

244 3140 361 3198 virtutis
377 3156 456 3198 mors
471 3141 528 3200 ista
544 3158 632 3215 quarn
647 3142 706 3199 vita
721 3141 853 3199 sit.Certe
866 3141 996 3214 Apostoli
1006 3157 1068 3199 mo·
1084 3117 1106 3184 C
1124 3157 1156 3199 se
1170 3141 1269 3215 ipsum
1284 3145 1442 3216 cognoseat
1455 3145 1484 3199 et
1498 3141 1642 3216 intelliget
1659 3159 1667 3212 3
1682 3147 1713 3200 et
1728 3141 1806 3215 quod
1820 3140 1872 3196 sibi
1894 3136 1931 3192 ri·

243 3247 312 3288 reor
326 3231 498 3288 austeritate
512 3229 654 3288 dicentis:
671 3233 741 3302 Erpa
756 3234 874 3288 morsis
883 3232 960 3288 notis
974 3248 1068 3304 operc-
1122 3231 1208 3287 detur
1220 3247 1323 3288 verum
1337 3247 1412 3300 esse,
1427 3229 1483 3288 boc
1496 3232 1685 3303 sequendum
1708 3234 1839 3288 noverit:
1866 3224 1932 3303 quod

246 3323 303 3388 tur,
319 3320 375 3376 vila
399 3322 492 3376 cutem
515 3321 546 3374 ιιι
572 3319 648 3376 colb
671 3320 707 3392 (ll
731 3319 791 3377 Cor.
821 3337 859 3389 ιν,
890 3322 944 3393 12).
974 3320 1067 3378 Unius
1121 3318 1312 3377 delectetions
1325 3317 1434 3377 ιιιιιιιι
1466 3317 1635 3394 eligendum
1670 3317 1864 3384 estimarent,
1886 3315 1931 3370 boc

245 3423 324 3466 mors
352 3413 532 3482 quantorum
560 3407 736 3482 populorum
766 3408 854 3466 vitam
879 3409 1064 3467 edificabatl
1121 3407 1194 3465 sciat
1207 3407 1326 3477 laisum,
1342 3407 1379 3465 ab
1394 3422 1428 3465 eo
1442 3406 1536 3481 lugiet
1549 3412 1579 3464 et
1593 3408 1723 3477 recedat,
1739 3407 1809 3481 quia
1836 3401 1932 3460 fraudis

245 3497 345 3570 ltaque
356 3497 440 3554 docet
461 3501 490 3554 ιι
502 3497 589 3554 istam
618 3500 744 3554 mortem
759 3497 790 3554 in
806 3497 860 3555 bac
875 3497 934 3556 rita
960 3497 1067 3571 positia
1121 3502 1168 3554 ast
1180 3494 1312 3571 plenum.

245 3585 449 3659 expetendam,
468 3590 502 3642 ut
528 3603 609 3644 mors
637 3586 745 3644 Christi
779 3587 810 3643 in
831 3603 951 3659 corpore
965 3589 1067 3644 nostro
1787 3627 1791 3634 -

245 3673 366 3743 eluceat,
382 3678 410 3731 ιι
424 3673 506 3731 illam
522 3675 637 3732 beatam
653 3692 712 3748 qua
721 3675 921 3748 corrumpitur
931 3675 1066 3746 exterior,
1156 3675 1200 3732 tl.
1217 3673 1319 3732 Merito
1330 3689 1398 3749 ergo
1412 3673 1584 3748 depretiavit
1605 3679 1635 3732 et
1659 3671 1861 3732 dehonestavit
1884 3668 1932 3724 boc

246 3766 279 3820 ιι
293 3767 447 3821 ιιιοιιιιι
461 3763 593 3836 interior,
611 3764 700 3822 homo
729 3767 839 3835 noster,
867 3769 896 3821 ιι
919 3766 1066 3822 terrestris
1120 3780 1238 3837 corpus,
1254 3780 1360 3837 corpus
1383 3761 1486 3820 mortis
1514 3762 1670 3837 appellans
1697 3765 1786 3836 (llorn.
1814 3777 1863 3827 vn,
1885 3756 1933 3826 ιι).

245 3847 352 3910 domus
366 3857 465 3910 nostra
486 3852 663 3910 dissolvatur
692 3858 724 3909 ut
750 3851 951 3909 babitaculum
981 3855 1093 3912 nobis‘
1121 3853 1192 3917 Quis
1206 3853 1284 3909 enim
1299 3851 1392 3909 oculis
1406 3851 1503 3924 potuit
1528 3851 1627 3909 videre
1659 3851 1782 3909 virtutis
1813 3845 1933 3921 splendo-

245 3941 361 4000 ccaleste
371 3945 526 3998 reseretur.
545 3942 681 3997 imitatur
706 3939 797 4014 igitur
811 3943 934 3998 mortem
957 3943 1007 4015 qui
1035 3959 1067 4000 se
1121 3957 1182 3998 rem
1200 3941 1297 4009 louis
1316 3939 1465 4014 justitiam
1497 3940 1636 3997 manibus
1672 3930 1933 4014 comprehenderet

245 4029 483 4088 acommunious
498 4029 592 4085 caruis
620 4028 710 4100 hujus
730 4028 860 4100 abducit,
893 4032 979 4103 atque
1006 4029 1067 4090 illis
1120 4029 1192 4098 Quis
1207 4028 1382 4104 sapientiam
1396 4027 1549 4088 oculorum
1563 4029 1719 4088 obtutibus
1735 4024 1868 4085 intuerit
1894 4021 1938 4077 lle

244 4119 369 4176 uinculis
383 4117 479 4189 solvit,
496 4119 532 4175 de
550 4117 659 4190 quibus
673 4117 724 4173 tihi
748 4117 820 4176 dicit
844 4117 987 4176 Dominus
1014 4137 1067 4193 per
1122 4118 1211 4191 nique
1224 4117 1341 4191 quando
1362 4115 1473 4190 aliquid
1493 4117 1670 4190 cogitamus,
1687 4118 1838 4175 neminem
1864 4108 1938 4170 nobis

175 4257 178 4262 ,
247 4197 351 4266 lss'aiam
366 4223 373 4263 ι
391 4207 468 4264 Solos
482 4223 590 4264 omnem
605 4206 808 4277 coltiqctiouem
832 4208 989 4281 injustiis,
1010 4209 1066 4266 dis·
1122 4222 1282 4275 occurrere,
1298 4204 1447 4262 neminem
1460 4203 1597 4262 volumus
1626 4205 1800 4277 obstrepere
1825 4197 1935 4259 auribus

246 4297 319 4352 soloe
332 4297 511 4368 obligationes
533 4297 716 4353 uiolentorum
743 4297 999 4367 commutationum,
1027 4299 1069 4354 di·
1122 4295 1243 4364 nostris,
1259 4298 1347 4367 atque
1360 4291 1594 4351 itaintendimus
1608 4293 1760 4361 auimo,ut
1773 4290 1934 4366 plerumque

246 4386 491 4456 mitteconsructos
507 4386 740 4442 inremissionem
761 4391 786 4440 et
813 4401 921 4441 omnem
947 4387 1067 4443 circum·
1122 4402 1180 4443 non
1195 4384 1347 4441 videamus
1361 4381 1526 4456 presentia.
1543 4381 1619 4448 Quin
1646 4382 1741 4438 etiem
1757 4381 1788 4436 in
1816 4375 1938 4435 noctibus

247 4473 423 4545 scriptionem
438 4473 699 4546 iniqucmdirumpe
714 4474 767 4546 (lac
783 4490 859 4544 cvm,
875 4473 913 4547 6).
1084 4483 1108 4549 n
1123 4473 1268 4532 sincerius
1283 4472 1456 4546 cogitamus,
1469 4473 1499 4526 et
1509 4473 1581 4526 tunc
1596 4468 1705 4526 melius
1731 4485 1797 4544 qun
1823 4464 1938 4524 moreni,

285 4563 327 4618 10.
343 4559 478 4618 Imitatur
491 4566 521 4617 ct
535 4560 585 4618 ills
605 4565 728 4618 mortem
749 4561 799 4633 qui
814 4579 846 4620 ee
870 4561 1070 4637 voluptatibus
1124 4563 1211 4620 corde
1226 4560 1414 4618 meditamur.
1431 4557 1512 4616 Unde
1526 4562 1555 4615 et
1566 4557 1714 4630 Propheta
1729 4557 1774 4614 ait
1789 4572 1796 4611 :
1813 4559 1879 4629 Qus
1903 4549 1939 4604 di·

250 4650 342 4722 exuit,
358 4653 387 4707 et
400 4649 516 4706 aeteruis
531 4649 774 4707 delectationibus
789 4652 828 4723 (8)
843 4651 959 4721 ιιιοιιιι,
982 4656 1071 4726 atqua
1123 4652 1227 4708 citisin
1240 4647 1488 4716 cordibuscestris,
1498 4647 1529 4702 in
1540 4646 1679 4703 cubilibus
1689 4647 1790 4703 vestris
1798 4651 1941 4715 campilli·

247 4739 371 4808 ablevat,
387 4743 416 4795 et
437 4737 465 4793 in
483 4737 532 4796 illo
556 4737 664 4795 coelesti
689 4729 854 4796 habitaculo
864 4738 950 4811 locat,
967 4741 996 4796 in
1012 4758 1070 4814 quo
1114 4741 1198 4796 ‘mini
1206 4739 1292 4811 (Psct.
1302 4753 1349 4807 ιι,
1359 4736 1398 4809 ιι).
1415 4736 1497 4808 Saepe
1510 4735 1601 4792 etiam
1617 4733 1712 4808 aliqui
1728 4734 1869 4792 claudunt
1881 4741 1939 4822 ocu·

248 4828 355 4888 Paulus
370 4827 546 4885 cumadhuc
568 4826 687 4899 viveret,
713 4828 963 4898 conversabatur;
998 4830 1072 4888 alter
1124 4827 1180 4898 los,
1205 4827 1323 4900 siquid
1359 4823 1512 4898 profunde
1542 4822 1646 4880 volunt
1664 4823 1737 4879 nisu
1770 4817 1940 4894 cogitationis

247 4918 326 4974 enim
336 4935 395 4975 non
411 4917 521 4974 diceret
535 4935 541 4974 :
555 4918 653 4974 Nostra
668 4919 762 4972 cutem
776 4918 942 4975 conversatio
957 4920 988 4974 in
1015 4936 1071 4976 ιι-
1124 4933 1235 4986 cruere,
1247 4914 1399 4973 oculorum
1409 4910 1621 4986 impedimenta
1629 4903 1940 4984 ntannssapeetiam

248 5006 283 5062 tis
307 5012 345 5063 est
360 5008 491 5080 (Philipp.
508 5021 550 5079 ιιι,
570 5007 627 5078 20),
643 5006 721 5079 quod
736 5006 846 5080 pariter
859 5006 895 5063 ad
911 5023 1072 5082 presump-
1125 5004 1299 5064 solitudines
1314 5006 1478 5078 captamus,
1493 5015 1529 5058 ne
1541 5001 1628 5073 cique
1649 5015 1751 5057 sermo
1765 4996 1872 5058 nostris
1895 5005 1940 5048 au·

249 5095 359 5153 tionem
375 5097 471 5154 meriti
491 5099 588 5171 potest
622 5094 902 5167 meditationemque
935 5097 1070 5154 conferri.
1125 5095 1207 5154 ribus
1216 5094 1393 5162 insusurret,
1422 5093 1452 5147 et
1465 5088 1553 5162 quasi
1575 5088 1683 5146 samita
1707 5089 1845 5163 quedam
1860 5081 1941 5141 inha-

284 5273 323 5340 (7)
343 5273 425 5328 Rom.
442 5274 511 5329 edit.
528 5289 595 5329 cum
612 5289 684 5329 mss.
701 5287 754 5327 neo
782 5271 886 5327 multis
914 5289 967 5329 nec
996 5275 1071 5331 anti·
1127 5274 1256 5404 corporis
1270 5269 1469 5346 cogitationes.

250 5341 327 5414 quis,
344 5344 424 5414 ιιιιιι
441 5348 561 5416 corporis
591 5342 808 5416 contnpienibas.
837 5342 906 5412 Alie
936 5359 969 5401 ac
998 5361 1070 5403 mss.
1160 5348 1260 5476 wia
1273 5359 1345 5402 mss.
1360 5344 1426 5400 octo
1441 5338 1572 5398 melioris
1587 5342 1672 5424 note.
1689 5336 1748 5394 atii
1762 5339 1790 5393 et
1803 5328 1940 5414 stertuit

270 5411 348 5468 iures
368 5413 553 5488 potioresque
570 5433 612 5484 ;...
642 5414 866 5487 capitationibus.
890 5415 953 5472 Non
984 5417 1071 5475 male.
1126 5417 1160 5474 de
1212 5415 1361 5474 αιιιιιιιιι.
1376 5411 1655 5471 Cuncteveroedrt.
1673 5412 1941 5470 cruentasset·

249 5430 355 5548 gaiani
370 5487 448 5540 enirn
463 5487 652 5560 cogitationes
667 5501 765 5543 rerum
780 5485 815 5542 ad
832 5487 960 5568 corporis
976 5505 1077 5546 neces·
1128 5489 1288 5547 talionibus.

183 5585 185 5590 ·
249 5555 366 5614 citatem
384 5554 597 5629 voluptatomve
625 5557 923 5634 pertinentiuqurci
937 5561 1073 5634 {possint
