4159 6184
216 349 274 410 icc
941 343 974 404 s.
1000 340 1190 407 utibilest!
1860 347 1921 411 lul

215 472 414 555 perareturah
427 474 531 544 altero,
546 474 588 531 ita
602 472 756 545 utriusque
776 472 950 546 temperavit
972 474 1034 531 dis·
1049 476 1079 542 A
1093 475 1198 532 rutilus
1223 475 1252 532 iu
1280 475 1407 549 speciem
1433 475 1520 550 ignis.
1534 475 1569 533 lit
1583 477 1649 534 idco
1662 475 1745 533 aiunt
1765 478 1845 551 quod
1867 492 1921 536 nec

214 565 321 642 pendia
336 581 344 620 ι
361 567 395 621 ιιι
422 579 517 638 neque
545 563 613 637 plus
638 560 716 635 ignis
737 565 920 635 excoqueret,
944 579 1039 636 neque
1093 564 1205 639 ignitus
1220 569 1327 622 nature
1340 564 1389 634 sit,
1405 568 1434 622 et
1448 565 1473 622 ei
1490 564 1562 639 quid
1576 565 1666 622 hebet
1689 566 1805 636 caloris,
1822 567 1924 624 icrunt

214 655 386 713 exuberaret
406 669 507 727 uque:
527 652 580 708 aad
601 649 769 706 imminutio
782 650 866 706 fieret
884 651 1039 726 utriusque
1092 669 1127 710 ex
1151 654 1242 711 nimio
1265 658 1347 710 motu
1371 654 1570 711 conversionis
1595 654 1737 713 arridere.
1753 653 1834 720 Quod
1854 657 1922 713 ideo

213 744 376 814 moderata,
391 758 456 813 qnae
470 746 500 797 et
510 738 692 811 superfluum
707 737 883 807 detraheret,
893 744 923 795 et
936 756 1037 797 neces·
1092 743 1249 800 dicendum
1264 747 1416 816 putant,ut
1427 742 1501 800 nihil
1516 743 1651 800 videatur
1665 742 1799 801 humoris
1813 761 1923 801 cousu-

214 832 325 890 sarium
353 832 520 888 reservaret.
547 827 649 899 ltaque
675 842 744 882 oum
771 831 854 883 tante
883 826 919 885 de
950 829 1038 887 terris
1093 847 1173 893 mere
1188 847 1195 886 ι
1212 830 1422 904 quiacclorem
1442 847 1500 904 quo
1524 829 1689 888 humorvel
1705 832 1859 901 minuitur,
1875 831 1922 889 vel

213 925 370 995 erumpant
383 917 579 974 maximorum
604 914 716 972 tinente
734 915 879 982 amnium,
895 915 979 974 Nilus
993 917 1037 974 el·
1092 920 1267 993 plerumque
1279 919 1461 985 exhauritur,
1475 935 1535 976 non
1560 919 1651 978 habet
1670 919 1845 977 naturalem.
1862 921 1923 978 Sed

140 1004 147 1013 '
213 1011 280 1068 ineo
293 1011 448 1082 aegyptum
463 1008 604 1077 stagnans
620 1003 753 1073 flumine,
770 1004 922 1063 Danubius
938 1008 974 1063 de
988 1024 1037 1064 oc·
1092 1008 1167 1068 nihil
1183 1012 1284 1081 agunt,
1298 1024 1365 1064 cum
1375 1007 1434 1064 ista
1449 1013 1642 1080 componunt;
1661 1007 1732 1081 quia
1747 1006 1820 1064 nihil
1833 1009 1924 1066 inter·

213 1096 408 1156 cideutatibus
423 1092 568 1166 partibus,
583 1091 781 1150 Barbarornm
791 1096 879 1167 atque
894 1095 1038 1152 Romano·
1092 1103 1147 1164 est,
1163 1103 1262 1153 utrum
1278 1113 1313 1153 ex
1326 1100 1433 1154 natura
1451 1094 1579 1152 calorem
1598 1097 1667 1170 quis
1689 1095 1807 1166 habeat,
1821 1113 1859 1154 an
1885 1113 1924 1154 ex

213 1203 279 1243 rum
295 1185 479 1239 intersecans
500 1179 635 1254 populos,
651 1181 744 1238 donec
767 1182 859 1238 Ponto
880 1182 944 1256 ipse
967 1200 1037 1242 oon·
1091 1187 1238 1262 passione,
1255 1189 1306 1243 aut
1320 1185 1419 1258 aliqua
1442 1201 1478 1242 ex
1498 1201 1605 1254 causs;
1629 1184 1699 1258 quia
1720 1185 1798 1258 ignia
1821 1185 1923 1243 omnis

212 1274 307 1341 datur,
323 1271 444 1329 Rhenus
472 1270 509 1327 de
530 1270 603 1345 jugo
629 1268 750 1342 Alpium
776 1271 914 1344 usquein
931 1272 1036 1331 Oceani
1091 1280 1283 1347 consumptor
1295 1273 1429 1331 humoris
1448 1279 1504 1341 est,
1519 1273 1564 1330 vel
1581 1274 1754 1345 hujusmodi
1778 1275 1921 1343 metaris,

211 1360 475 1436 proiundecursea
490 1357 715 1431 suosdirigens,
731 1358 1036 1418 Romanimemoren-
1091 1381 1181 1438 quam
1209 1363 1331 1420 flamma
1358 1361 1508 1419 consuevit
1535 1378 1665 1418 exurere.
1694 1362 1768 1418 Nam
1796 1363 1857 1419 sive
1885 1379 1923 1420 ex

211 1451 267 1506 dus
275 1449 416 1505 adversus
428 1446 504 1504 ieras
513 1451 616 1518 gentes
626 1463 730 1503 murus
741 1447 966 1520 imperii,Pedus
977 1467 1037 1506 mu·
1091 1453 1180 1526 lignis
1202 1451 1434 1524 haudquaquam
1456 1450 1682 1518 semiustulatis,
1702 1451 1755 1508 sed
1782 1451 1860 1508 inter
1884 1467 1918 1510 se

210 1537 378 1595 ritimorum
404 1540 622 1592 commeatuum
647 1535 756 1592 Italicis
787 1536 930 1594 subsidiis
958 1538 1036 1596 fidus
1090 1539 1211 1608 collisis,
1241 1539 1319 1612 ignia
1348 1554 1491 1595 excussus
1519 1537 1682 1612 excipiatur
1710 1537 1798 1610 loliis,
1827 1539 1918 1596 etiam

210 1627 351 1694 invector,
367 1623 527 1681 Rhodanus
549 1623 651 1696 rapido
674 1624 807 1680 concitus
829 1641 916 1681 cursu
940 1626 1035 1700 Thyr·
1090 1631 1210 1688 ilamma
1224 1627 1328 1695 adolet,
1344 1645 1377 1684 ac
1392 1627 1418 1684 si
1432 1627 1468 1684 de
1482 1627 1549 1702 igne
1563 1628 1707 1685 accendas
1722 1627 1814 1685 facem
1831 1645 1839 1686 ι
1856 1629 1918 1686 sive

212 1714 294 1772 rheni
308 1712 436 1787 equoris
449 1713 523 1768 treta
537 1712 684 1787 scindens,
699 1712 730 1769 in
746 1729 805 1786 quo
820 1730 879 1770 nou
890 1715 1036 1773 mediocre
1090 1720 1126 1776 de
1141 1719 1266 1776 ilamma
1281 1716 1392 1774 lumine
1405 1715 1504 1773 lumen
1519 1718 1672 1786 accendas,
1688 1716 1791 1774 eadem
1805 1718 1922 1790 species

210 1805 304 1860 fertur
317 1801 518 1875 pungentium
531 1799 707 1873 perieulum,
722 1799 794 1857 dum
808 1800 885 1858 iuter
898 1818 930 1858 se
945 1802 1035 1860 maris
1089 1814 1119 1866 at
1133 1810 1238 1864 natura
1261 1811 1306 1862 est
1330 1804 1462 1873 luminis,
1485 1821 1518 1860 ac
1543 1805 1568 1862 si
1592 1803 1666 1861 iliud
1693 1821 1750 1862 non
1773 1804 1923 1862 naturalis

210 1892 318 1948 lluctua
332 1893 362 1946 et
375 1889 473 1946 amnis
495 1889 606 1945 fluenta
619 1888 779 1956 decertent,
793 1887 923 1962 itemque
937 1888 974 1946 de
990 1907 1035 1948 se·
1091 1897 1169 1971 ignis
1187 1894 1355 1962 adoleverit,
1371 1892 1422 1950 sed
1451 1892 1586 1950 accidens
1610 1909 1701 1950 causa
1727 1895 1920 1966 generaverit.

210 1977 399 2052 ptentrionali
419 1981 500 2050 parto
524 1975 628 2033 Phasis
643 1976 700 2048 (⁵1)
716 1975 870 2034 Caucaseis
885 1979 1037 2037 montibus
1090 1985 1141 2043 Vel
1155 1985 1226 2041 hino
1240 1982 1344 2042 saltem
1360 1982 1596 2054 contemplentur
1617 1980 1688 2038 solis
1703 1982 1845 2049 calorem,
1860 1999 1921 2056 quo

210 2069 295 2125 lusus
307 2083 374 2124 cum
389 2065 524 2139 pluribus
546 2064 612 2122 aliis
632 2064 662 2120 iu
677 2065 824 2122 Euxinum
847 2083 879 2124 se
903 2068 1036 2142 precipi·
1091 2075 1206 2131 diverse
1218 2073 1245 2130 ei
1258 2078 1333 2128 Deus
1347 2069 1503 2128 constituit
1520 2086 1625 2126 cursus
1649 2069 1697 2127 sui
1720 2070 1786 2128 loce
1798 2075 1828 2128 et
1841 2075 1922 2128 tem·

209 2162 276 2214 tans
291 2173 382 2226 mare,
397 2155 544 2228 prolixum
559 2158 604 2211 est
618 2153 805 2227 singulorum
819 2155 958 2229 prosequi
977 2156 1035 2213 ilu-
1090 2179 1178 2237 pora;
1201 2177 1248 2230 ne,
1273 2160 1298 2218 si
1321 2175 1437 2232 semper
1459 2158 1490 2214 in
1511 2157 1616 2216 iisdem
1644 2163 1810 2216 moraretur
1831 2159 1917 2231 locis,

209 2246 323 2303 riorum
336 2243 457 2301 nomiue
466 2242 517 2315 qui
527 2241 571 2299 uel
580 2241 610 2298 in
621 2248 757 2299 nostrum
767 2258 847 2300 mare
856 2243 1035 2316 derivantur,
1090 2249 1261 2325 quotidiano
1278 2265 1313 2306 sa
1332 2263 1438 2320 vapore
1461 2251 1605 2304 exureret.
1633 2247 1712 2304 Marc
1737 2247 1836 2321 ipsum
1851 2249 1918 2307 ideo

209 2335 253 2392 vel
269 2333 478 2391 exinaniuntur
491 2331 622 2400 Oceano;
639 2347 707 2387 cum
721 2337 804 2388 tauta
818 2331 1036 2406 igiturubertas
1090 2341 1187 2398 lerunt
1200 2338 1259 2411 ipsi
1273 2336 1382 2394 salsam
1406 2341 1495 2410 atqua
1518 2351 1651 2394 amamm
1673 2352 1782 2410 aquam
1797 2337 1917 2407 habere,

210 2440 354 2497 aquarum
378 2422 429 2490 sit,
445 2425 544 2477 ιιιιιιιιιι
567 2420 743 2493 plerumque
764 2425 843 2478 terra
866 2421 1034 2479 meridiana
1090 2429 1169 2502 quod
1182 2445 1217 2485 ea
1232 2443 1295 2500 qua
1316 2425 1413 2482 fluviis
1438 2425 1468 2481 in
1490 2425 1564 2481 irata
1585 2424 1700 2493 inllust,
1714 2425 1810 2484 calore
1824 2427 1919 2484 mau-

208 2512 301 2586 plaga
316 2515 446 2568 torretur
469 2509 636 2577 ardoribus,
651 2513 739 2581 atque
767 2513 842 2566 astu
869 2508 966 2567 solnta
992 2511 1035 2566 ie·
1090 2522 1197 2586 matur,
1213 2519 1388 2587 tantumque
1406 2529 1513 2586 vapore
1535 2514 1640 2571 diurno
1660 2515 1804 2584 consumi,
1820 2531 1920 2588 quan.

207 2601 287 2658 tiscit
300 2599 332 2657 in
347 2597 508 2673 pulverem,
526 2597 685 2654 miserandi
701 2595 834 2671 agricola
848 2596 948 2654 labore
965 2615 1034 2656 con·
1089 2612 1153 2663 tum
1167 2604 1296 2678 quotidie
1310 2621 1346 2660 ex
1359 2602 1482 2660 diversis
1497 2602 1653 2660 fluviorum
1677 2603 1812 2660 cursibus
1832 2604 1915 2661 inve·

207 2693 344 2763 sumpt03
361 2687 576 2759 utirequenter
600 2686 638 2742 ad
664 2691 778 2759 potum,
794 2685 913 2742 siccatis
926 2687 1034 2758 puteis,
1090 2696 1188 2753 hatur.
1209 2694 1290 2762 Quod
1312 2709 1347 2750 ex
1371 2690 1442 2749 solia
1466 2692 1594 2764 quadam
1618 2691 1825 2764 dijudicatione
1850 2693 1917 2750 fieri

207 2778 289 2835 arido
303 2777 419 2852 gurgite
433 2774 602 2831 subsidium
618 2773 706 2831 vitale
720 2773 848 2830 dellciat.
860 2774 960 2830 Eterit
969 2775 1035 2847 qui·
1089 2784 1271 2858 perhibetur,
1286 2781 1337 2855 qui
1353 2780 1430 2853 quod
1447 2797 1555 2855 purum
1569 2796 1604 2836 ao
1617 2779 1679 2837 leve
1693 2779 1811 2850 eet,sibi
1826 2781 1915 2855 rapit,

207 2868 275 2923 (¹⁰¹⁰
290 2865 408 2938 q⁰⁸⁰d⁰
423 2862 503 2919 ‘¹5⁰⁸‘
525 2863 631 2935 “blm
656 2879 663 2918 ²
686 2863 796 2918 ”tima
816 2864 881 2931 mi,
897 2871 924 2919 ⁶2
942 2879 1035 2920 timna
1090 2873 1167 2947 quod
1183 2887 1270 2946 grave
1285 2875 1373 2944 atque
1387 2874 1547 2936 terrenum,
1562 2869 1723 2942 relinquit:
1739 2887 1775 2926 ax
1790 2880 1849 2944 quo
1872 2887 1918 2927 rs·

207 2956 304 3027 fluvios
328 2953 435 3010 enemo
462 2953 529 3018 (Μ
559 2967 634 3021 wi,
656 2952 714 3021 27),
744 2950 821 3007 sicut
850 2966 902 3023 Ρθι
928 2951 1034 3009 Italam
1090 2960 1315 3018 manetsalsum
1336 2958 1410 3014 illud
1430 2965 1519 3031 atque
1543 2958 1669 3028 aridum,
1685 2960 1918 3033 quodsiuausu

208 3048 341 3100 futurum
356 3038 552 3096 annuntiavit.
566 3039 622 3095 Sed
639 3038 896 3111 etiamsntaquam
911 3037 1034 3097 illedies
1090 3066 1123 3108 ιο
1138 3049 1280 3107 suavitate
1293 3048 1414 3122 potandi
1431 3047 1478 3104 ait.

207 3131 354 3203 adveniet,
368 3129 465 3187 divino
479 3126 662 3201 prostitutus
685 3126 806 3184 arbitrio
820 3128 889 3200 (52),
904 3143 963 3185 non
979 3129 1034 3185 mi·
1408 3135 1528 3194 CAPUT
1548 3137 1594 3195 lv,

208 3222 323 3277 nimum
338 3221 416 3276 inter
429 3234 461 3274 se
474 3217 540 3290 ipsa
553 3216 1031 3275 elementorumnaturedecernit.
1048 3211 1070 3280 G
1090 3209 1203 3276 Coelttm.
1218 3223 1317 3266 ”mn
1336 3223 1496 3271 commum
1520 3210 1638 3282 speciale
1657 3223 1729 3276 uero,
1754 3210 1915 3281 firmamen-

207 3310 312 3367 Crebro
327 3308 425 3381 itaque
440 3310 491 3363 aut
504 3304 750 3361 inundationibus
766 3305 1034 3378 mundushicqua·
1126 3283 1185 3336 mm
1207 3286 1266 3362 ἦθ’
1287 3277 1360 3336 ”W
1382 3295 1436 3337 ²¹⁰²
1458 3283 1574 3385 {mist
1596 3281 1747 3351 millitia·
1764 3282 1834 3338 flitw
1852 3283 1918 3338 wli

206 3399 289 3467 titur,
305 3401 357 3454 ent
370 3394 462 3453 nimio
474 3399 547 3451 astu
562 3397 593 3451 et
607 3392 746 3449 ariditate
759 3397 890 3449 vexatur.
1124 3353 1293 3422 mmmm
1308 3351 1454 3409 ''mun“
1460 3394 1468 3420 ι
1486 3355 1513 3408 ⁶²
1525 3352 1560 3408 “d
1574 3362 1737 3418 immin·
1757 3369 1819 3408 “im
1832 3353 1915 3410 Μίθ-

242 3487 288 3546 u.
303 3486 368 3544 nou
397 3483 488 3558 igitur
516 3481 719 3540 tesmonium
748 3481 862 3554 opinari
890 3498 1034 3556 equom
1124 3437 1235 3550 {W
1247 3422 1428 3518 remman,
1439 3426 1500 3480 Μ’
1509 3423 1765 3540 obrumbrare
1777 3425 1912 3496 artense-
1974 3464 1981 3474 ·

208 3574 441 3641 multitudinem,
457 3572 507 3628 sed
525 3570 638 3644 respice
652 3570 689 3626 ad
703 3569 763 3629 vim
773 3569 889 3637 caloris,
901 3577 929 3628 et
944 3573 1035 3628 incre·
1124 3583 1169 3638 15,
1184 3581 1238 3638 sod
1256 3583 1435 3638 revertamur
1456 3582 1494 3639 ad
1515 3582 1708 3657 propositum,
1736 3583 1798 3639 piat
1821 3582 1919 3639 qm.

207 3664 297 3722 dulus
312 3681 371 3720 uon
386 3661 455 3720 eris.
472 3659 598 3717 Multum
614 3663 660 3716 est
684 3658 762 3732 qnod
779 3658 856 3733 ignis
874 3661 1032 3719 absorbet:
1087 3672 1211 3726 mnsam
1226 3672 1298 3727 inm
1310 3671 1432 3728 mediam
1453 3687 1545 3744 ww,
1560 3672 1623 3729 Non
1648 3673 1772 3738 momt,
1788 3672 1839 3728 30
1853 3670 1913 3728 910.

210 3753 289 3826 quod
312 3751 357 3809 val
379 3767 415 3808 ax
438 3749 488 3807 illo
510 3747 596 3806 nohis
624 3747 711 3805 debet
738 3762 803 3804 asse
831 3747 1032 3818 manifestum,
1088 3757 1132 3814 uti
1143 3759 1207 3831 jam
1222 3757 1291 3828 dixi,
1308 3759 1377 3832 quia
1400 3777 1491 3832 supra
1513 3759 1620 3818 coelnm
1640 3761 1692 3828 ait,
1707 3759 1754 3816 hie
1778 3759 1850 3815 dicit
1863 3760 1914 3830 fir.

205 3859 273 3899 tum
294 3839 400 3899 mediol
422 3854 493 3895 vm
516 3837 652 3912 quffldtm
673 3840 801 3909 enlin-‘¹²²
824 3852 885 3904 Ore·
900 3835 1034 3910 illenim
1087 3855 1274 3917 momentum
1299 3847 1439 3921 quoniam
1461 3853 1490 3906 et
1509 3849 1598 3908 David
1622 3849 1694 3906 dicit
1718 3864 1725 3903 ι
1752 3847 1819 3904 Gali
1830 3863 1912 3904 mr·

205 3931 340 4003 desuper,
357 3930 437 3986 intus
453 3941 590 3992 concava,
605 3924 661 3982 levi
676 3923 801 3982 lucerna
824 3930 964 3999 concepto
987 3925 1033 3982 iu·
1087 3938 1283 4008 receptorium
1304 3938 1362 4006 Dei,
1377 3941 1404 3994 et
1425 3955 1507 4011 opero
1527 3955 1662 3995 munuum
1682 3939 1740 4011 sjru
1762 3937 1915 3994 ιιηιιιιιιιίιιι

205 4020 285 4077 11¹5ssss
312 4019 440 4090 ssfflssfflli
464 4013 579 4087 ⁰⁰fli⁰ri
613 4012 864 4086 q⁰0m²dffl⁰d⁰m
879 4013 930 4070 ²⁰
954 4014 1034 4072 ⁰⁸¹⁰?
1087 4026 1292 4095 innumeratum
1306 4026 1482 4096 (Psol.xv1u,
1497 4027 1538 4102 2),
1559 4027 1614 4084 hoc
1636 4031 1691 4098 est,
1707 4027 1813 4084 mundi
1838 4041 1917 4098 opus

205 4109 388 4165 illcomnem
413 4106 443 4161 in
468 4119 500 4160 ιθ
526 4102 623 4175 rapiti
647 4100 824 4157 humortm?
849 4102 920 4167 Ouio
942 4102 1034 4177 igitur
1088 4129 1155 4170 oum
1177 4113 1303 4178 videtur,
1329 4131 1417 4172 suum
1442 4115 1544 4174 laudat
1567 4122 1726 4173 auctorem.
1755 4113 1917 4172 Invisibilis

206 4195 320 4253 dubitet
334 4193 413 4268 quod
427 4191 539 4266 ignitus
554 4189 654 4259 ather,
669 4192 698 4246 et
721 4205 828 4264 magno
851 4190 965 4249 fervens
983 4209 1033 4250 va·
1087 4201 1165 4258 enirn
1180 4203 1319 4275 majestas
1334 4204 1399 4276 ejus
1414 4220 1466 4278 per
1479 4221 1513 4262 ea
1530 4222 1594 4279 qna
1614 4205 1763 4270 videntur,
1777 4203 1916 4276 agnosci.

206 4302 276 4358 pora
290 4283 488 4340 iflflssmmffli
512 4285 602 4353 iit(1¹¹⁶
624 4278 756 4337 wlferei
774 4279 883 4349 omnin,
898 4281 955 4338 nisi
970 4281 1033 4356 108⁰
1086 4296 1145 4349 tur.
1169 4291 1205 4348 lit
1228 4291 1343 4348 videtur
1366 4293 1439 4351 mihi
1463 4311 1569 4350 nomen
1593 4291 1733 4350 coelorum
1757 4305 1917 4360 commune

207 4371 388 4446 quadamsui
399 4369 586 4427 cohiberetur
596 4367 770 4437 auctoris,ut
780 4386 833 4426 nec
843 4369 1033 4440 (luminaneo
1086 4397 1160 4450 περ,
1176 4380 1245 4454 quia
1269 4379 1412 4452 plurimos
1439 4382 1528 4440 offilo„
1556 4381 1708 4455 sopiptm
1725 4379 1916 4444 testificatur,

206 4458 1033 4534 l⁰⁰¹¹⁸211005l¹⁸⁸muialifflssl'lfflP⁰⁸³⁰¹¹iffl⁸ii¹¹8¹¹0lt³i
1085 4485 1192 4526 nomen
1208 4473 1305 4525 aulem
1329 4486 1393 4527 esse
1416 4471 1550 4545 speciale,
1567 4471 1799 4527 llrmarnentnm.
1815 4467 1916 4539 Siqui-

207 4551 242 4606 ιιι
255 4547 321 4605 ideo
335 4547 464 4618 desuper
477 4563 555 4620 equa
568 4547 680 4619 impetu
695 4548 824 4619 quodam
839 4549 1031 4618 descendeus,
1046 4579 1071 4645 D
1086 4558 1154 4614 dem
1168 4561 1197 4614 et
1211 4557 1259 4614 hir,
1274 4559 1315 4614 ita
1326 4558 1453 4618 hahetur
1466 4578 1474 4617 :
1487 4561 1521 4617 gg
1538 4560 1645 4618 „ocavit
1659 4560 1730 4615 pm
1754 4557 1915 4628 firmam.

207 4640 237 4696 iss
252 4641 351 4695 “⁰²0⁸
364 4635 539 4709 plerumque
553 4635 663 4691 imbffl
678 4637 837 4710 rumpitur,
853 4642 885 4694 Ui
908 4637 1033 4696 flumine
1087 4651 1147 4703 tum
1165 4648 1263 4703 coetum
1277 4645 1352 4720 (Gen.
1368 4665 1389 4716 1,
1405 4649 1446 4721 8),
1471 4652 1504 4705 ιιι
1523 4648 1658 4705 videatur
1680 4661 1771 4719 supra
1791 4659 1916 4718 genera·

206 4733 236 4785 et
250 4727 332 4784 lacus
347 4728 466 4797 repente
482 4722 660 4796 repleantur,
677 4723 742 4797 ipsa
755 4724 850 4782 maria
871 4728 1029 4784 exundent.
1085 4734 1152 4792 liter
1166 4735 1285 4802 dixisse,
1302 4736 1333 4792 in
1347 4737 1492 4811 principio
1502 4737 1606 4794 coelum
1623 4737 1781 4802 iactum,ut
1795 4747 1916 4789 ornnem

207 4816 290 4873 Unde
303 4815 512 4887 frequentaret
524 4811 615 4869 solem
639 4812 772 4870 videmus
783 4814 934 4871 madidum
945 4819 1033 4889 atque

208 4909 367 4962 rorantem.
384 4903 417 4960 ln
433 4918 491 4974 quo
503 4901 623 4959 evidens
643 4901 695 4957 dot
716 4901 869 4971 iudicium,
884 4904 964 4977 quod
979 4903 1031 4961 ali·

208 4998 341 5050 mentum
355 4991 412 5050 sibi
428 5007 572 5063 aquarum
587 4991 625 5048 ad
640 4993 811 5066 temperiem
833 4992 881 5050 sui
896 5011 1032 5068 sumpse·

209 5085 257 5138 rit.

244 5170 289 5227 ll.
303 5170 431 5227 Tantum
446 5175 545 5227 autem
560 5168 639 5226 inest
652 5168 712 5226 iilis
727 5169 934 5244 impugnanda
958 5173 1032 5229 veri·

211 5259 279 5314 tatis
293 5258 436 5326 studium,
449 5265 482 5316 ιιι
503 5258 596 5317 solem
619 5257 720 5332 ipsum
743 5265 850 5332 negent
864 5260 965 5318 calido
979 5278 1032 5318 na·

210 5351 283 5403 turs
296 5363 378 5417 esse,
393 5363 428 5404 co
443 5348 522 5420 quod
537 5348 624 5406 albus
638 5353 687 5417 stt,
703 5365 762 5406 uon
777 5348 970 5419 rubicundus,
981 5357 1033 5408 aut

246 5488 388 5562 (bilitas.
404 5489 468 5546 Vat.
494 5491 563 5560 duo,
590 5493 706 5559 Tanain
730 5490 804 5577 big,
827 5492 929 5564 husim
955 5494 1031 5553 Vict.

210 5577 300 5630 nnus,
315 5561 410 5626 Gon..
424 5561 494 5619 Gan.
509 5561 593 5619 Corb.
605 5565 816 5628 uousducu...
831 5573 1031 5641 masseptem,

209 5634 376 5714 precipitat,
392 5632 509 5709 reliqui,
521 5648 556 5692 ao
570 5633 641 5692 edit.
657 5650 770 5710 omnes,
783 5639 971 5716 precipiunt.

1086 4823 1197 4880 ooelesti
1225 4827 1365 4882 creatura
1390 4825 1531 4884 lubricam
1551 4823 1810 4898 comprehenderet
1831 4837 1839 4878 :
1863 4820 1915 4877 hic

1087 4915 1184 4966 antem
1200 4911 1356 4985 specialem
1379 4913 1558 4971 firmamenti
1579 4913 1670 4986 hujus
1692 4908 1846 4969 exterioris
1866 4925 1917 4965 so-

1087 4997 1231 5056 liditatem
1252 5002 1330 5073 qnod
1358 5002 1466 5059 dicitur
1487 5002 1551 5060 areli
1576 5003 1812 5066 firmamentum,
1838 4997 1918 5053 sicut

1086 5087 1213 5161 legimus
1235 5087 1265 5145 in
1290 5089 1399 5163 hymno
1425 5091 1595 5164 prophetico
1622 5109 1629 5148 :
1656 5089 1862 5147 benedictinae
1884 5087 1917 5143 iu

1086 5177 1258 5249 annumero
1281 5179 1343 5236 coeti
1363 5178 1443 5253 (Dea.
1467 5196 1507 5249 ιιι,
1522 5181 1578 5254 5⁰).
1594 5179 1669 5237 Nam
1694 5175 1812 5246 coelum,
1834 5175 1916 5249 quod

1085 5273 1186 5340 ιιρανις
1201 5265 1298 5324 Gracc
1312 5267 1430 5337 dicitur,
1448 5269 1560 5339 Latine,
1576 5269 1648 5343 quia
1672 5268 1819 5340 impressa
1844 5263 1916 5321 stel-

1087 5353 1182 5413 larum
1197 5354 1312 5413 lumina
1325 5355 1405 5414 velut
1425 5358 1512 5430 signa
1534 5357 1651 5426 habeat,
1667 5361 1811 5428 tanquam
1826 5350 1917 5408 caala-

1122 5499 1178 5631 ῆι)
1191 5496 1256 5558 Vct.
1272 5499 1341 5560 edit.
1359 5515 1391 5560 ac
1414 5516 1488 5562 mss.
1511 5499 1634 5575 aliquot,
1649 5499 1749 5560 biciso
1768 5495 1919 5574 prefectis

1087 5585 1121 5630 or
1145 5571 1214 5633 'ria
