4159 6184
261 304 320 369 503
992 308 1024 370 S.
1049 306 1238 373 autumn
1274 340 1278 346 ⁴
1887 320 1934 385 stt

261 438 331 509 rint,
346 440 375 495 et
394 436 500 495 iterum
517 436 593 498 885
610 437 741 497 excitatis
763 439 973 511 carpititntibus
998 457 1087 501 novoe
1100 443 1129 511 Α
1143 442 1233 517 nique
1246 440 1328 503 Plato
1342 460 1463 503 currum
1474 440 1622 503 volucrem
1636 441 1712 503 aaa
1724 445 1936 523 modona

260 527 391 585 ratarum
405 527 544 601 impetun.
1139 549 1174 590 eo
1196 534 1274 606 quod
1303 534 1446 608 propheta
1472 535 1586 591 dixerat
1608 551 1614 591 :
1637 534 1705 591 Care
1727 536 1800 593 tant
1814 542 1937 611 renutu,

293 618 338 673 52.
356 616 388 672 ln
404 618 493 675 ariete
507 634 574 675 vero
586 617 666 674 vorbi
681 634 714 674 ao
730 619 875 675 scrnronis
891 621 983 677 nostri
999 620 1086 677 habe·
1140 622 1217 679 itcrat
1227 627 1256 679 et
1268 631 1336 681 roten
1364 626 1514 695 coniuncta
1543 625 1621 687 illis:
1640 630 1668 681 et
1690 640 1753 681 cum
1776 625 1897 686 etant
1915 650 1939 689 re

258 708 307 761 tur
327 704 500 775 similitudo,
517 707 592 779 quod
609 706 648 763 sit
663 706 830 775 vehemens,
848 707 925 765 sicut
946 714 974 766 et
988 726 1085 767 sermo
1139 713 1277 783 animatia
1296 731 1314 768 a
1336 721 1420 781 terra
1446 714 1626 771 elevabantur
1650 716 1719 771 rota
1739 714 1815 785 (thid.
1830 718 1939 788 tithei

259 798 359 853 noster
373 796 474 851 eliicax
495 794 682 866 operationis,
698 800 726 851 et
751 798 886 869 quaednm
901 802 1021 855 ornatus
1036 816 1087 879 no·
1140 802 1282 874 propbeta
1307 819 1366 858 nen
1381 801 1488 859 coelum
1512 801 1612 875 ipsum
1636 818 1719 859 avem
1734 802 1789 874 (ιιι)
1803 803 1876 871 dixit,
1898 810 1938 864 sed

260 884 313 941 etri
328 888 357 941 et
366 884 508 957 tegminis
523 900 613 941 cauea
629 884 676 940 sit.
694 886 775 941 Aries
789 902 841 959 per
856 904 943 943 usum
959 888 1085 945 vestium
1140 906 1208 947 aves
1233 907 1297 947 esse
1325 891 1356 946 in
1380 890 1462 948 cmlo.
1483 891 1615 964 Denique
1643 895 1673 947 et
1700 890 1788 947 David
1812 892 1850 949 ait
1866 910 1873 949 :
1887 896 1940 953 Cati

260 974 361 1029 ordino
376 973 502 1045 quodam
517 988 636 1047 gregem
652 974 772 1041 ducens,
790 976 864 1031 sicut
879 976 950 1032 ordo
964 977 1086 1049 quidam
1140 983 1272 1036 enarrant
1291 980 1410 1051 pluriam
1431 979 1941 1055 DeitProl.xv1n,2),hooeet,pote-

258 1061 324 1117 vita
342 1078 474 1133 ususque
493 1062 585 1119 nostri
601 1064 687 1119 verbo
702 1064 872 1137 explicatur.
887 1065 1020 1122 Arbitror
1034 1083 1086 1122 au·
1141 1072 1230 1124 states
1244 1066 1384 1136 coelestes,
1400 1067 1480 1125 velut
1493 1085 1562 1125 cum
1581 1072 1730 1141 spectatur
1743 1066 1888 1141 pulchrum
1898 1072 1942 1129 ele

151 1188 154 1201 .
258 1153 318 1205 tam
328 1151 406 1223 quod
420 1150 492 1207 illud
504 1152 625 1209 verbum
637 1152 905 1226 magisintelligere
915 1153 1088 1222 debeamus,
1142 1160 1286 1221 mentum,
1302 1156 1477 1228 predicatur
1491 1161 1636 1230 operator.
1653 1158 1789 1215 baimam
1802 1160 1942 1230 autemde

259 1239 337 1312 quod
353 1243 398 1295 est
412 1239 539 1295 Verbum
564 1240 624 1308 Dei,
640 1258 707 1297 cum
729 1258 787 1313 quo
802 1242 878 1298 aries
902 1242 957 1298 iste
979 1242 1087 1299 habere
1142 1245 1245 1301 scribit
1266 1245 1419 1317 propheta,
1436 1246 1522 1318 cujus
1546 1250 1644 1301 motus
1667 1248 1944 1318 suntquatoorvalut

259 1328 394 1385 videatur
416 1345 473 1385 non
500 1329 677 1385 mediocrem
693 1330 1001 1401 cognationemouod
1016 1331 1087 1387 Ver·
1142 1334 1224 1405 equi,
1258 1342 1403 1405 λογιστικὸν,
1434 1343 1578 1405 tepescant,
1610 1342 1790 1406 ἐπιθυμητικὸν,
1819 1343 1944 1409 teporata,

259 1417 330 1474 bum
347 1432 401 1475 nos
423 1434 489 1474 vere
513 1418 641 1490 tegmine
664 1418 778 1474 velleris
803 1420 848 1475 eui
872 1419 997 1485 rostitit,
1014 1420 1088 1476 etin
1143 1423 1208 1478 Hac
1222 1423 1299 1479 m
1315 1422 1453 1479 animalia
1468 1428 1605 1496 quatuor,
1616 1423 1646 1479 id
1660 1428 1706 1481 eet
1720 1423 1805 1481 homo
1817 1432 1945 1496 λογισιιιιν,

259 1506 380 1565 domum
399 1506 560 1563 introduxit
575 1510 688 1563 aeterua
704 1506 818 1563 salutis.
837 1510 890 1577 eri
904 1526 933 1564 sc
945 1526 995 1581 pro
1009 1511 1090 1567 nobie
1143 1510 1189 1568 leo
1203 1521 1345 1584 ιυμητιιιιν,
1360 1511 1469 1568 vitulus
1498 1520 1680 1584 ἐπιθυμητικὸν,
1705 1512 1805 1586 aquila
1821 1521 1945 1585 tmen.

260 1595 460 1653 immolandum
482 1596 653 1668 obtulitque
667 1606 798 1668 tuaquom
814 1599 871 1653 ovis
894 1598 930 1653 od
950 1600 1091 1655 vidimata
1144 1600 1211 1657 Ideo
1239 1600 1315 1655 ratio
1343 1600 1496 1672 premissa
1524 1604 1584 1670 oet,
1614 1606 1648 1657 ιιι
1675 1599 1798 1674 reliquia
1824 1604 1945 1660 rationem

259 1685 356 1743 duetus
370 1689 420 1753 eat,
434 1688 460 1741 et
473 1687 542 1741 sicut
566 1687 640 1741 ories
654 1701 746 1742 coram
760 1686 888 1742 tortdcntc
901 1703 929 1742 se
943 1689 1003 1743 sine
1016 1703 1090 1772 uoce,
1145 1693 1316 1762 sequantur.
1346 1689 1413 1745 ldeo
1439 1705 1507 1745 cum
1531 1688 1652 1746 homine
1675 1706 1693 1746 a
1716 1689 1822 1747 dexhis
1843 1695 1883 1749 eet
1900 1690 1946 1758 leo,

257 1776 367 1831 sicnoo
391 1776 502 1848 operuit
525 1790 554 1830 os
578 1790 659 1829 saum
685 1776 747 1846 (tso.
765 1792 824 1839 ιιιι,
840 1776 877 1847 7).
894 1776 934 1831 lix
960 1792 1017 1849 quo
1042 1793 1089 1832 or·
1144 1777 1174 1834 id
1194 1783 1248 1846 eet,
1264 1794 1331 1835 cum
1356 1777 1469 1835 ratione
1483 1777 1640 1836 commotio
1664 1794 1682 1834 a
1706 1778 1816 1836 dennis
1837 1779 1947 1837 eatlstr

259 1861 358 1921 dinem
387 1864 545 1937 quemdam
566 1863 739 1921 substantiae
768 1863 915 1921 habemus
942 1869 972 1922 et
1000 1882 1089 1922 sacra
1146 1865 1286 1923 animalia
1299 1867 1416 1939 quaudo
1437 1866 1598 1935 elevantur,
1613 1866 1864 1925 elevanturetiatn
1881 1872 1946 1925 rota.

259 1952 480 2025 redemptionis,
496 1954 574 2025 quod
591 1968 642 2025 per
656 1952 755 2024 ipsum
768 1952 879 2009 conditi
894 1970 928 2009 ac
943 1952 1092 2028 redempti
1145 1956 1220 2013 Rota
1233 1958 1332 2011 autem
1346 1954 1405 2011 vita
1428 1958 1474 2011 est
1496 1970 1585 2028 super
1606 1960 1729 2024 terram,
1753 1972 1812 2029 qua
1831 1955 1947 2015 dumos.

259 2058 375 2099 sumus.
393 2041 502 2114 Duplex
518 2042 607 2113 igitur
621 2058 711 2097 causa
735 2058 785 2114 per
810 2042 950 2109 Verbum,
967 2048 1089 2101 natura·
1144 2046 1175 2101 Si
1203 2043 1307 2101 anima
1330 2047 1437 2101 nostra
1465 2048 1564 2101 motus
1587 2048 1716 2116 quatuor
1738 2044 1947 2111 claramontis·

259 2130 296 2188 lie
311 2135 341 2187 et
356 2130 493 2187 moralis:
510 2129 653 2187 naturalis
667 2148 725 2203 qua
740 2130 880 2202 condidit,
895 2131 1014 2189 moralis
1030 2150 1090 2206 qua
1142 2138 1228 2190 vatur
1254 2138 1284 2190 et
1306 2133 1366 2190 vita
1392 2136 1502 2190 nostra.
1528 2132 1655 2205 Ideoque
1681 2134 1796 2191 addidit
1811 2151 1819 2191 ι
1834 2135 1949 2203 omniun

260 2220 393 2277 redemit.
403 2220 592 2293 Philosophia
602 2236 718 2294 quoque
729 2219 891 2293 germinam
903 2223 1029 2294 speciem
1041 2223 1087 2279 sui
1141 2225 1257 2297 spiritus
1282 2225 1359 2289 otta,
1390 2221 1497 2295 inquit,
1524 2226 1583 2279 erat
1611 2225 1642 2279 in
1670 2222 1946 2294 remittentem).

260 2308 414 2367 constituit
428 2309 457 2365 in
471 2310 569 2377 verbo,
586 2308 750 2367 naturalem
772 2314 801 2365 et
819 2309 969 2367 moralem.
988 2310 1086 2368 Ratio·
1140 2313 1247 2370 Anime
1261 2328 1315 2386 ego
1339 2310 1435 2384 magis
1448 2327 1555 2368 currus
1569 2314 1624 2379 eet,
1639 2328 1707 2384 quie
1731 2312 1772 2368 ait
1793 2312 1823 2367 in
1837 2310 1949 2368 canticis

260 2398 367 2455 nabilis
391 2398 469 2456 enim
494 2398 648 2470 utriusque
663 2398 757 2470 portio
776 2403 829 2454 est.
844 2398 1013 2455 Naturalcm
1040 2416 1086 2456 se·
1141 2400 1489 2477 canticorumrt’osatrtt
1510 2416 1674 2457 macareus
1701 2400 1851 2459 Aminodot
1872 2400 1947 2472 (teat.

259 2488 389 2544 cundum
404 2488 507 2545 muudi
523 2488 711 2556 creationem,
722 2504 812 2559 quam
828 2488 914 2544 verbo
930 2488 1084 2561 assignat:
1141 2508 1179 2559 ιι,
1196 2492 1251 2563 it),
1268 2490 1297 2546 id
1322 2492 1376 2557 eet,
1392 2488 1510 2546 Domini
1531 2488 1635 2545 nostri.
1659 2489 1726 2546 Non
1749 2504 1817 2563 ergo
1839 2488 1947 2561 philoeo·

258 2576 399 2633 moralem
421 2577 585 2633 secundum
605 2575 764 2647 justitiam,
780 2580 809 2633 et
833 2576 1028 2649 equalitatem
1043 2579 1085 2635 vi·
1140 2578 1215 2652 phin
1229 2578 1381 2635 traditioni
1393 2577 1550 2650 descriptio
1565 2577 1716 2634 concurrit
1728 2576 1897 2651 prophetica
1907 2576 1949 2633 De

256 2666 353 2735 vendi,
369 2666 454 2738 cujus
469 2667 528 2722 vite
543 2671 572 2721 et
587 2666 661 2722 ratio
676 2666 712 2722 de
727 2666 824 2723 verbo.
1140 2669 1230 2741 nique
1251 2684 1351 2724 vocem
1377 2666 1492 2723 alarum
1516 2665 1636 2723 audisse
1659 2682 1695 2723 ee
1718 2666 1791 2725 dicit
1817 2664 1948 2739 propheta.

291 2756 337 2813 53.
354 2757 416 2822 Qua
430 2772 520 2813 causa
536 2771 603 2810 cum
619 2754 681 2811 dies
697 2754 892 2827 quadraginta
907 2756 1086 2829 complereu-
1140 2758 1203 2813 leta
1218 2756 1269 2812 ala
1284 2756 1407 2812 virtutes
1421 2758 1492 2812 eunt
1505 2754 1562 2827 (27)
1578 2756 1655 2827 [quea
1670 2756 1803 2812 maximo
1816 2759 1844 2812 et
1856 2753 1948 2827 duplici

257 2849 307 2903 tur
316 2846 372 2917 (25)
382 2861 417 2901 ex
427 2844 524 2901 Mariae
534 2842 663 2917 Virginis
674 2848 769 2915 partu,
781 2843 913 2901 tulerunt
926 2845 1084 2904 Dominum
1139 2845 1245 2918 plausu
1260 2844 1433 2914 prudentia,
1448 2843 1644 2913 tortitudinis,
1656 2844 1868 2924 temperantia,
1878 2842 1950 2915 justi·

257 2938 392 2991 nostrum
407 2934 510 2991 tesam
525 2933 554 2988 in
569 2932 744 3003 Jerusalem,
760 2936 794 2989 ut
808 2935 944 2991 ollerreut
959 2935 1084 2993 Domino
1139 2935 1185 2991 tia
1206 2950 1327 2991 suavem
1350 2932 1572 3001 theoremata
1596 2931 1779 2991 cantilenam
1801 2930 1949 2999 resultaml.

258 3022 421 3084 secundum
435 3021 540 3096 legem,
555 3025 584 3079 et
603 3026 637 3077 ut
651 3022 755 3078 darent
777 3022 904 3079 hostiam
920 3041 973 3097 por
987 3028 1083 3081 turtu·
1138 3022 1219 3080 Plato
1235 3027 1334 3080 autem
1347 3022 1450 3079 dulces
1462 3022 1607 3095 quosdam
1622 3021 1744 3081 sonitus
1758 3022 1883 3081 eidemin
1896 3036 1949 3077 mu·

258 3114 398 3183 rum,aut
418 3112 493 3168 duos
513 3109 609 3183 pullos
624 3110 827 3167 columbarum
848 3112 923 3183 (Lac.
937 3116 1081 3187 intexti),
1138 3113 1230 3171 tuerit
1240 3110 1495 3186 epharacoeleetie
1506 3110 1639 3185 generari
1650 3112 1949 3182 mnreoeiooqtamam

257 3220 292 3260 eo
307 3201 385 3273 quod
400 3200 431 3257 iu
445 3198 582 3257 columba
597 3198 739 3273 spiritalis
753 3200 847 3272 gratia
863 3201 952 3268 eit,in
968 3183 1119 3260 turtureC
1138 3201 1234 3275 magis
1247 3206 1439 3274 etpompnm,
1454 3217 1544 3273 quam
1566 3200 1724 3257 veritatem
1749 3204 1874 3258 secutus.
1889 3198 1951 3255 Nan

257 3291 433 3362 incorrupta
458 3288 655 3363 generationis
683 3292 801 3355 natura,
828 3289 872 3345 ret
901 3290 1083 3349 immaculati
1136 3290 1205 3347 licet
1217 3289 1358 3362 Origenes
1371 3304 1488 3362 quoque
1502 3292 1612 3355 noster,
1627 3288 1683 3345 hoo
1702 3294 1760 3357 eet,
1774 3285 1951 3347 ecdeeiaetico

256 3378 387 3453 corporis
413 3376 597 3434 castimonia.
621 3376 722 3433 Merito
751 3394 819 3449 ergo
845 3380 881 3435 ad
904 3380 1082 3437 sacrificium
1136 3379 1181 3435 vir
1191 3378 1288 3435 officio
1298 3377 1427 3446 deditus,
1442 3378 1626 3451 planetarum
1640 3377 1798 3435 stellarum
1809 3374 1952 3451 quantun

251 3470 477 3542 jubenturpost
500 3465 620 3523 arietem
643 3466 934 3525 turturetcolumba
956 3469 1034 3525 sumi
1050 3473 1084 3526 ut
1136 3466 1363 3524 inenarrabilem
1391 3470 1474 3522 moto
1497 3464 1681 3522 harmoniam
1713 3484 1780 3525 eaeo
1803 3460 1953 3523 ιιιιιιιιιίιιί

255 3558 350 3615 Verbo
374 3556 521 3613 adherere
550 3553 696 3628 intelligas
721 3554 920 3629 incorruptam
946 3557 1082 3616 caedmo·
1136 3556 1217 3613 illius
1245 3555 1311 3613 soni
1335 3554 1461 3611 caelestis
1486 3557 1609 3623 mearat,
1625 3559 1732 3613 tamen
1757 3556 1844 3613 etiam
1869 3553 1953 3625 ipsum

256 3646 348 3715 aiam,
361 3649 391 3705 et
414 3642 576 3718 spiritalem
595 3644 730 3717 gratiam.
747 3646 782 3701 ttt
804 3644 858 3702 hoo
882 3646 947 3718 ipso
962 3648 1082 3718 quidem
1137 3645 1299 3721 plurimum
1314 3643 1465 3717 indulgere
1480 3643 1729 3717 philosophorum
1743 3641 1890 3701 traditioni
1902 3639 1953 3713 ple·

257 3735 335 3809 quod
351 3750 419 3791 aves
434 3732 543 3806 posuit,
559 3730 720 3803 intelligere
743 3750 903 3806 possumus
920 3734 1081 3793 coelestium
1136 3752 1228 3810 raquo
1246 3735 1312 3807 ejus
1337 3732 1447 3806 scripta
1459 3736 1625 3802 testantur;
1640 3735 1725 3805 quod
1749 3750 1783 3791 eo
1805 3728 1953 3803 scriptitat

256 3823 429 3883 meritorum
452 3822 575 3879 volatus.
590 3822 665 3878 Sunt
687 3821 765 3877 enim
785 3821 918 3879 volucres
938 3822 1001 3879 eoeti
1017 3842 1082 3897 quea
1136 3829 1166 3882 et
1177 3825 1214 3881 ah
1229 3822 1402 3896 aruspicina
1416 3826 1446 3878 et
1459 3838 1478 3877 a
1491 3820 1689 3895 philosophia
1703 3822 1862 3879 traditione
1875 3816 1953 3875 sacri·

256 3914 377 3973 veniunt
391 3917 421 3969 et
435 3912 571 3970 habitant
583 3911 614 3966 in
637 3910 727 3967 ramis
751 3911 816 3982 ejus
839 3910 952 3968 arboris
967 3928 1030 3983 que
1046 3900 1082 3971 d'e
1136 3914 1195 3971 tleii
1209 3913 1297 3969 istius
1311 3910 1581 3983 interpretationem
1596 3926 1795 3969 secernerem.
1807 3908 1901 3966 Velint
1912 3903 1953 3961 alii

254 4020 345 4078 grano
360 4000 472 4074 sinapis
487 4000 655 4067 surrexerit,
665 3998 710 4055 cui
720 3997 858 4057 coelorum
874 4016 1083 4073 regnumoom-
1135 4002 1299 4059 doctrinam
1315 4000 1438 4073 probare
1450 4014 1553 4067 euam;
1568 4016 1622 4073 ego
1639 4001 1731 4071 Juxta
1744 3995 1911 4073 apostolom
1923 3993 1955 4049 ti·

254 4096 376 4167 paratur
400 4089 505 4161 (narrt.
525 4106 585 4159 xm,
600 4088 656 4159 32).
674 4088 707 4144 tlt
727 4087 857 4145 Ezechiel
884 4095 1000 4162 apertos
1023 4090 1080 4147 sibi
1135 4091 1234 4148 midos
1256 4088 1450 4160 malequam
1473 4088 1577 4145 doctus
1600 4088 1707 4157 videri,
1723 4088 1778 4162 qui
1798 4087 1838 4145 ait
1853 4105 1860 4143 :
1876 4083 1955 4142 Videte

256 4180 345 4238 cretos
358 4178 442 4247 dicii,
452 4183 481 4235 et
492 4177 600 4235 vidisse
615 4177 692 4233 inter
705 4175 763 4233 alia
777 4178 864 4233 etiam
880 4182 974 4236 rotam
989 4196 1079 4238 unam
1134 4181 1304 4252 aequuum
1328 4176 1502 4249 dependetur
1513 4192 1565 4249 per
1575 4177 1785 4251 philosophiam
1808 4179 1835 4235 et
1856 4176 1955 4231 inanem

252 4276 342 4342 super
372 4273 483 4325 terram
516 4267 702 4339 conjunctam
741 4265 919 4323 animalibus
954 4258 1081 4341 quatuor
1133 4268 1314 4327 selectionem
1331 4265 1481 4323 amandun
1495 4267 1678 4322 traditiosam
1699 4268 1856 4333 homimem
1871 4277 1954 4319 ucen-

252 4358 360 4429 (Ececb.
376 4374 397 4427 1,
414 4358 468 4430 15).
484 4358 519 4413 lit
542 4356 617 4411 intra
640 4373 646 4411 :
673 4354 831 4423 todicham,
856 4356 963 4429 inquit,
989 4373 1080 4415 vocem
1133 4359 1199 4414 dam
1212 4359 1376 4413 elementum
1390 4355 1472 4427 trojia
1486 4354 1597 4423 mauult,
1611 4358 1637 4410 et
1651 4372 1710 4411 non
1724 4354 1875 4412 amandum
1887 4348 1955 4409 cnt-

251 4446 362 4502 atorum
384 4462 487 4515 eoram,
509 4448 580 4503 sicat
599 4462 690 4502 vocem
714 4461 851 4517 aquaram
874 4447 1037 4518 multarum,
1053 4452 1079 4503 et
1132 4452 1206 4505 stum
1219 4446 1330 4516 (cause.
1349 4460 1378 4499 ιι.
1394 4444 1432 4515 tl).

250 4550 340 4592 uocem
354 4534 478 4591 sublimis
492 4536 563 4591 Det:
574 4543 599 4591 et
613 4550 676 4589 cam
691 4536 771 4603 iceret,
788 4542 817 4589 ut
832 4550 885 4590 voe
898 4534 987 4605 uerbi,
1003 4536 1114 4621 stoutD
1164 4534 1428 4599 maustauron
1451 4532 1493 4589 ait
1518 4548 1525 4586 ι
1551 4532 1651 4589 Diuisit
1672 4533 1817 4589 Abralcom
1839 4542 1953 4603 curpett·

249 4640 340 4687 vacem
353 4630 505 4680 castrorum
518 4622 598 4695 (thid.
615 4624 671 4694 at).
1131 4631 1158 4685 et
1171 4623 1291 4683 consedit
1314 4622 1373 4678 tue
1393 4620 1471 4692 (Gen.
1487 4638 1534 4690 xv,
1552 4622 1607 4692 to),
1625 4638 1661 4679 ne
1685 4622 1758 4694 quis
1780 4617 1955 4692 extispicium

285 4714 330 4769 5t.
345 4712 428 4769 Unde
445 4711 567 4785 quidam
583 4710 619 4767 od
643 4710 735 4765 libros
750 4710 939 4785 philosophia
962 4714 1075 4770 derivo·
1131 4716 1224 4790 putet,
1245 4709 1413 4784 aruspicina
1426 4710 1517 4767 rerba
1539 4726 1604 4767 esee
1628 4726 1687 4767 non
1704 4724 1796 4785 nego,
1821 4708 1863 4765 sic
1884 4702 1954 4762 enim

251 4807 330 4872 runt,
346 4819 380 4860 eo
396 4800 473 4875 quod
488 4802 587 4874 ipsum
600 4799 706 4856 calum
721 4798 831 4855 volucri
844 4800 940 4857 simile
955 4802 1003 4859 ait.
1021 4802 1076 4860 lte-
1131 4803 1240 4861 audio:
1261 4800 1311 4857 sed
1337 4797 1510 4855 divisionem
1540 4814 1698 4871 corporum
1723 4795 1954 4872 quadrupedum,

287 5002 344 5073 (25)
361 5001 415 5058 llis.
432 5000 529 5067 Corh,
545 4998 973 5068 enmdiesoetocomptcrentur,
990 5003 1045 5055 eto.
1132 5000 1200 5057 nici.
1215 5000 1274 5056 Noe
1289 4997 1470 5053 veroeadem
1492 4995 1524 5052 in
1545 4998 1658 5051 textum
1683 4994 1881 5059 restituimus,
1897 4986 1954 5071 irati

287 5074 344 5144 (26)
360 5073 430 5129 lllss.
447 5072 542 5140 Corn,
566 5073 667 5155 Long„
690 5069 781 5138 uota,
807 5071 890 5137 blaa,
907 5070 1077 5137 dictionem,
1132 5089 1205 5129 mes.
1220 5070 1318 5137 Gorb,
1345 5068 1446 5141 hang„
1466 5067 1556 5135 Goth,
1583 5071 1612 5122 et
1635 5066 1724 5133 blan,
1751 5074 1953 5188 quorum-(prt-

251 5160 338 5209 ooem,
355 5146 524 5215 restituunt,
541 5161 607 5201 curn
627 5159 658 5197 ιιι
683 5142 748 5198 aliis
772 5146 860 5213 atque
885 5142 914 5195 in
939 5144 1076 5199 omnibus
1132 5160 1199 5200 mus
1220 5144 1273 5198 800
1301 5156 1394 5196 annos
1418 5143 1524 5211 aquat,
1552 5144 1604 5195 aut
1630 5152 1665 5193 eu
1688 5141 1763 5194 erat.
1781 5138 1818 5194 llt
1844 5150 1893 5208 qur
1912 5144 1953 5187 em

250 5216 321 5271 edit.
337 5216 498 5271 omittatur.
1131 5214 1326 5271 Ambrosiona
1352 5226 1416 5266 csse
1444 5210 1578 5265 minime·
1595 5154 1734 5281 negabit,
1765 5208 1818 5280 qui
1844 5204 1952 5285 stylum.

286 5286 343 5357 (27)
359 5285 606 5343 Desiderabantor
619 5285 649 5339 in
662 5285 731 5341 edit.
745 5301 807 5409 quan
820 5288 985 5355 sequuntur
1001 5284 1077 5341 inter
1132 5286 1261 5342 materia
1288 5280 1491 5354 cognationem
1519 5284 1608 5352 atque
1630 5279 1769 5337 ordinem
1795 5278 1954 5351 diligentius

251 5355 326 5411 duos
356 5358 479 5413 uncinos
508 5356 730 5429 comprehensa,

768 5356 965 5428 agebaturque
995 5354 1077 5412 locus
1132 5354 1347 5482 introessexerit.
1364 5352 1416 5408 llis
1436 5352 1511 5408 adde
1535 5352 1612 5424 quod
1638 5350 1791 5407 nonnulla
1805 5350 1954 5407 citantora

192 5444 195 5451 ·
249 5425 306 5482 hoc
319 5426 404 5483 modo
421 5443 428 5481 ι
448 5430 562 5485 Virtutes
577 5438 641 5484 sunt
661 5443 723 5499 quer
745 5426 778 5483 de
801 5436 828 5481 te
852 5434 1007 5497 parciantur.
1021 5429 1076 5483 Sed
1132 5429 1210 5485 Bart.

1252 5426 1366 5481 rhinate
1387 5424 1416 5479 in
1442 5421 1622 5495 blilleloquio
1644 5422 1845 5478 Ambrosiam)
1859 5418 1893 5475 ad
1910 5430 1953 5468 uo·

149 5528 152 5535 ·
250 5496 362 5553 omissa
376 5498 488 5569 primus
512 5499 643 5554 exhihuit
665 5499 730 5555 [till.
747 5500 776 5554 in
792 5498 880 5554 variis
902 5496 1077 5554 lectionibus
1132 5516 1206 5567 cem,
1222 5498 1337 5558 cretum:
1352 5496 1430 5552 undo
1445 5493 1567 5567 colligas
1581 5493 1637 5550 hoc
1648 5492 1812 5577 fragmenti
1826 5493 1855 5547 in
1873 5484 1953 5545 tutta

250 5568 285 5626 ad
303 5567 412 5623 calcem
428 5586 486 5625 succ
508 5570 590 5639 edit,
606 5570 778 5627 auctoritate
800 5572 925 5625 duorum
942 5570 1076 5625 codicum
1132 5587 1249 5645 quoque
1265 5584 1336 5625 mse.
1353 5567 1462 5640 quihus
1476 5582 1548 5623 usus
1561 5570 1616 5632 eet,
1632 5569 1795 5622 exstitisse.

137 5668 142 5675 ·
249 5638 464 5713 antiquissima
485 5656 601 5707 manus,
613 5640 723 5698 scilicet
742 5640 909 5712 Dionysiam
925 5658 959 5697 ao
973 5642 1077 5698 Socho·
