4159 6184
181 387 244 452 lle
787 390 905 457 bleba
925 388 976 455 bb
997 388 1077 457 ΝΘΕ
1098 389 1149 453 ΕΤ
1170 387 1283 453 ARCA.
1824 390 1884 459 tlt

181 522 289 583 diebus
304 522 369 583 aliis
384 522 562 596 columbam,
572 530 600 584 et
614 524 721 583 iterum
737 526 836 584 emisit
851 542 915 583 eam
929 544 936 596 ;
949 525 1006 583 nisi
1021 528 1049 598 Α
1063 520 1209 597 effulgeat,
1223 522 1349 582 maxime
1361 538 1428 583 cum
1444 522 1566 599 psciflcs
1578 524 1726 600 loquitur3
1743 526 1884 602 qnoniam

182 617 216 671 nt
231 614 367 671 advertes
389 616 466 689 qued
492 616 602 672 bonum
625 614 777 689 sapientie,
803 615 1006 688 optimumque
1060 612 1274 685 huncquoque
1297 612 1445 670 ramulum
1470 630 1572 687 pacem
1596 622 1727 690 petentes
1749 618 1885 691 praeferre

179 704 364 777 propositum
381 720 497 777 semper
511 704 567 761 sibi
583 704 669 761 etiam
681 703 754 761 ulios
770 704 929 777 adjungere
945 707 1007 759 stu·
1062 707 1286 759 consueverunt.
1300 702 1379 759 Tulit
1394 703 1553 775 ramulum,
1569 720 1602 761 eo
1618 707 1694 779 quod
1711 706 1885 780 simplicitas

180 792 245 859 det,
266 796 396 849 errantes
423 793 589 861 emendare,
618 791 761 867 corrigere
789 790 949 866 vagantes?
977 788 1007 847 Si
1062 790 1190 864 puritate
1214 806 1247 845 sc
1273 790 1441 848 sinceritate
1465 792 1579 850 semina
1602 796 1737 867 quedam
1763 796 1885 854 auribus

179 880 310 953 quemin
320 880 465 954 principio
475 880 585 938 resilire
599 880 792 954 conspexerit,
807 884 906 937 tumen
928 896 1008 937 com·
1062 879 1173 937 uostris
1188 879 1324 937 utilitatis
1338 880 1487 937 infundit:
1509 887 1538 938 et
1561 883 1643 939 bonae
1666 885 1800 943 doctrina
1824 886 1885 942 vir-

180 970 321 1025 mutandi
332 969 396 1041 ejus
411 968 611 1044 etccrrigendi
623 970 823 1042 nondesperet
834 968 1006 1041 profectum.
1063 968 1135 1025 tutis
1151 969 1209 1041 (55)
1226 972 1276 1025 eut
1296 971 1332 1025 ad
1357 969 1533 1026 industriam
1558 978 1703 1045 provocet,
1730 979 1760 1029 et
1782 975 1886 1031 invitat

181 1057 360 1115 sicutenim
377 1058 472 1115 bonus
488 1059 629 1126 medicus,
646 1058 700 1115 etsi
716 1062 833 1131 tempus
858 1057 1008 1115 medicine
1064 1058 1100 1113 ad
1116 1058 1269 1130 praemium
1285 1058 1368 1114 boum
1383 1058 1439 1115 sibi
1460 1062 1610 1117 conscium
1637 1061 1810 1135 disciplina,
1835 1068 1887 1119 aut

180 1164 243 1203 non
260 1147 310 1215 sit,
325 1150 423 1203 mmen
439 1147 614 1203 visitationis
629 1145 778 1220 speculam
795 1149 861 1203 ante
881 1146 1008 1219 praemit-
1064 1146 1197 1219 gerendae
1223 1146 1398 1218 pmniteutim
1425 1152 1455 1203 et
1479 1151 1633 1223 sequenda
1658 1153 1887 1209 conversationis

178 1236 238 1301 tit;
257 1234 362 1291 deinde
382 1251 438 1290 non
466 1234 586 1309 negligit
604 1236 692 1307 justa
714 1234 938 1308 exspectationis
961 1251 1008 1291 ex·
1064 1235 1120 1308 (56)
1135 1235 1325 1308 cupiditatem
1341 1235 1437 1307 injicit
1449 1239 1602 1309 peccatori.

180 1322 299 1390 cubias,
315 1326 343 1379 et
358 1322 507 1396 paulisper
522 1324 708 1395 passionibus
728 1325 844 1391 cedens,
861 1323 1011 1397 opperitur
1099 1326 1145 1379 68.
1160 1324 1242 1380 Unde
1256 1328 1286 1379 et
1304 1331 1443 1397 praeterea
1475 1327 1641 1400 cognoverit
1673 1334 1794 1386 sanctus
1826 1330 1887 1389 Noe

180 1411 355 1468 facultatem
370 1413 517 1481 medendi,
534 1430 598 1485 qua
615 1430 681 1469 curn
697 1412 785 1469 fuerit
798 1411 906 1481 oblata,
923 1429 1010 1469 suum
1065 1412 1136 1483 quia
1154 1412 1291 1468 defecerit
1318 1430 1395 1486 aqua
1419 1419 1543 1479 eterra,
1572 1416 1646 1471 sicut
1676 1418 1817 1490 seriptum
1841 1425 1887 1475 est

182 1518 245 1557 non
263 1500 429 1557 intermittit
445 1500 574 1559 oftlcium
587 1520 593 1558 :
607 1501 648 1557 itu
662 1518 729 1575 ergo
745 1506 773 1558 et
784 1502 901 1575 sapiens
915 1501 1011 1557 verbis
1066 1501 1171 1570 (ibid),
1187 1501 1433 1558 considerandum
1448 1503 1574 1559 videtur.
1587 1505 1683 1562 Primo
1696 1506 1830 1563 omnium
1845 1525 1888 1564 se·

182 1589 589 1662 acdispututiouibue,250
609 1595 749 1664 tanquam
774 1590 1011 1647 medicusmedi-
1066 1590 1196 1646 cundum
1223 1588 1361 1660 litteram,
1390 1592 1461 1663 quia
1484 1592 1580 1665 putuit
1604 1593 1768 1668 intelligere
1786 1600 1887 1653 utrum

184 1678 341 1747 cementis,
367 1678 528 1735 contrariae
551 1694 653 1735 curare
678 1678 825 1735 desiderat
849 1680 1011 1753 passiones.
1067 1678 1177 1734 siccum
1192 1696 1228 1733 an
1241 1679 1397 1736 humidum
1411 1680 1514 1737 folium
1530 1686 1608 1738 esset
1621 1682 1754 1739 allatum.
1781 1685 1889 1741 Deinde

189 1768 225 1822 Et
234 1766 304 1839 quia
319 1766 348 1823 in
364 1766 502 1823 omuibus
515 1768 642 1824 remedio
653 1768 743 1823 divini
756 1767 861 1825 favoris
872 1769 1012 1825 utendum
1067 1767 1205 1840 quoniam
1232 1784 1289 1822 non
1310 1772 1355 1824 est
1373 1768 1545 1839 hujusmodi
1573 1770 1719 1840 columba,
1744 1778 1777 1829 ut
1796 1774 1890 1846 possit

191 1858 254 1925 est;
276 1854 343 1911 ideo
366 1862 478 1928 septem
498 1856 675 1929 exspectavit
694 1857 757 1913 dies
780 1857 856 1929 (Gra.
883 1874 942 1923 vm,
968 1856 1012 1929 la)
1029 1901 1053 1967 B
1069 1856 1182 1911 fructus
1197 1854 1321 1912 latentes
1337 1858 1393 1913 sub
1406 1872 1603 1929 aquaeruere.
1620 1860 1676 1915 Sed
1692 1863 1791 1917 utrum
1816 1860 1889 1917 illud
2002 1890 2010 1897 ·
2046 1927 2048 1936 Ι

194 1944 299 2017 quibus
314 1945 550 2001 mundusomuis
561 1945 738 2001 describitur
751 1945 903 2002 absolutus
914 1950 1015 2019 etope·
1068 1943 1171 2001 felium
1187 1949 1253 2001 ante
1266 1944 1407 2001 diluvium
1424 1947 1513 2003 fuerit
1535 1953 1678 2016 exortum,
1701 1966 1738 2006 an
1760 1953 1891 2023 tempore

196 2032 280 2090 reteri
304 2033 421 2106 requies
443 2032 610 2113 ministrata
630 2032 708 2103 (Gen.
737 2050 768 2102 rr,
789 2035 826 2105 2),
849 2038 881 2090 ut
908 2034 1013 2091 exilio
1069 2032 1182 2100 diluvii,
1206 2034 1405 2090 contuendum
1433 2036 1561 2092 esttibi.
1584 2035 1614 2093 Si
1640 2042 1707 2095 aute
1734 2037 1890 2106 diluvium,

198 2125 307 2178 auctore
321 2122 454 2178 omnium
471 2127 636 2179 sumeretur
657 2122 813 2195 discipline
836 2123 1013 2197 operationis
1067 2122 1112 2177 vir
1127 2122 1228 2193 justus
1247 2123 1367 2197 gavisus
1389 2129 1435 2180 est
1467 2124 1595 2181 fructum
1626 2127 1663 2183 dc
1694 2128 1783 2184 veteri
1813 2128 1889 2187 2δῖ

198 2208 338 2267 humane.
821 2280 825 2295 .
1069 2211 1180 2267 semine
1195 2210 1323 2284 aliquem
1341 2218 1530 2282 reservatum,
1550 2220 1580 2271 et
1600 2215 1669 2272 iude
1696 2215 1813 2292 collegit
1835 2219 1892 2275 mi·

499 2326 616 2384 CAPUT
636 2326 705 2385 XIX·
1069 2300 1233 2356 sericordiss
1248 2300 1364 2373 insigne
1378 2302 1493 2371 divina,
1510 2305 1586 2375 quod
1599 2306 1662 2375 jam
1677 2306 1822 2363 diluvium
1845 2322 1892 2363 re-

201 2416 327 2473 Cclumbu
348 2431 435 2487 quare
456 2414 565 2471 dictatur
587 2416 622 2471 cd
645 2433 785 2489 vesperam
809 2434 931 2486 repressa
953 2434 1015 2472 cum
1069 2386 1217 2488 m‘JVimt·
1234 2390 1742 2461 ‘1¹¹aess⁰⁰t⁰mdflm⁰⁰⁸tffli0ir⁰⁰i
1762 2412 1820 2452 ¹¹⁰⁰
1843 2412 1894 2468 1³⁰·

232 2488 307 2543 0150ae
322 2504 402 2543 ramo
416 2489 447 2543 in
457 2504 524 2543 ore:
542 2489 607 2543 item
622 2488 693 2545 unde
708 2504 794 2561 aquas
813 2488 939 2559 defecisse
962 2490 1016 2545 Noe
1068 2479 1196 2533 tuissent
1210 2492 1313 2533 nocere
1328 2477 1448 2535 diluvifl.
1467 2480 1496 2535 Si
1511 2480 1613 2537 diluvii
1635 2486 1766 2556 itimptll'e
1790 2488 1892 2541 fidium

231 2560 401 2629 cognouerit:
417 2558 529 2614 tandem
543 2574 593 2614 cur
611 2559 707 2614 ecdem
728 2560 852 2615 columbo
877 2569 936 2631 post
958 2560 1015 2616 dies

230 2633 325 2702 septem
339 2631 421 2686 tertie
432 2632 532 2685 emissa
545 2646 601 2687 non
615 2646 723 2687 reuerso
736 2633 783 2687 sit.

230 2746 273 2803 67.
289 2748 468 2816 Represaeest
483 2745 570 2815 igitur
593 2746 717 2803 columbo
740 2746 775 2801 ad
796 2760 945 2818 vesperam,
969 2746 1017 2802 bu-

201 2833 260 2890 liens
276 2836 375 2905 solium
390 2834 467 2901 oteoe,
485 2838 509 2889 ct
528 2850 638 2889 ramum
661 2836 691 2890 in
715 2850 761 2890 ore
780 2850 829 2891 suo
851 2834 927 2903 (Gerr.
952 2850 1015 2901 vrri,

202 2922 252 2994 ll).
266 2922 328 2979 Non
343 2922 435 2979 otiose
450 2920 547 2995 posuit
561 2926 589 2979 ct
604 2938 763 2995 vesperam,
789 2926 818 2979 et
842 2938 1016 2997 regressam,

86 3053 88 3062 .
203 3013 230 3066 at
241 3010 394 3069 habeatem
410 3010 479 3067 olem
491 3010 603 3078 folium,
619 3014 647 3067 et
661 3011 808 3067 ramulum
828 3012 858 3067 in
880 3027 929 3068 ure
952 3028 1016 3082 suo,

87 3097 88 3100 ’
203 3103 307 3157 utnon
335 3100 509 3173 fugitantem
533 3100 670 3156 virtutem
699 3100 848 3157 arbitreris
870 3102 1017 3174 profectus

90 3186 92 3203 '¹
203 3186 297 3260 futuri,
317 3189 343 3245 ei
375 3204 449 3261 quos
477 3188 571 3261 possit
597 3188 765 3260 acquirere;
794 3204 889 3261 neque
915 3206 1017 3245 rursus

1069 2568 1115 2621 cst
1130 2564 1241 2631 felium,
1263 2565 1387 2622 advertit
1412 2567 1514 2640 utique
1542 2570 1644 2641 justus
1677 2588 1751 2627 nova
1779 2573 1894 2630 semina

1070 2653 1277 2710 misericordia
1306 2655 1498 2713 fructificasse
1537 2657 1673 2726 cmlestis,
1712 2665 1746 2715 ut
1780 2660 1893 2718 radices

1070 2742 1208 2799 arborum
1224 2742 1363 2813 viserent,
1378 2749 1408 2800 et
1423 2745 1506 2816 quasi
1526 2750 1676 2819 resumpta
1701 2748 1800 2805 anima
1814 2749 1892 2807 fetus

1071 2830 1270 2904 germinarent
1283 2836 1423 2900 vetustos,
1453 2838 1542 2906 atque
1568 2834 1599 2889 ia
1628 2841 1762 2895 assuetos
1790 2842 1893 2911 partus

1071 2920 1209 2986 redirent,
1224 2936 1352 2993 quorum
1365 2921 1507 2979 indicium
1523 2923 1675 2996 premissa
1690 2924 1894 2987 foliademca·

1071 3012 1210 3065 strarant.

1106 3098 1151 3152 69.
1168 3098 1224 3155 Sed
1239 3097 1294 3154 boc
1309 3097 1370 3155 elta
1382 3099 1481 3171 petius
1504 3100 1743 3173 interpretatione
1767 3101 1894 3177 collegit,

1072 3186 1142 3258 quia
1157 3186 1299 3243 Dominus
1308 3188 1386 3245 Deus
1401 3193 1510 3258 noster,
1523 3190 1657 3262 quemvis
1667 3190 1780 3247 acerbis
1789 3191 1895 3265 iniqui·

93 3303 97 3358 l·
202 3278 336 3349 tanquam
353 3276 416 3334 sine
431 3276 542 3335 lumine
557 3294 620 3334 eam
637 3277 727 3335 fuisse
738 3294 906 3352 cognoscas,
918 3268 1054 3352 etqui-C
1073 3274 1144 3331 tatia
1156 3280 1260 3331 nestrae
1276 3277 1406 3334 offensus
1420 3282 1497 3335 esset
1511 3278 1669 3345 erroribus,
1693 3284 1793 3336 tamen
1818 3282 1894 3337 anti-

96 3375 99 3408 ’κ
201 3364 321 3423 busdam
346 3367 477 3423 tenebris
509 3366 663 3436 occultam,
684 3368 734 3424 sed
760 3366 865 3423 diurno
893 3368 1018 3424 candore
1074 3380 1137 3436 quae
1152 3364 1236 3421 nubis
1252 3366 1393 3438 prosapie
1408 3366 1699 3440 patriaequevirtutis
1721 3385 1821 3426 semen
1846 3369 1896 3427 ali·

202 3453 355 3528 fulgentem
371 3460 553 3528 exspectasse
567 3472 662 3528 usque
678 3456 712 3513 ad
739 3472 875 3513 occasum
900 3455 968 3521 diei,
991 3460 1019 3512 et
1072 3454 1149 3526 quod
1166 3452 1210 3507 vel
1224 3453 1363 3526 exiguum
1378 3459 1547 3525 reservaret,
1563 3471 1599 3511 ue
1611 3457 1728 3529 penitus
1747 3456 1845 3528 operis
1868 3461 1897 3513 et

198 3543 238 3599 sic
255 3544 290 3601 ud
304 3560 372 3601 eum
388 3560 563 3617 regressam,
584 3545 662 3617 apud
683 3560 769 3617 quem
793 3544 880 3600 etiam
905 3544 1019 3617 vesperi
1072 3544 1213 3597 creaturae
1227 3558 1287 3596 sua
1299 3558 1387 3598 omne
1402 3542 1478 3598 circa
1493 3543 1656 3601 humanum
1672 3560 1766 3619 genus
1788 3562 1896 3619 ampu-

195 3632 329 3689 tenebrae
344 3632 451 3689 habere
464 3650 521 3689 nen
537 3636 646 3706 posset.
660 3632 772 3689 Folium
797 3649 913 3707 quoque
940 3634 1017 3707 quod
1072 3634 1184 3685 teretur
1197 3627 1322 3702 insigne.
1337 3629 1418 3686 Unde
1433 3634 1462 3686 et
1485 3632 1577 3688 isaias
1600 3635 1656 3690 ait:
1682 3636 1743 3690 Nisi
1763 3636 1896 3691 Dementes

194 3737 296 3777 secum
312 3720 428 3789 detulit,
444 3720 498 3778 etsi
515 3720 682 3777 breveillud
699 3720 800 3776 folium
815 3720 956 3777 detulisse
973 3722 1018 3777 ri·

193 3810 309 3880 deutur,
326 3826 408 3883 spem
436 3826 537 3866 eorum
563 3826 637 3883 quoe
656 3810 702 3867 sui
727 3808 878 3883 poeniteret
900 3809 1017 3877 erroris,

193 3898 251 3955 etsi
269 3914 327 3953 nen
344 3914 493 3971 magnam,
510 3897 640 3970 aliquam
657 3902 755 3953 tamen
771 3897 956 3972 significavit.
970 3899 1019 3955 Fo-

192 3986 271 4043 lium
286 3986 364 4042 enim
385 3984 448 4044 sine
472 3986 599 4061 virgulto
625 4002 690 4043 esse
714 4004 772 4042 non
798 3990 921 4059 poterat.
945 3988 1020 4061 Ergo

193 4074 283 4149 quasi
300 4074 493 4148 germinantis
507 4074 695 4131 correctionis
710 4076 778 4147 (54),
794 4074 860 4132 licet
875 4092 932 4131 non
957 4092 1019 4132 ms-

192 4180 291 4238 gnum
309 4162 437 4237 aliquod,
453 4168 551 4221 tamen
565 4164 643 4219 vexit
656 4162 771 4234 insigne
785 4162 925 4220 etsolium
940 4164 1019 4231 olem,

191 4256 223 4311 iu
240 4270 303 4325 qus
318 4254 419 4310 arbore
433 4253 509 4310 oliva
523 4259 689 4326 generatur,
705 4270 739 4309 ex
755 4270 813 4325 qua
832 4254 928 4311 oleum
953 4272 1020 4311 con·

189 4343 306 4408 ficitur,
326 4358 383 4415 quo
403 4342 551 4400 materiale
567 4343 622 4399 boc
636 4342 736 4399 lumen
753 4342 875 4411 fovetur,
892 4346 920 4399 et
939 4348 1019 4399 tene-

1072 3717 1191 3775 Sabaoth
1205 3719 1362 3790 reliquisset
1374 3719 1454 3775 nolis
1474 3735 1575 3788 semen,
1598 3723 1670 3777 sient
1694 3722 1809 3779 Sodoma
1829 3726 1898 3796 sacti

1072 3822 1201 3875 marmus,
1216 3812 1241 3863 et
1255 3809 1326 3863 sicut
1354 3806 1503 3864 Gomorrha
1527 3809 1632 3865 similes
1655 3826 1774 3866 ememus
1793 3813 1857 3883 (lsu.
1874 3830 1894 3881 r,

1073 3896 1112 3962 9),
1129 3895 1158 3951 in
1173 3894 1295 3953 alterius
1309 3896 1428 3952 numine
1442 3896 1566 3953 civitatis
1576 3896 1742 3970 exprimens
1756 3899 1896 3955 caecitatis

1074 3984 1229 4053 indicium,
1245 3986 1274 4040 iu
1289 3983 1411 4041 alteriue
1427 3983 1620 4041 sterilitatem.
1638 3985 1680 4041 lta
1694 3986 1771 4041 enim
1794 3986 1897 4061 lingua

1074 4073 1169 4146 patria
1181 4072 1307 4131 Chaldaei
1323 4077 1531 4147 nuncuparunt
1541 4074 1698 4131 Sodomam
1721 4080 1750 4132 et
1773 4075 1895 4132 Gomor-

1074 4162 1170 4230 rham,
1186 4163 1345 4220 cecitatem
1360 4167 1389 4219 et
1403 4162 1586 4221 sterilitatem
1610 4163 1819 4238 significantes.
1836 4164 1895 4221 Me-

1074 4253 1188 4324 ritoque
1204 4252 1345 4309 Dominus
1367 4252 1397 4309 in
1423 4252 1595 4323 hujusmodi
1624 4252 1720 4326 specie
1744 4253 1895 4311 civitatum

1075 4340 1239 4415 amputavit
1252 4341 1349 4414 magis
1372 4341 1502 4398 bumana
1516 4342 1596 4411 vitia,
1618 4358 1708 4414 quam
1733 4341 1896 4415 puniendos

187 4433 318 4489 brarum
333 4418 709 4504 fugaturcbecuritus.0uid
719 4434 816 4486 autem
827 4430 1018 4504 magisquam
1074 4429 1208 4487 bomines
1220 4429 1360 4501 judicavit
1374 4431 1441 4501 (57).

187 4522 296 4578 lumen
315 4518 454 4577 familiare
467 4519 567 4576 virtuti
578 4518 642 4577 est‘l
658 4519 769 4576 Folium
785 4536 853 4594 ergo
873 4525 902 4576 et
920 4536 1018 4576 ramu-
1107 4521 1152 4574 70,
1170 4518 1265 4575 'fertio
1280 4518 1439 4574 dimittitur
1449 4518 1586 4575 columba
1599 4523 1663 4590 post
1684 4524 1795 4595 septem
1820 4521 1894 4590 dies,

187 4610 241 4665 lus
259 4606 372 4681 insigne
388 4612 432 4665 est
446 4608 634 4665 correctionis
648 4608 806 4677 ;corrcctio
821 4612 918 4664 eutem
932 4610 1016 4682 quasi
1034 4630 1057 4697 ι)
1073 4612 1161 4681 atque
1175 4608 1276 4664 eadem
1291 4622 1347 4663 non
1362 4606 1535 4680 regreditur.
1555 4607 1637 4665 Unde
1663 4610 1895 4679 cousideremns,

186 4695 324 4755 radicem
345 4697 391 4754 sui
412 4696 613 4771 paenitentiam
637 4696 735 4763 habet,
760 4711 825 4768 quas
846 4697 1017 4769 poenitentia
1072 4697 1150 4752 neid
1167 4696 1245 4769 quod
1260 4694 1493 4767 supradiximus
1507 4694 1673 4754 inveniatur
1691 4714 1756 4755 esse
1777 4702 1894 4754 cuntra-

185 4802 253 4845 uon
273 4788 368 4857 petest
388 4786 417 4841 iu
443 4785 581 4853 turbidis,
598 4784 648 4841 sed
668 4783 697 4840 in
719 4784 755 4840 iis
775 4784 825 4857 qui
854 4784 1015 4857 spiritalem
1071 4785 1159 4842 rium.
1176 4784 1206 4841 si
1221 4784 1308 4840 verbe
1323 4783 1443 4855 quidem
1458 4784 1605 4854 columba,
1622 4802 1708 4860 opere
1723 4790 1820 4841 sutem
1835 4784 1893 4839 vir-

182 4878 254 4950 jam
270 4890 433 4931 sermonem
451 4873 627 4947 acceperint,
643 4873 819 4947 germinare.
837 4872 868 4929 ln
884 4890 933 4930 ore
948 4890 1018 4948 quc·
1071 4879 1120 4931 tus
1133 4890 1190 4929 nou
1202 4872 1357 4929 revertitur
1370 4873 1405 4929 ad
1418 4874 1554 4947 justum;
1575 4892 1644 4948 crgo
1667 4873 1828 4930 destitutus
1849 4876 1894 4927 eet

184 4980 251 5039 que
265 4978 326 5018 non
340 4962 447 5020 trustra
463 4961 597 5020 ramulus
613 4960 681 5017 olem
691 4960 806 5018 videtur
816 4978 881 5019 esse
891 4962 1015 5033 delatus,
1069 4966 1180 5036 justus,
1196 4966 1224 5017 et
1238 4961 1428 5019 defraudatus
1451 4980 1573 5021 munere
1595 4963 1670 5019 suot
1690 4963 1891 5035 Nequaquam.

184 5050 818 5122 ecquodvirtuseteapientiainsermone
840 5052 885 5107 sui
910 5052 1018 5109 babeat
1070 5052 1228 5125 Nunquam
1243 5050 1323 5107 enim
1336 5051 1382 5107 vir
1396 5051 1722 5124 hujusmodiavirtute
1744 5048 1892 5122 disjungi·
2005 5050 2009 5059 '

184 5138 409 5209 claritudinem,
429 5144 459 5197 et
478 5139 543 5212 ipsa
566 5140 665 5196 statim
696 5139 793 5210 specie
820 5138 920 5195 lumen
951 5144 1016 5214 ejus
1069 5145 1129 5208 tur,
1146 5156 1199 5196 neo
1211 5156 1279 5196 cnm
1294 5156 1330 5197 ex
1343 5158 1393 5197 ore
1407 5141 1515 5197 emittit
1532 5139 1692 5213 justitiam,
1715 5136 1892 5210 disputatio-

222 5280 287 5352 (5t)
318 5281 390 5337 lldit.
424 5297 527 5337 omnes
559 5284 587 5336 et
619 5282 682 5337 cod.
714 5281 790 5348 Vnt,
822 5286 1014 5355 corruptionis.
1069 5282 1134 5338 Vat.
1151 5298 1239 5350 unus,
1255 5288 1284 5337 et
1299 5282 1401 5355 Long.,
1416 5283 1553 5338 amessiam
1567 5280 1732 5351 disciplina.

185 5356 246 5413 Sex
270 5366 342 5409 mes.
370 5353 499 5411 melioris
523 5356 608 5419 notae,
631 5354 815 5419 consederis,
842 5368 893 5409 seu
925 5370 1015 5411 corre·
1106 5355 1164 5421 (56)
1178 5354 1262 5409 Rom.
1277 5354 1359 5419 edit,
1374 5353 1519 5424 masada
1532 5352 1725 5417 eunomianis,
1737 5351 1891 5407 commodo

104 5427 106 5438 ¹
182 5425 305 5501 plionia.
1071 5425 1190 5497 quidem
1205 5440 1314 5480 sensu:
1331 5424 1381 5478 sed
1397 5440 1431 5479 ea
1454 5422 1538 5479 lectio
1567 5420 1648 5478 nullo
1668 5440 1720 5480 nec
1742 5438 1815 5479 mss.
1839 5438 1893 5478 nec

223 5494 419 5567 (caletenses.
431 5495 528 5562 Corb,
545 5495 603 5550 Lon
629 5534 647 5559 .,
663 5494 763 5562 Turn„
780 5492 860 5548 Colb.
882 5499 910 5550 et
929 5496 1013 5567 blaa,
1069 5495 1139 5553 edit.
1153 5495 1353 5551 confirmatur.

185 5582 258 5625 cum
273 5565 345 5622 edit.
361 5572 426 5622 Am.
443 5570 472 5623 st
485 5566 551 5622 Ere.
563 5568 599 5621 At
641 5564 1013 5624 st.cod.cumedit.Gill.
1115 5566 1368 5638 silvescente
1389 5562 1471 5628 edit,
1497 5566 1641 5621 indicauit.
1665 5564 1762 5632 Curb,
1787 5564 1892 5636 Long,

185 5645 215 5696 et
231 5636 499 5705 Bom.,‚doctrincm
513 5638 635 5693 uirtutis.
662 5633 733 5691 item
759 5635 845 5707 paule
869 5643 935 5709 pust
965 5640 1014 5695 ubi
1068 5572 1146 5704 Vei„
1160 5637 1248 5692 Turn.
1263 5640 1293 5691 et
1308 5636 1392 5701 bina,
1415 5637 1562 5699 'educatu
1574 5636 1735 5693 Gelbvero
1757 5634 1893 5693 iudicavit

186 5709 259 5767 edit.
274 5712 305 5767 et
318 5710 433 5767 cedices
447 5710 516 5778 duo,
532 5710 706 5765 commissum
729 5706 893 5781 disciplina,
917 5710 1013 5781 Gorb„
1069 5728 1107 5768 au
1123 5708 1255 5781 iudicauit
1268 5706 1386 5776 hebeat,
1403 5654 1482 5766 iaud
1497 5707 1784 5783 facilesitataiuere.
