4159 6184
129 310 185 376 tot
728 312 844 378 ulnus
864 308 917 376 oo
938 311 1048 378 roca·
1066 307 1231 376 amenti.
1423 305 1426 310 ’
1774 311 1834 376 602

130 449 268 521 operatur
289 446 420 504 uerbum
443 443 505 505 oet.
531 445 565 504 ut
587 445 655 505 ideo
669 446 752 505 ansul
772 450 817 505 est
839 447 955 516 mundi,
970 447 999 516 Α
1014 445 1099 503 nohis
1114 443 1227 518 rstugia
1241 449 1393 518 proponat,
1417 459 1468 502 sax
1489 441 1625 502 videlicet
1645 443 1784 516 urbium
1800 449 1834 504 ut

130 537 258 611 ingitans
272 537 413 609 corporis,
428 535 558 611 fugitans
579 537 764 610 passionum,
788 537 949 594 abdicatae
1005 552 1063 610 quo
1076 549 1199 590 numero
1214 534 1344 591 mundus
1357 533 1502 590 formatus
1516 541 1571 602 est,
1586 536 1688 591 eodem
1703 552 1826 593 numero

130 627 275 693 omnihus,
292 630 324 682 ut
337 624 418 682 solus
433 630 593 695 remaneat,
609 626 685 684 sicut
700 625 777 684 illias
787 625 877 682 dixit:
894 626 952 682 «iit
1005 625 1147 682 adversus
1162 624 1312 679 mundana
1326 622 1396 679 vitia
1409 627 1438 679 ct
1452 622 1551 680 secuti
1566 623 1657 696 hujus
1679 625 1833 699 naufragia

130 731 179 790 ego
195 715 312 772 relictus
326 731 394 772 eum
408 715 489 773 sotus
507 717 557 786 (111
579 715 641 788 tice.
656 733 715 782 mx,
739 715 795 786 ιι).
820 716 877 772 Sed
893 731 951 771 non
1006 712 1170 770 remedium
1186 712 1395 785 provideretur.

130 809 189 861 erat
212 803 294 861 sotus
316 819 384 860 cum
408 819 466 876 quo
490 809 552 860 arat
583 803 717 861 Christus
748 803 797 875 (9).
822 803 857 861 ut
889 803 952 876 ipss

131 893 271 951 {lominus
286 891 406 949 relictus
420 895 465 948 ast
479 891 579 949 solus:
597 893 671 950 vSad
686 909 744 949 non
755 908 832 961 sum,
844 892 952 965 iuquit,
1042 890 1087 947 lo.
1104 889 1235 946 Primum
1248 890 1339 964 igitur
1353 890 1516 948 remedium
1531 895 1585 960 est,
1602 896 1635 948 ut
1648 893 1674 949 si
1689 893 1735 949 cui
1763 893 1832 950 honi

132 982 221 1052 solus,
237 981 376 1055 quoniam
392 981 476 1037 Potor
490 997 606 1038 mecum
621 985 666 1038 est
685 981 773 1054 (loon.
789 996 848 1051 xvi,
864 981 920 1054 32).
936 999 949 1032 r
1007 979 1151 1053 propositi
1165 978 1228 1037 viro
1243 978 1330 1052 culpa
1343 979 1504 1051 irrepserit,
1520 980 1547 1037 is
1561 980 1625 1038 sins
1640 981 1701 1038 ulla
1715 999 1832 1055 compe-

164 1074 192 1127 8.
208 1073 260 1128 hist
274 1070 363 1127 etiam
377 1069 428 1126 iila
442 1085 530 1126 cansa
545 1069 615 1142 quia
629 1071 732 1127 Levitae
743 1069 872 1128 ministri
882 1073 955 1126 sunt
1009 1069 1224 1137 nundinatione,
1240 1069 1266 1126 si
1289 1069 1447 1141 perfectam
1469 1069 1540 1126 velit
1563 1070 1670 1127 hahere
1689 1072 1833 1128 securita-

130 1160 190 1217 Dei.
203 1162 238 1216 ut
247 1160 312 1216 idon
322 1160 454 1232 ipsorum
464 1159 596 1216 civitates
608 1159 787 1233 fugientibus
798 1157 955 1215 homicidis
1009 1162 1081 1224 tam,
1097 1159 1133 1214 ad
1150 1159 1244 1231 ipsam
1260 1175 1359 1215 rerum
1370 1158 1502 1214 omnium
1514 1175 1611 1215 arcem
1622 1167 1766 1233 properet,
1783 1162 1839 1230 uhi⁴

131 1265 183 1322 per
204 1248 301 1322 legem
325 1248 514 1320 deputantur,
539 1247 608 1320 quie
631 1247 705 1320 ipsis
725 1249 776 1320 jus
798 1251 844 1304 est
857 1246 956 1303 divine
1010 1249 1140 1303 Verbum
1154 1253 1200 1304 est
1214 1247 1265 1303 Dei
1279 1246 1309 1304 in
1324 1246 1374 1303 ilio
1389 1247 1458 1304 sinu
1482 1248 1587 1320 patrio,
1612 1249 1641 1304 id
1662 1253 1707 1306 est
1727 1267 1834 1307 arcano

133 1339 271 1394 mandata
284 1336 402 1408 exsequi
418 1337 496 1394 circa
510 1351 560 1393 eos
574 1337 625 1410 qui
639 1337 751 1394 amman
766 1335 890 1393 mortale
905 1336 956 1392 ad·
1010 1352 1045 1393 ac
1059 1353 1176 1393 recessu
1190 1335 1252 1404 Dei,
1268 1337 1319 1391 uhi
1342 1341 1388 1393 est
1410 1337 1476 1393 tons
1503 1337 1665 1409 sapientias,
1688 1340 1767 1395 unde
1782 1356 1835 1412 pro

133 1426 276 1483 miserint.
292 1425 393 1482 Nescit
408 1424 537 1482 Ecclesia
551 1423 700 1498 publicare
714 1424 793 1499 leges
804 1424 956 1497 suendo).
1012 1429 1104 1481 morte
1118 1425 1183 1480 vite
1213 1429 1325 1481 aterna
1353 1425 1471 1481 hauriat
1496 1430 1598 1498 potum
1627 1427 1834 1484 immortalem.

132 1516 215 1572 Novit
226 1519 259 1571 ut
269 1513 421 1571 Dominico
435 1514 570 1572 sacerdos
581 1515 698 1572 obediat
708 1512 957 1587 imperatuihudi
1012 1515 1181 1571 Secundum
1196 1517 1242 1570 εει
1264 1513 1438 1579 remedium,
1463 1517 1496 1569 ut
1519 1514 1569 1588 qui
1592 1532 1648 1570 non
1674 1521 1768 1587 potest
1788 1533 1835 1572 co-

133 1605 261 1662 havitam
301 1604 466 1660 dicentem:
499 1625 513 1656 v
541 1600 660 1661 Tradidi
701 1603 872 1675 hujusmodi
902 1602 957 1659 ho·
1012 1603 1173 1676 gnitionom
1187 1603 1255 1658 honi
1272 1602 1353 1658 iltius
1366 1601 1528 1674 prolibare,
1545 1607 1573 1659 ει
1596 1603 1707 1661 tardior
1730 1604 1774 1661 vel
1790 1605 1835 1661 in·

132 1693 242 1752 minem
268 1693 385 1750 Βειεεε
413 1691 443 1748 ιε
470 1691 623 1750 interitum
652 1690 768 1761 caruis;
788 1690 958 1764 utspiritus
1013 1691 1228 1765 geniocst,vel
1244 1691 1311 1747 iidei
1327 1692 1605 1763 comprehensione;
1631 1693 1835 1765 quoniamvo·

131 1782 229 1840 salvus
243 1781 284 1839 sit
307 1781 337 1838 in
361 1782 408 1838 die
429 1781 545 1838 Domini
588 1781 681 1837 nostri
704 1780 773 1838 lesu
802 1780 909 1837 Christi
933 1782 959 1852 (1
974 1825 997 1891 Β
1013 1779 1070 1836 toci
1084 1780 1192 1837 mentis
1215 1780 1314 1854 vigore
1337 1785 1424 1852 atque
1447 1779 1557 1852 ingenii
1581 1781 1716 1838 acumine
1736 1783 1773 1837 ad
1788 1799 1836 1838 oo·

131 1873 190 1930 tor.
208 1889 237 1940 v,
253 1872 304 1945 5),
320 1871 479 1928 Persuasus
493 1871 585 1944 igilur
600 1869 727 1927 Levitico
742 1869 840 1943 gladio
855 1868 960 1925 moria-
1013 1868 1154 1942 gnitionis
1167 1885 1284 1926 summa
1300 1870 1495 1939 contenditur,
1507 1870 1611 1927 saltem
1622 1887 1710 1943 opera
1719 1870 1836 1927 Domini

49 1949 50 1952 ¹
129 1967 178 2020 tur
193 1976 302 2019 sensus
317 1961 413 2018 carnis
427 1960 457 2016 in
473 1959 569 2026 nobis,
585 1958 705 2016 utrivat
723 1959 823 2014 anima
846 1962 956 2014 nostra.
1013 1957 1187 2024 consideret,
1215 1962 1302 2032 atquo
1326 1975 1358 2014 ea
1384 1959 1431 2015 his
1463 1976 1527 2032 que
1551 1960 1732 2028 factasunt,
1763 1960 1836 2016 tanti

129 2051 193 2108 Nisi
209 2050 289 2108 anim
314 2065 420 2106 sensus
444 2049 540 2106 carnis
563 2047 712 2116 occiderit,
738 2046 838 2104 nulius
865 2050 960 2120 potest
1013 2048 1227 2120 contempletur
1248 2048 1345 2121 operis
1375 2052 1545 2116 auctorem;
1570 2047 1709 2121 qnoniam
1732 2065 1767 2105 ex
1791 2049 1837 2106 his

131 2140 322 2197 essetructne
336 2139 401 2194 vitas
416 2141 540 2194 ειετεε.
1013 2136 1100 2193 honis
1121 2153 1185 2209 quae
1210 2142 1280 2193 aunt
1302 2138 1332 2194 in
1356 2136 1565 2194 constitutione
1588 2137 1675 2194 iatius
1697 2143 1837 2195 creature

167 2235 195 2285 a.
227 2229 284 2286 Sex
312 2231 410 2284 autem
439 2226 589 2284 civitatum
618 2226 732 2300 refugia
758 2227 837 2294 sunt,
864 2226 961 2282 itaut
1014 2225 1104 2297 (bona
1117 2225 1195 2282 enirn
1210 2225 1295 2283 valde
1309 2229 1380 2283 sunt
1394 2227 1469 2300 (Ges.
1485 2245 1505 2298 1,
1521 2227 1579 2299 st),
1595 2226 1672 2283 sicut
1693 2227 1837 2284 Dominus

135 2319 231 2392 prima
257 2316 359 2374 civitas
387 2318 425 2373 sit
439 2314 566 2390 cognitio
581 2316 679 2384 Verbi,
696 2319 725 2371 et
740 2316 776 2371 ad
795 2313 955 2388 imaginem
1014 2313 1098 2383 dixit)
1112 2315 1222 2370 bonum
1237 2314 1310 2370 illud
1323 2332 1475 2371 summum
1490 2319 1577 2387 atque
1592 2320 1734 2372 aeternum
1758 2333 1837 2372 com-

139 2409 200 2480 ajus
215 2407 311 2463 toruus
330 2404 456 2463 vivendi.
482 2405 656 2478 Quicunque
678 2403 756 2460 enim
779 2419 845 2460 eam
860 2403 959 2476 cogni-
1014 2401 1215 2474 prehonditur,
1238 2403 1293 2468 Oui
1317 2403 1387 2460 ordo
1410 2405 1536 2460 rerum?
1560 2406 1627 2469 Oue
1652 2404 1837 2479 disciplina?

140 2497 245 2553 tionem
261 2493 348 2552 tuerit
361 2495 523 2569 ingressus,
539 2497 621 2550 tutus
637 2511 654 2550 a
669 2509 755 2566 poena
777 2497 831 2560 eat,
855 2507 960 2549 sccun-
1014 2491 1082 2555 Qua
1098 2491 1212 2564 gratia?
1226 2492 1329 2548 Nonne
1343 2492 1389 2549 his
1404 2492 1539 2565 quamvis
1553 2494 1671 2549 tardum
1686 2493 1837 2567 ingenium

142 2586 207 2642 dum
222 2586 300 2659 quod
315 2587 345 2640 et
359 2583 501 2640 Dominus
515 2583 573 2639 ait:
593 2605 607 2633 a
623 2585 689 2639 lam
704 2599 756 2639 voa
770 2582 873 2639 mundi
888 2579 959 2638 estis
1014 2579 1134 2653 diligere
1157 2585 1305 2638 auctorem
1329 2598 1416 2638 suum
1440 2582 1637 2654 provocaturi
1669 2583 1784 2639 Etenim
1811 2583 1835 2640 ei

142 2681 253 2747 propter
266 2689 431 2730 sermonem
449 2688 536 2745 quem
553 2671 670 2728 locutus
684 2687 751 2728 sum
766 2671 849 2727 vohis
869 2671 958 2743 (loon.
1014 2673 1161 2742 parentes,
1186 2670 1256 2742 quia
1280 2687 1334 2726 nos
1357 2675 1533 2743 genuerunt,
1556 2687 1710 2726 amamus:
1727 2676 1837 2743 quanto

142 2779 183 2830 xv,
197 2763 234 2834 3).
252 2783 266 2812 u
281 2762 316 2818 ur
330 2759 400 2818 alibi
413 2778 420 2818 :
433 2762 508 2819 m
526 2782 541 2810 «
556 2763 623 2817 Hac
638 2763 683 2817 set
695 2765 792 2816 autem
807 2759 867 2815 vita
881 2763 961 2815 eter-
1014 2758 1242 2832 mamaditigore
1257 2760 1400 2816 debemus
1414 2762 1574 2815 creatorem
1598 2762 1765 2832 parentum,
1785 2777 1836 2815 au·

145 2868 187 2919 na,
203 2855 235 2908 ut
249 2853 429 2923 cognoscant
440 2853 470 2906 ie
480 2849 581 2906 solnm
598 2849 689 2906 ιιεειε
699 2865 812 2918 varum,
829 2852 858 2906 ει
871 2861 961 2920 quam
1014 2851 1182 2919 ctoremque
1195 2852 1330 2904 nostrum
1340 2846 1430 2921 thirgo
1437 2847 1600 2920 operatoria
1613 2847 1706 2904 virtus
1718 2848 1837 2916 Dei,etsi

144 2940 240 2997 misisti
255 2940 357 2997 laeum
382 2939 531 2996 Christum
556 2940 645 3012 (loos.
670 2955 738 3008 xvir,
763 2939 801 3010 3).
830 2937 896 2994 Hec
916 2940 962 2993 ast
1014 2949 1073 2992 non
1098 2935 1220 3004 videtur,
1244 2942 1344 2992 tamen
1367 2952 1402 2991 cx
1426 2937 1489 2991 suis
1513 2935 1649 3008 operibus
1665 2935 1837 3003 estimatur,

143 3028 224 3102 igitur
240 3028 342 3086 civitas
365 3027 445 3084 volut
469 3027 650 3100 metropolis,
675 3028 721 3084 cui
745 3027 880 3100 adJacent
898 3023 960 3082 alie
1014 3027 1254 3098 operatoremque
1282 3042 1370 3098 opera
1405 3025 1542 3098 produnt,
1589 3028 1622 3080 ut
1656 3023 1838 3097 intelligatur

146 3117 267 3191 quinqua
281 3117 412 3174 civilales
426 3116 603 3173 levitarum.
619 3116 753 3173 Secunda
766 3116 878 3184 civitas,
893 3135 961 3177 con·
1014 3115 1066 3186 qui
1090 3131 1148 3170 non
1170 3114 1440 3188 comprehenditur.
1465 3113 1547 3171 Unde
1570 3117 1599 3170 et
1622 3114 1765 3171 Dominus
1779 3113 1836 3170 ait:

145 3206 275 3263 sideratio
290 3203 396 3262 divinae
411 3204 598 3278 operationis,
615 3221 674 3278 qua
688 3210 803 3263 oreatus
814 3209 859 3262 εει
873 3223 958 3265 εεεε-
974 3194 996 3262 C
1015 3203 1045 3260 si
1062 3202 1134 3260 mihi
1164 3219 1221 3261 non
1252 3205 1380 3272 creditis,
1409 3203 1454 3262 vel
1470 3203 1606 3276 operibus
1622 3202 1730 3259 credite
1747 3204 1835 3276 (loon.

146 3295 203 3351 dus.
217 3295 315 3353 Tertia
338 3295 451 3362 civitas,
477 3292 684 3367 contemplatio
707 3296 859 3368 potestatis
873 3299 958 3372 regia
1014 3310 1040 3358 ι,
1057 3293 1113 3365 38).
1131 3315 1145 3342 »
1156 3293 1337 3367 Bonaigitur
1346 3294 1433 3350 etism
1444 3293 1505 3349 haec
1517 3293 1617 3349 civitas
1629 3283 1667 3348 a'd
1679 3291 1836 3366 refugium,

146 3385 343 3457 etmajestatia
366 3387 478 3440 eterne
502 3383 570 3456 (tt).
594 3383 703 3448 Quarta
725 3385 837 3454 civitas,
861 3387 959 3461 propi·
1014 3397 1078 3453 que
1094 3381 1278 3438 odidcatoris
1294 3383 1339 3439 sui
1364 3381 1539 3439 testificatur
1565 3380 1701 3455 gratiam,
1725 3384 1754 3437 ει
1768 3381 1836 3438 ade-

145 3473 265 3528 tiationis
294 3471 399 3528 divinae
428 3469 586 3529 contuitus.
624 3471 731 3538 Quinta
754 3473 867 3542 civitas,
885 3474 960 3549 legis
1014 3474 1094 3526 olum
1108 3475 1242 3527 nostrum
1265 3472 1381 3538 excitat,
1406 3475 1440 3528 ut
1462 3473 1527 3544 ejus
1551 3469 1835 3543 aimuscupidiores,

147 3561 238 3618 divirm
250 3560 469 3635 contemplatio,
485 3577 548 3633 quae
563 3559 695 3633 precipit
707 3560 777 3632 quid
793 3561 958 3622 iaciendum
1014 3559 1064 3632 qui
1080 3562 1191 3615 tantam
1206 3559 1292 3616 nobis
1308 3560 1423 3616 iubricae
1434 3561 1524 3633 huJ‘us
1533 3561 1668 3617 videatur
1678 3558 1837 3616 contulisse
1853 3583 1856 3586 ⁴

146 3650 188 3704 sit.
203 3652 286 3708 Sexta
301 3649 544 3724 quoquecivitas,
574 3649 668 3722 portio
697 3647 770 3722 legis
799 3667 864 3722 qum
886 3669 958 3726 pras-
1014 3645 1272 3720 pulchritudinem.
1288 3649 1404 3705 Tertius
1419 3649 1489 3705 ordo
1504 3654 1549 3706 est
1564 3649 1670 3723 regalis
1685 3647 1838 3722 potestatis

147 3739 237 3796 aerihit
250 3739 322 3812 quid
341 3755 397 3794 nou
413 3737 579 3797 faciendum
604 3736 653 3794 sit.
676 3739 790 3805 Quanta
805 3740 957 3797 abundan·
1013 3735 1230 3808 contemplatio,
1242 3741 1275 3792 ut
1284 3735 1478 3809 subjiciamur
1488 3738 1561 3810 regi,
1573 3738 1597 3794 ei
1608 3754 1666 3793 non
1677 3738 1837 3794 deferimus

147 3825 183 3881 tia
201 3827 302 3882 divine
326 3825 531 3883 misericordiae
558 3827 674 3897 quantas
702 3823 809 3880 divitie
840 3825 958 3900 pictatis
1013 3825 1305 3897 honoremtanquam
1320 3825 1445 3897 paranti.
1461 3825 1539 3880 Meto
1558 3825 1637 3881 enim
1653 3825 1837 3898 praesidentis

146 3915 211 3986 ejus,
226 3919 257 3972 ει
276 3911 461 3988 singulorum
473 3913 571 3970 studia
581 3911 811 3987 fragilitatesque
821 3914 957 3972 humana
1011 3913 1186 3986 plerumque
1209 3913 1243 3969 iit
1265 3913 1404 3970 obediens
1429 3914 1576 3988 potestati,
1599 3912 1711 3986 quiesi
1732 3912 1836 3968 salutis

146 4004 312 4060 conditionis
326 4001 527 4072 considerans,
551 4001 659 4075 quihus
683 4007 712 4059 ει
733 4001 816 4058 inviti
831 4020 865 4060 ac
879 4004 957 4061 ralu-
1012 4002 1146 4076 ingratus
1158 4021 1164 4071 ;
1174 4003 1417 4061 utnecessitatem
1424 4001 1590 4059 sobrietatis
1601 4002 1836 4076 agnosceretur·

146 4095 246 4150 stantes
260 4093 296 4150 sd
312 4090 429 4165 culpam
445 4089 592 4158 ducimur,
608 4093 637 4147 et
652 4107 710 4148 non
726 4090 889 4150 voluntaria
907 4093 958 4150 de·
1013 4090 1081 4165 rigit
1096 4107 1164 4165 crgo
1189 4092 1359 4161 necessitas,
1385 4108 1473 4164 quem
1498 4091 1592 4164 pietas
1612 4106 1768 4164 provocare
1783 4091 1834 4146 do·

145 4177 205 4239 licta
213 4179 958 4252 victiitleoebrietrequentescommittimus,diversa
1012 4180 1125 4237 buerat.

172 4297 207 4382 (9)
224 4297 308 4354 Rom.
324 4295 393 4352 odit.
411 4295 484 4362 sota,
500 4311 562 4350 com
576 4295 888 4378 praerectissimam
901 4298 957 4368 ipse
1011 4295 1041 4352 di
1054 4297 1184 4352 Leuitcoa
1201 4297 1254 4354 His
1268 4297 1410 4354 accedunt
1424 4313 1497 4354 mss.
1518 4297 1630 4370 aliquot
1649 4294 1834 4360 recentiores,

140 4367 258 4424 dinetus
271 4367 394 4438 relictos,
410 4371 464 4423 etc.
482 4367 537 4422 Sed
560 4364 634 4444 mhil
650 4365 680 4421 in
705 4371 820 4441 recepta
833 4365 956 4426 tectione
1012 4367 1070 4424 nisi
1092 4370 1170 4440 qaod
1193 4367 1247 4436 illi,
1272 4369 1387 4424 duobus
1409 4369 1547 4441 exceptis,
1572 4368 1785 4440 interpongunt
1805 4368 1834 4422 in

136 4441 320 4496 mutandum.
334 4439 382 4498 Sic
393 4438 470 4494 enim
485 4437 533 4493 hio
547 4437 956 4495 dioitdmhrcsiusdhristum
1011 4438 1090 4495 hunc
1103 4440 1242 4496 modum:
1259 4441 1347 4495 Nescit
1369 4440 1489 4496 Ecclesia
1512 4439 1639 4512 politicos
1664 4441 1734 4505 troes
1748 4455 1812 4494 eoos
1826 4458 1835 4494 .-

134 4528 199 4570 cum
216 4511 278 4592 titia
292 4511 394 4592 tuisse,
408 4509 451 4566 uti
466 4507 540 4592 libro
556 4508 716 4590 superiore,
725 4525 792 4592 cap.
803 4513 830 4576 2,
842 4513 956 4581 num.8,
1010 4513 1087 4567 nouit
1105 4552 1111 4564 .
1130 4553 1136 4564 .
1154 4553 1160 4565 .
1179 4553 1185 4566 .
1202 4510 1275 4568 dodi
1294 4512 1424 4568 Levitnm.
1445 4512 1486 4567 Ex
1510 4511 1618 4584 quihus
1642 4510 1718 4591 idem
1743 4510 1835 4566 iermc

133 4583 166 4638 de
181 4583 302 4650 Davrde,
318 4579 426 4642 Socim
439 4597 515 4638 carm
529 4596 560 4636 in
581 4583 635 4660 uri,
654 4577 802 4652 gloriosius
827 4597 884 4638 esse
904 4598 956 4654 pro
971 4568 994 4632 Ι)
1011 4599 1117 4639 εεεεεε
1131 4580 1314 4655 eiicipotest,
1330 4581 1378 4638 hio
1391 4583 1513 4639 scilicet.
1538 4581 1668 4639 donicae
1691 4582 1721 4637 in
1745 4581 1837 4638 admi-

132 4653 238 4710 Clrristo
252 4653 335 4726 mori,
352 4657 406 4709 eto.
431 4651 528 4710 Multas
579 4668 613 4706 ιε
639 4654 710 4732 sunt
730 4655 761 4733 ει
781 4652 859 4724 apud
878 4652 957 4710 hunc
1012 4653 1166 4710 nistranda
1180 4653 1351 4726 poenitentia
1365 4654 1499 4725 politicas
1511 4653 1537 4710 le
1558 4671 1590 4710 cs
1603 4671 1661 4710 non
1682 4652 1833 4733 agnoscit;

130 4722 956 4807 Patremetapudceteroshujusmodrlocutiones,quihus
1012 4741 1082 4781 suas
1096 4724 1174 4806 onim
1191 4723 1290 4791 hahet,
1305 4725 1446 4782 nimirum
1461 4729 1495 4782 ut
1518 4670 1626 4782 Christi
1649 4723 1765 4780 ohadiat
1779 4738 1833 4776 rm·

127 4795 956 4924 rr*usur-itroirearcessitorem
1009 4794 1272 4924 ricmiri
1291 4795 1531 4924 tur-ru
1562 4791 1834 4922 israhelis

128 4883 324 5006 pflffiffi
347 4955 384 4994 uo
395 4881 673 5011 mgysesffigypmm
682 4937 846 4994 deseruisse
857 4955 957 4994 narra·
1011 4909 1169 5010 repositam
1188 4884 1536 5012 eprgierrffit,.ets}rrlgt?1?t¹tle1
1558 4885 1674 5016 {amen
1699 4933 1778 5005 quod
1803 4933 1833 4988 in

127 5014 177 5067 tur
192 5014 313 5084 majores
326 4954 441 5066 diotrico
450 5010 592 5067 aestimons
608 5007 732 5091 thesauro
751 5011 954 5092 AEgyptiorom,
1010 5007 1152 5082 Ehrulph.
1178 5027 1230 5083 pro
1254 5011 1387 5075 sacerdos,
1411 5010 1517 5066 icitur
1542 5007 1697 5087 secerdotes.
1722 5005 1834 5060 Sensus

127 5083 331 5166 improperium
345 5079 448 5136 Christi
451 5097 462 5144 ;
476 5096 577 5135 verum
591 5081 680 5136 etiam
691 5077 848 5137 Dominum
856 5080 956 5154 ipsum
1010 5086 1110 5137 sutem
1125 5084 1179 5138 est.
1196 5081 1355 5139 scelestam
1365 5029 1531 5155 dumqigat,
1542 5079 1668 5144 s'olvrt,a
1682 5091 1833 5132 sacrorum

127 5170 180 5226 qur
197 5151 508 5220 Joanvn1,5d,dicit:
523 5149 956 5222 Adrolompotervestereesol-
1009 5151 1232 5235 participatione
1260 5157 1398 5221 removet,
1433 5158 1485 5208 cto
1519 5151 1562 5206 uti
1594 5151 1737 5222 potestate
1773 5164 1832 5202 uon

125 5227 198 5281 tavit
214 5227 243 5279 ul
257 5223 360 5280 videret
373 5224 447 5279 daem
459 5238 572 5279 mcum:
587 5221 656 5277 vidit
668 5228 694 5277 et
714 5225 823 5291 gavisos
837 5231 885 5279 est.
895 5227 955 5280 Hoc
1010 5240 1099 5352 guam
1124 5224 1166 5280 rlli
1190 5242 1250 5282 suo
1274 5225 1354 5297 legas
1380 5222 1575 5289 attribuerint,
1601 5220 1651 5276 sed
1675 5235 1765 5292 quam
1789 5217 1833 5274 ilii

126 5301 230 5352 autem
243 5299 369 5367 utroque
391 5294 571 5361 testimonio,
594 5291 644 5348 sed
661 5293 822 5366 prasertim
838 5293 952 5364 ultimo,
1033 5295 1145 5352 hristus
1165 5296 1227 5368 ipse
1248 5294 1437 5361 commiserit,
1462 5299 1550 5366 atque
1572 5307 1705 5348 exercere
1724 5307 1832 5362 prece·

146 5367 267 5422 iuribus
293 5365 376 5434 locis,
394 5365 488 5422 utitur
509 5363 694 5432 ambrosius,
710 5367 743 5420 ut
766 5364 846 5421 verbi
861 5367 955 5438 gralia
1009 5367 1094 5439 perit.
1110 5368 1192 5433 Quod
1208 5367 1327 5440 quidem
1352 5381 1419 5421 cum
1444 5362 1685 5420 antecedentibus
1708 5379 1742 5418 ac
1761 5363 1832 5419 suh-

124 5385 178 5494 fin.
196 5437 230 5494 de
243 5437 383 5494 Abrohom
398 5453 451 5510 cap
467 5441 492 5505 ι,
509 5452 581 5492 num
595 5436 641 5502 21,
656 5438 685 5493 el
695 5433 842 5493 Commeat.
856 5437 952 5494 istoc.
1009 5455 1040 5494 se
1064 5438 1201 5495 uentibus
1216 5437 1312 5520 aptius
1327 5435 1469 5508 quadrare
1485 5434 1658 5492 diffitebitur
1672 5450 1769 5489 nemo.

124 5527 186 5566 non
203 5509 289 5582 longe
304 5510 340 5565 ah
355 5509 439 5565 initio
454 5513 482 5565 ει
494 5506 575 5564 alibi.
1042 5454 1100 5582 ᾖι)
1117 5509 1187 5564 Μεε.
1203 5508 1324 5581 aliquot,
1339 5507 1686 5586 contemptationemreoiae
1699 5505 1829 5564 civitatis.

162 5581 221 5653 (tir)
237 5581 346 5638 Omnes
370 5581 453 5648 edit,
476 5581 565 5636 Nescit
586 5578 704 5635 Ecclesia
722 5577 849 5650 publicos
868 5580 951 5650 topos,
1007 5578 1106 5640 Minus
1121 5581 1205 5654 bene,

123 5669 191 5711 soor
206 5655 291 5710 acuit.
309 5653 342 5711 Ut
355 5651 497 5710 dominico
509 5649 631 5709 coortos
642 5649 750 5708 obediat
762 5651 887 5723 imperio,
901 5667 953 5710 oo·
