4159 6184
150 358 226 513 {reo
689 399 1320 474 uulueltlolurssuuollxtm.
1765 410 1843 479 nro

144 540 304 617 iustorum.
319 536 450 616 Denique
468 535 552 617 quael
565 537 596 599 in
612 541 740 616 quadam
754 558 862 618 pompa
880 540 962 601 thea-
977 543 1006 612 Α
1020 546 1050 600 et
1061 521 1156 600 filium
1171 542 1234 616 eius
1247 560 1254 615 ;
1268 560 1327 603 non
1342 542 1420 604 enim
1434 542 1599 606 heres‘erit
1622 544 1701 606 fliius
1729 523 1842 610 ancille

146 632 183 690 tri
198 628 376 689 canditatus
384 630 540 705 Apostolus
552 630 642 689 dicit:
655 654 671 685 o
686 630 788 691 Pleeeo
798 632 872 690 mibi
882 632 965 691 inin·
1020 632 1160 690 cumfilio
1174 648 1239 692 meo
1254 638 1333 693 leaeo
1347 636 1428 708 (ibid
1443 638 1495 707 303
1526 636 1844 707 Gen.m,·10).»1tt
1945 686 1951 697 ,

142 721 240 794 juriis,
255 720 285 776 in
301 720 534 790 necessitatibus,
550 721 580 777 in
596 722 860 793 persecutionibus,
871 721 900 778 in
912 739 963 779 an·
1018 721 1175 794 Apostolus
1189 723 1250 779 sit:
1266 746 1281 774 ιι
1298 725 1408 797 ltaque,
1420 727 1536 795 iratres,
1548 744 1606 784 nou
1616 727 1842 786 sumuaancillre

145 808 251 893 gratiis
266 806 304 881 (ll
315 810 377 867 Cor.
391 824 442 876 xri,
459 808 514 881 10).
530 831 545 861 ιι
562 811 593 866 1ιι
609 810 674 867 istis
697 810 793 883 placet
820 810 887 880 eibi,
911 812 962 884 qui
1018 808 1081 879 dlii,
1097 811 1149 867 sed
1164 810 1261 867 libere
1277 811 1378 884 (Gotot
1394 831 1433 883 iv,
1448 815 1505 887 31).
1520 837 1536 865 ιι
1551 815 1615 871 Hac
1629 817 1753 889 estergo
1764 815 1841 875 solu·

144 890 320 971 omniaque
349 896 451 955 mundi
475 901 545 954 sunt
574 899 785 955 detrimentum
813 904 907 973 putat,
931 905 964 957 ut
1018 896 1070 966 tio,
1086 898 1250 971 quisquod
1277 899 1433 973 ignorabat
1454 903 1585 971 ludens,
1610 904 1686 960 tides
1709 904 1842 978 gentium

144 986 274 1045 Gbistum
290 984 461 1052 lucrifaciat,
476 986 571 1043 solum
587 1003 639 1060 par
664 987 754 1044 vium
782 992 811 1045 et
838 992 962 1045 mortem
1017 984 1113 1054 solvit,
1129 987 1228 1043 inlusa
1242 988 1359 1045 aPaulo
1370 990 1486 1047 doctore
1501 992 1652 1056 mentibus
1676 993 1839 1051 nationum.

143 1076 308 1147 requirens:
321 1070 367 1130 cu'i
378 1073 473 1132 vivere
483 1074 628 1145 Christus,
642 1080 696 1145 eet,
709 1080 739 1133 et
749 1076 823 1133 mori
833 1076 968 1146 lucrum,·
1016 1074 1083 1131 ldeo
1097 1091 1166 1147 ergo
1181 1075 1299 1132 illorum
1313 1081 1397 1151 gesta
1411 1078 1498 1135 nobis
1508 1080 1538 1136 in
1550 1079 1783 1152 parabola-sunt.

143 1167 174 1221 ut
186 1162 351 1221 inveniatur
365 1164 395 1219 in
409 1162 534 1220 Christo.
1050 1164 1097 1218 57.
1112 1164 1167 1220 Sed
1182 1169 1211 1221 et
1225 1164 1368 1223 Dominus
1381 1166 1468 1223 dixit:
1485 1189 1500 1220 ιι
1514 1169 1619 1227 Factus
1632 1186 1700 1225 sum
1716 1169 1776 1227 illis
1804 1171 1837 1229 iu

171 1252 217 1307 55.
237 1251 330 1323 (Vera.
362 1252 433 1325 16.)
457 1253 608 1325 Adjiciunt
634 1253 731 1311 adbuc
759 1254 808 1311 isti
823 1253 959 1311 israelite
1015 1252 1203 1323 parabolam:
1220 1254 1376 1311 adversum
1391 1272 1438 1312 me
1452 1258 1662 1315 exercebantur
1675 1259 1725 1331 qui
1749 1260 1836 1316 sede-

142 1340 317 1398 diocntes:«
332 1340 460 1398 Posuisti
485 1358 539 1399 uos
561 1342 591 1397 in
614 1342 784 1415 parabolam
809 1343 958 1415 gentibus,
1013 1338 1085 1395 bant
1099 1340 1128 1396 in
1152 1346 1236 1414 porta
1259 1342 1345 1415 (Prot.
1371 1360 1466 1414 nxvrrr,
1494 1345 1550 1416 12).
1567 1367 1582 1395 ιι
1605 1346 1638 1402 ln
1661 1346 1834 1418 parabolam

142 1428 364 1485 commotionem
379 1429 484 1502 capitis
498 1430 528 1486 in
539 1429 665 1504 populis.
678 1452 693 1481 ιι
702 1431 812 1494 Quibus
822 1431 959 1504 gentihus
1013 1432 1112 1483 autem
1124 1428 1229 1498 lactus,
1246 1431 1315 1502 quia
1329 1430 1436 1501 dicitis,
1465 1433 1579 1505 inquit:
1594 1457 1608 1484 «
1632 1433 1742 1492 Medios
1764 1452 1836 1493 cura

141 1517 273 1591 posuisti,
289 1516 346 1573 nisi
361 1517 517 1574 credituris
536 1518 669 1588 (66))116
683 1518 761 1575 enim
786 1534 850 1591 qne
883 1520 957 1575 aeci·
1012 1516 1153 1589 teipsum
1169 1520 1243 1591 (luo.
1261 1536 1298 1587 ιν,
1313 1521 1369 1591 22),
1386 1542 1400 1571 ιι
1416 1522 1449 1577 1ιι
1464 1520 1635 1593 parabolem
1658 1522 1754 1580 lactus
1776 1528 1832 1593 est,

141 1604 244 1661 derunt
256 1604 376 1674 iudeis,
388 1605 418 1661 iu
433 1603 655 1664 similitudinem
671 1608 771 1679 ligure
786 1608 862 1663 iacta
876 1613 955 1677 sunt,
1012 1604 1226 1675 quiasedentee
1238 1606 1268 1662 in
1281 1611 1364 1679 porta
1389 1608 1575 1683 inerepubst;
1592 1612 1623 1667 in
1652 1611 1730 1669 exitu
1754 1612 1834 1671 enim

140 1696 170 1749 ut
181 1692 263 1750 lieret
277 1693 361 1751 nobis
375 1698 462 1768 typus
477 1697 507 1751 et
516 1696 611 1768 ligura
620 1695 764 1752 excidium
775 1696 955 1763 iudeorum,
1011 1708 1069 1749 non
1085 1693 1181 1760 otiosi,
1209 1696 1260 1751 sed
1289 1696 1408 1753 exerciti
1437 1714 1503 1754 ease
1526 1698 1680 1755 debemus.
1707 1700 1835 1773 Ideoque

139 1785 223 1857 atque
237 1790 272 1838 ex
286 1778 337 1838 ille
352 1782 544 1840 similitudine
558 1800 610 1856 per
623 1784 804 1857 parabolam,
832 1784 956 1841 solutio·
1011 1781 1154 1853 scriptum
1168 1785 1227 1838 eat:
1246 1804 1260 1831 α
1276 1783 1389 1852 Videte,
1406 1801 1442 1840 ne
1456 1786 1509 1840 liat
1522 1785 1591 1859 luga
1605 1790 1703 1842 vestra
1725 1787 1833 1859 hieme,

138 1884 202 1926 uem
217 1869 412 1942 presentibus
422 1871 618 1943 requiramus,
634 1888 693 1944 quo
707 1872 840 1945 exempla
853 1888 954 1929 eorum
969 1902 994 1968 B
1009 1869 1055 1925 vel
1069 1869 1197 1927 Sabbata
1212 1870 1323 1941 (aaut.
1339 1888 1416 1939 xxiv,
1432 1872 1489 1943 26),
1507 1893 1522 1922 ι
1532 1872 1587 1927 hoc
1600 1876 1654 1943 est,
1665 1890 1723 1929 non
1733 1874 1834 1951 inotio

137 1972 237 2039 cavere
256 1958 416 2031 possimus.
432 1958 543 2015 Deinde
558 1958 628 2031 quia
640 1959 771 2017 Judaioe
786 1976 833 2016 res
851 1976 954 2017 omnae
1008 1957 1106 2015 sedin
1122 1958 1249 2031 negotio.
1276 1960 1349 2033 Drgo
1372 1960 1449 2033 pigri
1468 1961 1610 2017 sedebant
1633 1961 1737 2032 Judesi,
1763 1963 1833 2037 quie

135 2045 216 2118 quasi
232 2046 377 2117 parabole
392 2048 472 2114 suut,
485 2046 541 2103 hoo
555 2049 610 2114 est,
638 2047 723 2119 quasi
744 2048 844 2121 ligure
870 2064 955 2121 egen·
1007 2048 1085 2102 stare
1100 2062 1159 2103 non
1175 2050 1320 2118 poterant,
1333 2048 1470 2119 quivere
1489 2048 1653 2106 Jerusalem
1681 2050 1757 2107 atria
1779 2067 1832 2107 ne-

134 2136 176 2190 tes
190 2133 345 2190 solutione.
361 2134 492 2206 Denique
506 2134 649 2191 Dominus
662 2134 774 2192 Judaeis
788 2136 819 2191 in
834 2136 953 2208 parabo·
1007 2134 1191 2202 sciebant3ei
1205 2135 1285 2191 enim
1299 2135 1455 2192 scivissent
1475 2135 1558 2193 illam
1578 2134 1754 2206 Jerusalem,
1779 2154 1828 2197 re·

132 2221 160 2278 la
173 2221 394 2295 loquebatur,ut
408 2220 537 2295 imperiti
553 2236 612 2279 non
627 2222 834 2295 intelligerent,
843 2222 951 2280 intelli·
1007 2222 1269 2294 quisirissent.loti
1280 2239 1349 2297 ergo
1360 2223 1472 2298 fatigati
1482 2223 1829 2297 inportasedebent.Nec

134 2313 234 2383 gerent
248 2310 405 2383 sapientes,
420 2314 455 2367 ut
477 2309 680 2383 intelligebant
705 2311 848 2384 Apostoli,
873 2314 902 2367 at
921 2311 951 2368 in
1006 2309 1102 2367 solum
1118 2310 1199 2378 dixit,
1213 2312 1351 2380 eamdent,
1367 2311 1523 2368 sedetiam
1538 2309 1829 2371 oderantDominum

134 2413 190 2470 quo
206 2399 888 2473 movebantur(67),interrogabantDominum:
904 2401 952 2456 Ju-
1005 2398 1035 2454 in
1052 2399 1144 2470 portis
1158 2399 1438 2473 redarguentemln
1462 2403 1548 2473 porta
1574 2400 1654 2457 enim
1677 2405 1750 2473 erat,
1774 2402 1828 2477 qui

133 2486 185 2542 daei
200 2474 298 2543 autem
314 2503 368 2543 nec
394 2486 607 2560 intelligebant,
635 2504 687 2544 neo
710 2487 817 2544 iterum
838 2488 950 2545 discere
1004 2486 1159 2543 subiturus
1173 2488 1289 2545 eratsui
1304 2488 1436 2561 corporis
1451 2488 1630 2561 passionem,
1657 2505 1710 2562 per
1737 2505 1828 2563 quem

133 2588 189 2629 non
204 2574 351 2632 intellecta
365 2576 532 2649 cupiebant.
1005 2573 1172 2647 migrarete
1186 2575 1282 2644 terris,
1295 2576 1402 2633 rediret
1415 2575 1451 2632 ad
1468 2575 1588 2632 caelum.
1604 2577 1636 2633 ln
1652 2580 1737 2650 porta
1765 2581 1828 2634 erat

164 2663 209 2719 56.
226 2664 300 2730 Ouid
317 2663 356 2721 sit
370 2649 519 2737 parabole,
534 2665 641 2737 accipe.
658 2686 673 2715 «
688 2664 837 2721 Abrabam
859 2665 951 2738 igitur
1003 2662 1228 2721 cumdiceretz«
1237 2663 1393 2719 ambulate
1415 2664 1487 2719 dum
1508 2663 1825 2741 lucemhabetislloon.

130 2752 203 2807 duos
218 2750 295 2808 lilios
309 2752 413 2809 habuit
424 2770 431 2808 τ
444 2768 535 2809 unum
551 2753 587 2809 de
607 2752 723 2820 ancilla,
739 2757 769 2809 et
796 2769 888 2809 unum
913 2755 950 2810 de
1002 2768 1054 2818 ιιι,
1070 2751 1125 2823 35).
1143 2774 1157 2801 ιι
1172 2752 1247 2817 Quid
1262 2757 1307 2808 est
1319 2768 1402 2825 ergo;
1417 2774 1432 2801 ι
1448 2751 1627 2809 recussum
1643 2750 1704 2807 illis
1720 2751 1752 2809 in
1769 2767 1831 2826 pa<

129 2839 220 2896 libera
234 2839 334 2911 (Galat.
352 2856 390 2909 tv,
405 2842 462 2914 22).
477 2862 492 2892 ιι
502 2842 565 2898 Νοιι
575 2841 757 2914 intelligebat
766 2842 821 2898 boe
830 2841 948 2899 ¹iudaeus
1003 2838 1134 2895 rabulam
1149 2840 1235 2911 (Paul.
1251 2856 1349 2905 axvrn,
1379 2839 1436 2912 12),
1452 2862 1467 2890 ιι
1483 2839 1539 2894 nisi
1567 2837 1638 2912 quia
1662 2838 1730 2897 finis
1751 2837 1826 2913 legis

132 2927 188 2985 nisi
203 2929 366 2985 seeundum
381 2929 699 2987 litteram.·Nesciebat
726 2930 794 3003 quis
821 2932 857 2987 de
878 2929 948 2987 filiis
1002 2931 1049 2983 est
1063 2926 1208 2998 Christus,
1224 2932 1253 2984 et
1276 2944 1356 2984 mora
1379 2929 1445 2999 elus
1468 2926 1553 2983 solvit
1576 2926 1735 3001 enigmata
1757 2943 1825 3001 pro·

128 3016 241 3073 duobus
269 3017 411 3090 acceperit
438 3017 637 3076 hereditatem
666 3020 770 3091 patris,
801 3020 879 3093 quia,
911 3020 946 3075 ad
1001 3014 1277 3088 phetarumzeaque
1292 3014 1742 3090 anteludaeieerantiucognita‚
1756 3032 1823 3074 oum

128 3104 256 3161 carnalia
269 3105 479 3178 propendebat.
495 3106 606 3178 ligabat
625 3104 764 3179 parabola
790 3106 945 3164 solutione.
1001 3103 1256 3177 prophetarentur,
1271 3109 1374 3177 postea
1387 3104 1574 3160 manifestata
1587 3103 1823 3161 suntDominios

126 3192 211 3249 Venit
226 3193 356 3266 gentium
371 3193 487 3261 Doctor,
503 3197 532 3249 et
545 3194 620 3250 fidas
634 3195 798 3261 nationum,
813 3199 843 3252 et
861 3194 946 3252 intel-
1000 3193 1146 3266 passionis
1161 3192 1289 3250 effectui
1303 3193 1409 3249 Factus
1423 3197 1469 3250 eat
1495 3190 1555 3249 illis
1581 3192 1613 3247 ia
1642 3192 1823 3267 parabolam,

125 3279 195 3337 lexit
209 3282 286 3353 quod
301 3281 366 3337 due
381 3279 437 3336 illa
448 3279 586 3336 mulieres
602 3281 944 3340 duosintTestamcute:
961 3264 983 3330 C
1002 3281 1072 3353 quie
1086 3280 1272 3353 quasivilem
1302 3297 1333 3336 ee
1363 3280 1498 3354 prebuit,
1526 3280 1663 3354 ingerens
1691 3296 1724 3337 se
1749 3266 1821 3349 illis,

125 3384 218 3425 unum
234 3386 251 3425 a
265 3372 365 3425 monte
378 3368 459 3438 Sina,
473 3369 551 3441 quod
561 3368 591 3423 in
608 3367 779 3425 servitutem
798 3370 947 3443 generavit
1000 3385 1053 3425 nec
1068 3369 1215 3442 refugiens
1229 3385 1332 3426 eorum
1347 3369 1507 3426 seditiones
1528 3372 1558 3425 et
1585 3369 1757 3441 perducens.
1772 3384 1822 3427 eos

125 3457 267 3531 populum
281 3456 461 3523 iudeorum,
474 3457 551 3529 quod
568 3460 612 3513 est
625 3457 703 3531 Agar
726 3456 806 3528 (ibid.
831 3458 887 3529 21).
913 3458 947 3513 lit
1000 3456 1036 3512 ad
1051 3460 1169 3527 tempus
1182 3456 1357 3528 beneplaciti
1373 3457 1441 3525 sibi,
1454 3460 1488 3513 ut
1497 3461 1660 3513 moreretur
1684 3474 1737 3532 pro
1757 3473 1821 3515 om-

124 3544 190 3602 idao
206 3546 287 3612 Sina,
304 3545 383 3617 quod
399 3561 451 3617 per
478 3543 751 3618 interpretationem
776 3559 946 3601 mensuram
1000 3542 1090 3599 nibus
1103 3543 1284 3613 bominibus,
1299 3543 1448 3615 quoillius
1463 3545 1607 3618 sanguine
1620 3560 1715 3620 genus
1729 3545 1821 3607 homi·

124 3634 191 3705 elua
205 3632 366 3706 significat:
382 3648 522 3689 mensure
546 3637 643 3690 autem
669 3632 741 3707 legis
765 3636 819 3702 eet,
842 3649 946 3707 super·
1000 3646 1073 3686 num
1085 3631 1288 3687 mundaretur.
1653 3681 1655 3684 .

124 3721 280 3777 abundans
296 3722 394 3776 autem
409 3720 505 3794 gratia
519 3725 573 3778 est.
599 3721 669 3778 Sina
697 3737 815 3797 quoque
836 3737 947 3779 merces
1035 3719 1080 3774 56.
1097 3716 1238 3774 Similiter
1264 3718 1295 3774 in
1319 3716 1458 3789 parabola
1477 3718 1620 3791 scriptum
1644 3722 1704 3776 estc
1720 3742 1736 3771 ιι
1759 3722 1824 3779 Non

123 3808 243 3878 dieitur,
260 3812 288 3865 et
303 3808 437 3865 convenit
447 3808 555 3882 populo
569 3810 750 3881 Judeorum,
767 3809 818 3883 qui
834 3810 947 3882 iustili-
1000 3805 1137 3880 alligabis
1152 3822 1184 3862 os
1196 3806 1262 3863 bovi
1277 3804 1428 3861 trituranti
1450 3806 1539 3877 (Deut.
1568 3822 1634 3874 xxv,
1648 3806 1688 3879 t).
1704 3827 1719 3857 ιι
1730 3808 1825 3887 ¹solvit

123 3896 185 3954 cari
201 3913 232 3954 se
248 3897 381 3954 mercede
396 3912 529 3970 operum,
545 3914 634 3969 quam
649 3898 718 3954 ildei
732 3898 826 3971 gratia
836 3897 946 3954 malm-
1000 3893 1077 3950 bano
1091 3892 1261 3965 parabolam
1272 3891 1431 3964 Apostolus
1446 3890 1562 3948 dicens:
1578 3913 1592 3942 ιι
1609 3890 1759 3965 Numquid
1771 3945 1775 3958 ,
1788 3895 1825 3954 ds

123 3988 202 4042 runt.
218 3986 293 4059 Drgo
308 3999 372 4060 que
384 3986 440 4043 sub
455 3984 518 4060 lege
533 3990 596 4043 erat
609 3985 784 4053 Jerusalem,
802 4002 868 4041 oum
878 3984 948 4041 filiis
1000 3982 1095 4039 bobus
1110 3999 1181 4039 cure
1195 3986 1241 4038 est
1254 3986 1312 4038 Deo
1324 3984 1338 4036 t
1351 3983 1395 4037 An
1410 3983 1530 4053 propter
1544 3996 1597 4038 nos
1612 3979 1714 4054 utique
1728 3980 1824 4039 dicit?

122 4074 189 4153 auis
205 4074 366 4131 serviebat:
382 4089 448 4145 quse
462 4078 561 4131 autem
576 4090 695 4131 sursum
710 4077 756 4130 est
772 4073 947 4141 Jerusalem,
1000 4070 1074 4127 Nam
1090 4074 1209 4143 propter
1223 4087 1277 4127 nos
1291 4070 1402 4142 scripta
1416 4072 1496 4127 suut.
1516 4067 1587 4135 Quis
1601 4071 1647 4125 est
1671 4068 1723 4142 qui
1751 4073 1827 4137 arat,

128 4162 223 4219 libera
238 4166 292 4219 est.
309 4163 345 4219 ut
358 4162 423 4219 ideo
437 4162 519 4231 Sera,
544 4178 610 4234 ques
636 4161 806 4235 principalis
829 4162 947 4229 dieitur,
1002 4159 1060 4216 nisi
1075 4159 1168 4232 quiin
1183 4175 1235 4231 spe
1251 4162 1315 4214 arat
1328 4159 1352 4229 (l
1366 4158 1429 4219 Cor.
1446 4174 1485 4226 ix,
1501 4156 1528 4226 9,
1546 4156 1601 4228 10),
1617 4159 1651 4213 ut
1662 4156 1693 4213 iu
1712 4156 1825 4229 Judioio

123 4251 290 4308 libertatem
305 4249 405 4317 babet,
422 4251 500 4321 quod
517 4250 654 4323 princeps
669 4251 714 4307 sui
731 4250 770 4307 sit
784 4252 835 4323 qui
847 4253 948 4323 justus
1002 4247 1119 4305 Domini
1133 4247 1245 4305 metet?
1256 4248 1290 4303 111
1307 4246 1372 4303 ideo
1397 4245 1483 4318 quasi
1506 4244 1576 4301 boui
1606 4243 1749 4319 agricole,
1775 4244 1826 4301 ubi

124 4344 213 4411 atque
225 4338 339 4411 integer
349 4340 404 4393 est.
433 4336 474 4392 Dx
501 4336 618 4393 duobus
638 4335 729 4409 igitur
750 4336 828 4394 010
848 4337 948 4393 Testa-
1003 4340 1212 4410 proptcrspem
1224 4336 1338 4392 inarata
1350 4335 1405 4405 (66)
1422 4332 1510 4389 fuerit
1523 4338 1601 4389 terra
1626 4336 1729 4391 nostra
1754 4349 1825 4391 con·

124 4426 234 4484 ruentis
250 4427 308 4483 duo
323 4423 433 4499 populi,
455 4440 533 4481 unus
554 4425 734 4491 iudeorum,
760 4424 835 4480 alius
858 4424 950 4481 natio-
1002 4425 1127 4481 tinentia
1140 4423 1292 4497 corporali,
1310 4439 1368 4479 non
1383 4419 1522 4487 carnalia,
1535 4421 1585 4478 sed
1600 4421 1756 4494 spiritalia,
1779 4438 1825 4480 se·

124 4532 209 4585 num,
221 4515 271 4589 qui
284 4515 317 4570 in
337 4514 455 4572 Christo
481 4510 615 4571 credidit.
632 4511 684 4569 Ille
706 4511 884 4581 ludaeorum,
899 4512 950 4585 qui
1003 4512 1169 4570 miaemus:
1186 4510 1328 4584 quoniam
1342 4509 1378 4565 de
1393 4506 1560 4565 carnalibus
1574 4508 1739 4582 corruptela
1764 4509 1825 4567 ool-
1920 4507 1923 4512 ’

125 4620 186 4660 uon
201 4602 337 4670 credidit,
352 4600 458 4659 servit:
487 4601 551 4673 ipse
572 4604 618 4656 est
642 4598 802 4655 secundum
831 4614 949 4655 carnem
964 4620 988 4685 D
1003 4600 1115 4674 ligitur,
1126 4597 1354 4672 despiritalibus
1363 4597 1714 4669 viteeternaacquiritur.
1726 4599 1826 4671 ‘typus

125 4691 309 4763 natus,quia
332 4690 495 4747 secundum
525 4704 642 4745 carnem
670 4686 879 4759 interpretatus
906 4692 951 4742 est
1004 4688 1104 4761 itaque
1118 4686 1352 4757 etligurauobis
1368 4684 1525 4757 sintgeate
1539 4685 1696 4757 majorum.
1726 4686 1826 4758 Typus

125 4780 313 4853 scripturam
328 4778 470 4847 divinam,
487 4780 515 4834 et
544 4777 705 4835 secundum
725 4774 864 4842 litteram,
892 4792 949 4832 non
1005 4774 1051 4832 lex
1066 4775 1174 4847 scripta
1189 4773 1219 4830 in
1233 4773 1371 4831 cordibus
1382 4772 1502 4840 nostris,
1514 4776 1550 4829 ut
1560 4773 1646 4829 nobie
1656 4773 1687 4828 in
1701 4787 1735 4828 ea
1746 4787 1826 4843 qua·

124 4868 290 4926 seeundum
307 4866 455 4940 spiritum.
472 4863 526 4933 Qui
542 4869 639 4922 autem
650 4866 686 4921 de
698 4864 799 4932 libera,
809 4866 952 4921 natusest
1005 4866 1072 4921 dam
1087 4866 1253 4921 futurorum
1267 4863 1371 4936 figura,
1390 4880 1448 4919 non
1472 4861 1580 4919 veritas
1600 4861 1649 4917 sit.
1674 4861 1732 4916 Lex
1754 4874 1824 4933 ergo

123 4972 180 5031 per
195 4954 464 5031 repromissionem,
478 4955 533 5012 boc
548 4958 602 5024 est,
632 4954 678 5010 cui
701 4950 889 5026 repromissio
917 4968 951 5007 ox
1006 4952 1091 5024 quasi
1105 4954 1200 5025 figure
1213 4951 1252 5008 ait
1266 4952 1351 5009 nobis
1362 4968 1369 5009 :
1381 4950 1572 5027 Evangelium
1588 4947 1672 5020 quasi
1683 4946 1782 5005 lumen
1797 4950 1826 5004 et

123 5046 200 5115 fide;
217 5046 280 5119 ipse
294 5048 339 5103 est
353 5043 485 5101 Ecclesie
500 5042 591 5111 lilius,
607 5047 711 5100 tenens
721 5040 821 5115 matie
834 5040 950 5097 liberta-
1005 5040 1193 5114 signaculum
1204 5039 1346 5096 veritatis.

122 5136 405 5207 tempropterquam
414 5132 544 5190 Declesia
553 5128 624 5189 dicit
635 5148 640 5187 :
652 5152 666 5181 ιι
678 5128 795 5203 Depelle
802 5128 949 5195 ancillam,
1040 5131 1085 5184 59.
1101 5132 1131 5186 In
1144 5127 1282 5203 parabola
1291 5144 1359 5201 ergo
1371 5125 1514 5183 Dominus
1524 5124 1652 5183 ostendit
1660 5137 1692 5183 se
1700 5121 1827 5183 iudeis:

163 5346 220 5421 (66)
236 5346 307 5405 Mes.
324 5345 446 5431 aliquot.
462 5347 491 5401 et
512 5345 568 5400 vet.
599 5340 669 5399 edit.
703 5342 806 5413 Quibus
826 5342 952 5412 pentibus
1006 5341 1137 5400 sumitur
1151 5358 1203 5414 pro
1217 5354 1273 5397 non
1287 5342 1380 5395 orato.
1397 5336 1495 5395 lloret.
1511 5336 1602 5409 Dpod.
1620 5336 1669 5393 lo:

120 5412 953 5560 statueritis?'ttrittrmitttuttt
1052 5450 1557 5580 qrqggifrpzreeletrrt
1571 5454 1636 5518 ‘1¹¹⁰‘
1644 5450 1731 5511 ω’)

126 5560 255 5619 iaciunt.

177 5631 213 5687 D‘l
233 5632 362 5697 licceat,
382 5627 460 5687 auxii
475 5631 563 5703 etque
577 5624 660 5683 dubii
674 5628 765 5683 erant.
1008 5626 1170 5683 imovero
1186 5626 1289 5692 nostro,
1314 5622 1393 5678 idem
1418 5627 1463 5680 est
1491 5625 1579 5695 atque
1600 5636 1654 5679 nos
1677 5618 1744 5695 ipsl.
1770 5617 1827 5677 Sed

165 5632 346 5776 {oblitterato
374 5698 403 5758 id
429 5702 483 5771 est,
520 5700 608 5769 arata,
633 5694 707 5756 Nam
735 5697 844 5770 alioqui
859 5712 952 5771 saepe·
1007 5696 1096 5770 plana
1107 5690 1211 5752 estilla
1221 5692 1402 5768 metaphora.
1687 5705 1690 5712 ’
