4159 6184
264 318 348 399 tiss·
1004 326 1037 397 s.
1060 311 1251 397 auaaosvt
1822 414 1831 429 ,
1861 318 1921 405 ios

261 456 387 523 formam
403 460 453 521 dat
475 456 599 535 homini,
619 462 651 521 ut
676 460 907 522 misericordiam
933 481 951 520 a
973 465 1043 531 Deo,
1059 437 1285 532 etKDominus
1314 470 1390 521 Deus
1419 454 1663 523 lsraelaseculo
1688 458 1716 521 et
1737 460 1765 521 in
1789 466 1918 528 seculum:

263 542 508 612 resurrectionem
526 547 561 610 de
584 542 643 610 Deo
669 556 774 627 speret.
792 550 901 609 Deinde
925 569 983 611 nou
1010 570 1095 609 resu·
1148 554 1209 621 ilat,
1225 553 1286 610 ilat.
1299 576 1313 604 s
1326 554 1468 613 Innocens
1486 553 1560 611 nulli
1585 557 1678 622 nocet,
1692 552 1721 610 in
1734 552 1862 615 neminem
1872 574 1921 631 pec-

264 636 365 700 scitari
380 638 412 701 ss'
428 641 501 716 petit
517 660 524 699 :
540 643 590 701 sed
614 640 783 699 resuscitari
799 642 856 697 sibi
875 639 1007 715 postulat
1020 640 1094 698 Mat·
1148 644 1205 699 cat.
1230 642 1295 699 ldeo
1323 642 1388 700 sine
1413 648 1543 718 peccato,
1559 643 1623 700 sine
1650 640 1714 701 ‹lolo
1727 639 1844 701 cbristus
1866 641 1921 703 Seri

263 707 359 788 tillem
387 730 417 789 in
446 729 545 791 locum
572 724 669 799 tudam
687 732 720 788 ut
747 728 925 805 apostolicus
953 746 1095 789 numerus
1149 732 1240 803 ptura
1262 730 1365 788 divine
1393 731 1567 789 auctoritate
1595 730 1801 805 signatur.lloc
1823 731 1924 808 igituret

267 816 438 901 impleatur.
467 818 580 879 Etenim
605 820 675 893 quia
703 834 820 877 necesse
846 818 973 876 babebat
1001 820 1096 893 perire
1149 816 1197 874 bic
1225 817 1400 885 declaratur,
1416 819 1467 876 ubi
1495 818 1567 876 dicit
1582 838 1615 875 r«
1629 819 1744 893 Propter
1766 820 1922 879 innocentiani

269 906 350 970 iliius
373 904 559 985 perditionis,
575 912 609 967 ut
634 908 786 983 Scriptura
810 906 994 981 impleretur;
1011 923 1095 982 opor·
1150 910 1248 965 autem
1264 922 1359 965 meam
1379 906 1536 981 suscepisti
1553 923 1610 964 me.
1622 928 1637 958 »
1652 908 1717 975 Qua
1737 910 1823 964 autem
1835 926 1923 983 mscep

266 988 347 1052 tabat
367 992 398 1053 in
424 994 524 1053 locum
555 995 649 1070 ipsius
677 996 829 1071 subrogari
856 995 950 1053 lilium
980 996 1095 1054 salutis.
1149 996 1191 1053 tio
1218 995 1422 1073 significatur?
1450 996 1524 1055 Nam
1551 1000 1580 1053 et
1607 985 1676 1052 alibi
1703 994 1857 1069 legimus:«
1876 998 1924 1054 Sus

265 1070 398 1142 uestium
430 1085 537 1161 accipe.
568 1084 746 1143 Resuscitsri
774 1103 816 1152 se,
835 1084 891 1143 boc
919 1088 974 1154 est,
990 1102 1097 1158 corpus
1150 1084 1253 1158 cepisti
1272 1102 1319 1142 me
1342 1102 1378 1142 ex
1406 1088 1490 1143 utero
1519 1083 1622 1141 matris
1650 1073 1924 1157 mee(l’sot.cmv1u,

268 1168 368 1242 s'u'um,
386 1170 481 1247 poscit
497 1190 504 1229 ε
520 1191 626 1248 eorpus
646 1178 746 1231 autem
762 1173 880 1243 Christi,
895 1174 1025 1231 Ecclesia
1039 1177 1095 1230 est.
1152 1174 1230 1245 lu).
1244 1173 1321 1247 Ergo
1337 1174 1406 1246 quia
1434 1172 1471 1231 ab
1500 1173 1581 1230 omni
1603 1170 1778 1229 concretione
1803 1175 1921 1247 gerasto·

267 1254 495 1332 aequicruris
515 1260 611 1335 figura
625 1266 688 1320 erat
713 1261 840 1318 inlidelis
856 1261 955 1336 populi
979 1260 1096 1317 iudeo·
1151 1262 1197 1318 nis
1212 1263 1269 1335 (35)
1284 1261 1419 1317 humane
1445 1262 1574 1317 mundus
1589 1264 1634 1317 est
1652 1264 1747 1325 natus,
1763 1259 1807 1332 qui
1828 1260 1854 1315 de
1872 1256 1921 1333 Spi-

270 1364 347 1417 rum,
364 1346 415 1423 qui
437 1350 562 1423 pecunia
576 1349 621 1407 vel
648 1348 729 1421 emit,
745 1350 788 1407 vel
804 1350 935 1406 vendidit
948 1350 1097 1407 Clvristum
1151 1348 1213 1423 pitu
1229 1354 1273 1406 cst
1288 1354 1376 1406 natus
1391 1349 1563 1422 etVirgine;
1579 1348 1642 1405 ideo
1655 1364 1721 1407 eum
1735 1347 1811 1403 Pater
1822 1347 1923 1420 susccpit,

268 1436 357 1509 (quod
373 1429 485 1494 iaciunt
499 1436 550 1511 qui
574 1435 670 1513 pluris
685 1439 797 1496 ducunt
822 1439 989 1512 pecuniam,
1006 1453 1098 1510 quam
1152 1438 1221 1511 quia
1235 1443 1332 1495 ortum
1348 1436 1429 1495 illius
1445 1437 1526 1494 nulla
1540 1454 1685 1511 corporee
1701 1436 1869 1509 generationis
1881 1452 1926 1491 eou-

268 1520 450 1599 religionem)
466 1542 517 1600 pro
538 1524 659 1583 interitu
686 1526 780 1600 plebis
806 1526 836 1583 iu
864 1528 920 1583 fido
935 1528 991 1599 (33)
1006 1526 1097 1600 signi·
1153 1529 1241 1583 cretio
1256 1528 1366 1583 usitata
1381 1527 1514 1584 fuscavit.
1531 1526 1667 1599 Suscepit
1681 1541 1746 1583 eum
1759 1528 1925 1599 resurgentem,

268 1614 337 1671 ilcat
361 1612 495 1672 Ecclesia
522 1616 578 1672 sibi
605 1613 729 1689 gratiam
757 1618 998 1672 resurrecturam.
1016 1614 1098 1671 Unde
1153 1617 1223 1690 quia
1256 1616 1336 1673 nulla
1364 1632 1430 1673 eum
1460 1614 1581 1673 ollensio
1612 1612 1799 1689 prolapsionis
1825 1613 1924 1687 aspersit.

270 1704 298 1759 et
314 1702 378 1777 ipsa
401 1704 471 1761 dicit
487 1703 517 1759 in
533 1704 710 1760 Canticis:«
728 1704 757 1761 Sl
786 1701 996 1760 suscitaveritis
1011 1706 1039 1759 et
1054 1718 1098 1759 re·
1154 1704 1365 1761 immaculatus
1388 1705 1424 1761 ad
1445 1704 1561 1762 Patrem
1582 1702 1680 1771 rediit,
1696 1719 1779 1777 aquo
1797 1700 1927 1759 immacula-

270 1792 483 1849 suscitaveritis
502 1788 675 1850 charitatem
691 1792 780 1865 (Cant.
799 1811 831 1861 11,
845 1794 890 1862 7);
907 1816 917 1843 ι
936 1808 1002 1849 eum
1019 1788 1098 1865 'que-
1154 1799 1203 1852 tus
1218 1794 1314 1860 exivit,
1331 1794 1449 1867 quando
1468 1792 1621 1851 descendit
1642 1792 1673 1849 in
1694 1796 1787 1849 terras.
1799 1786 1867 1847 Unde
1879 1789 1927 1845 dicit

270 1884 348 1937 reret
362 1880 397 1953 da
409 1872 577 1952 juvenculis
591 1880 751 1951 Christum,
770 1882 838 1954 quia
853 1881 987 1939 Christus
1003 1881 1097 1937 chari·
1153 1882 1179 1940 ei
1196 1882 1281 1939 Pater
1297 1900 1303 1938 :
1317 1905 1330 1931 u
1348 1882 1439 1939 Filius
1455 1898 1539 1939 meus
1556 1898 1587 1939 cs
1607 1884 1653 1949 tu,
1669 1896 1721 1954 ego
1740 1879 1816 1937 bodie
1834 1880 1928 1953 genuite

270 1972 317 2026 tas
330 1967 383 2027 es't.
1154 1972 1240 2045 (Psoi.
1269 1989 1301 2039 ιι,
1324 1971 1393 2042 7);»
1410 1970 1466 2028 boc
1495 1975 1551 2039 est,
1567 1970 1765 2043 generationis
1789 1984 1848 2025 men
1869 1968 1929 2023 inte

306 2053 352 2115 33.
369 2049 451 2123 Quod
467 2062 566 2117 autem
582 2058 623 2117 ait
639 2076 666 2116 τι(
680 2060 851 2119 Retribuam
866 2059 940 2130 illis;
954 2082 967 2111 »
983 2058 1038 2118 boc
1053 2059 1098 2116 in·
1154 2059 1338 2134 privilegium
1354 2074 1541 2133 recognosco,
1558 2067 1647 2133 quem
1664 2056 1743 2115 nulla
1756 2054 1850 2114 macula
1860 2054 1929 2127 potuit

271 2139 451 2223 telligimus,
480 2148 550 2222 quia
585 2144 716 2207 florentis
749 2149 883 2207 Ecclesia
913 2149 1100 2222 processibus
1154 2149 1308 2223 inquinare
1337 2148 1455 2221 peccati.
1472 2150 1551 2205 lnter
1582 2147 1750 2221 peccatores
1775 2149 1876 2203 versatu
1895 2159 1928 2210 es,

272 2224 483 2293 cruciabuntur
500 2254 507 2292 ε
524 2242 553 2294 et
567 2230 638 2295 tunc
659 2242 836 2311 cognoscent
850 2254 914 2311 que
936 2254 1021 2311 poena
1036 2253 1100 2310 per·
1155 2241 1274 2311 peccata
1289 2237 1422 2293 omnium
1433 2236 1601 2309 suscepisti,
1614 2241 1765 2309 peccatum
1777 2230 1930 2309 procursibus

274 2317 350 2378 ssdiie
364 2320 417 2395 sit;
433 2318 500 2379 cum
527 2323 705 2381 adverterint
720 2325 770 2397 qui
786 2324 854 2380 fidei
883 2324 924 2381 sit
951 2323 1100 2397 splendor,
1156 2326 1252 2382 iactus
1268 2340 1310 2393 es,
1327 2324 1516 2382 maledictum
1534 2342 1585 2398 pro
1601 2325 1740 2382 omnibus
1753 2324 1836 2379 iactus
1847 2337 1884 2387 es3
1895 2309 1929 2374 sed

274 2409 302 2467 et
316 2406 427 2485 g‘ratis'e.
443 2408 494 2467 Vel
519 2411 590 2485 quia
605 2412 700 2470 bonus
716 2410 861 2469 Dominus
876 2416 930 2482 est,
946 2411 996 2485 qui
1019 2415 1103 2485 pote·
1157 2413 1259 2472 nullus
1273 2430 1346 2471 usus
1361 2414 1457 2488 potuit
1471 2414 1508 2469 ad
1521 2417 1549 2470 te
1563 2413 1692 2471 transire
1714 2408 1822 2485 peccati.
1837 2410 1870 2465 lta
1880 2408 1931 2463 iuter

274 2492 320 2557 rat
332 2492 427 2556 dicere
444 2516 472 2559 z«
489 2496 702 2559 Retribuebant
731 2500 804 2559 mihi
831 2500 910 2557 mala
937 2517 991 2575 pro
1017 2500 1104 2558 bonis
1157 2508 1326 2577 peccatores
1340 2508 1474 2559 versatus
1490 2518 1532 2572 es,
1550 2491 1638 2575 quasi
1659 2502 1734 2559 inter
1752 2498 1854 2573 angelos
1865 2511 1931 2553 versa

275 2578 367 2667 (rsit,
381 2584 476 2667 xxxiv,
494 2580 548 2667 lt).
561 2610 575 2640 u
587 2588 623 2646 llt
637 2586 769 2648 medium
783 2590 905 2647 verbum
921 2594 966 2647 est
978 2588 1104 2648 retribu·
1159 2592 1242 2648 reris.
1260 2589 1365 2649 Fecisti
1389 2595 1498 2647 terram
1514 2591 1675 2664 essequod
1702 2587 1800 2647 celum
1824 2590 1870 2655 est;
1882 2586 1931 2641 utet

276 2676 379 2747 tionis,
392 2676 437 2733 vici
452 2675 483 2733 i'n
498 2676 586 2746 b'ono,
599 2678 643 2735 vel
670 2680 700 2735 in
727 2676 804 2736 malo
821 2697 827 2735 :
845 2678 1058 2735 retributurum
1073 2678 1103 2733 in
1159 2680 1200 2738 ibi
1230 2684 1382 2754 peecatum
1411 2680 1538 2737 tolleres.
1566 2678 1662 2737 Hodie
1689 2684 1717 2737 te
1742 2676 1829 2753 genui,
1850 2675 1873 2731 iu
1893 2688 1931 2744 qut

159 2816 164 2831 ,
199 2839 203 2847 ¹
276 2758 353 2825 borio
369 2764 434 2824 esse
450 2762 482 2824 se
498 2766 569 2825 dicit
586 2786 592 2825 :
609 2764 679 2841 quia
702 2768 759 2827 etsi
782 2767 941 2825 caecitasin
966 2767 1055 2825 lsrael
1071 2784 1106 2825 ex
1159 2768 1333 2842 complacui.
1351 2769 1481 2826 Probasti
1497 2774 1527 2825 te
1542 2767 1664 2837 Filium,
1675 2768 1726 2842 qui
1739 2764 1852 2839 implesti
1863 2761 1933 2819 iuon-

278 2860 361 2937 parte
376 2856 537 2931 continget,
552 2861 651 2914 tamen
666 2873 733 2913 cum
750 2857 902 2932 plenitudo
917 2857 1050 2931 gentium
1065 2856 1107 2913 in·
1160 2858 1249 2915 nibus
1269 2858 1365 2914 Patris
1388 2856 1577 2914 voluntatem.
1594 2856 1689 2914 llodie
1709 2860 1738 2913 te
1758 2852 1933 2929 genitum

277 2940 408 3025 traverit,
419 2947 490 3003 tunc
504 2942 602 3005 omnia
618 2944 707 3003 Israel
721 2944 829 3003 Christi
845 2945 1033 3004 miseratione
1048 2945 1106 3004 sal·
1159 2944 1469 3004 lucemimmaeuiate
1498 2945 1589 3019 prolis
1618 2941 1827 3019 agnoscalleri
1850 2936 1934 2995 mihist

278 3027 402 3093 vetitus.
1160 3032 1247 3092 bodie
1262 3034 1324 3107 ipse
1338 3051 1380 3103 es,
1396 3038 1426 3091 et
1439 3034 1469 3090 in
1485 3033 1639 3091 seculum.
1655 3034 1716 3092 Nox
1729 3033 1758 3089 in
1780 3035 1806 3089 ta
1824 3026 1934 3092 nullaest,

316 3120 361 3180 et.
379 3122 474 3197 (Vera.
487 3124 543 3199 12.)
556 3126 591 3182 bt
605 3126 739 3198 subiecit.
752 3148 767 3176 «
784 3126 816 3181 ln
832 3126 886 3183 hoc
902 3124 1021 3197 cognovi
1037 3141 1109 3196 quo·
1163 3124 1232 3197 quia
1245 3122 1325 3180 totus
1340 3140 1370 3181 es
1386 3123 1459 3182 dies.
1475 3124 1551 3181 Beue
1575 3117 1766 3181 confirmatus
1779 3120 1806 3177 in
1818 3118 1933 3189 conspectu

280 3211 360 3270 niam
376 3210 494 3271 voluisti
510 3230 572 3284 me;
589 3214 730 3286 quoniam
759 3230 817 3271 uon
845 3213 985 3286 gaudebit
1007 3212 1106 3269 inimi·
1124 3198 1145 3266 C
1161 3211 1255 3268 Patris
1272 3210 1379 3269 dicitur
1393 3210 1422 3267 in
1435 3217 1593 3280 aternum3
1610 3211 1685 3285 quia
1696 3208 1771 3285 apud
1781 3208 1934 3266 rutenae

281 3296 334 3359 cus
361 3298 445 3359 meus
473 3318 561 3375 super
582 3317 639 3359 me.
653 3324 668 3352 »ι
683 3302 825 3376 Superius
840 3302 876 3358 de
891 3301 1027 3375 passione
1053 3319 1109 3361 sua
1162 3318 1214 3377 par
1227 3306 1272 3360 est
1287 3319 1295 3359 ε
1310 3308 1340 3359 et
1353 3319 1418 3359 vere
1432 3303 1463 3358 in
1478 3305 1637 3375 conspectu
1654 3289 1731 3375 ejus,
1743 3300 1820 3372 quus
1835 3292 1935 3369 splendor

279 3388 399 3446 locutus
415 3393 459 3446 ast
475 3386 560 3461 quasi
574 3387 663 3445 bomo
680 3408 686 3447 :
702 3390 846 3462 hincjam
862 3392 955 3463 aperit
969 3393 1107 3463 mejesta·
1161 3396 1206 3449 est
1220 3390 1329 3464 glorie,
1346 3394 1375 3448 et
1395 3392 1492 3465 imago
1515 3390 1701 3448 substantia.
1717 3388 1772 3446 Sed
1790 3380 1934 3473 quemadue

280 3472 341 3533 tem
356 3486 452 3545 suem,
466 3474 545 3550 quod
560 3479 642 3537 solus
657 3478 730 3535 881
749 3479 813 3537 sinc
827 3484 956 3554 peceato,
967 3480 1049 3537 solus
1059 3480 1106 3537 cui
1161 3482 1233 3538 dum
1248 3480 1410 3554 complacet
1425 3480 1455 3536 in
1470 3479 1541 3537 Filio
1556 3479 1654 3547 Pater,
1670 3480 1711 3535 ita
1722 3481 1749 3537 et
1763 3474 1842 3534 Filius
1854 3466 1935 3527 benetr-

279 3568 416 3638 pe'ccator
440 3566 603 3641 inequitare
630 3583 687 3625 non
714 3569 809 3641 potuit
823 3569 891 3642 (ol),
912 3569 994 3626 solus
1018 3584 1106 3643 quam
1161 3568 1201 3626 cit
1215 3554 1934 3638 Patrem;Paterenimhonorificatl'ilium,etlilius

278 3653 365 3710 Peter
378 3658 411 3711 ut
425 3653 545 3712 unicum
559 3652 665 3713 Filium
680 3657 822 3715 dilexerit.
834 3658 895 3723 Oua
910 3659 1022 3715 ratione
1036 3674 1106 3732 crgo
1160 3658 1335 3715 honorificat
1349 3659 1475 3716 Patrem.

279 3740 491 3801 iuimicusnou
515 3749 560 3801 est
583 3742 700 3803 letatus
729 3763 819 3820 super
844 3747 1023 3814 eum‘lQuia
1051 3747 1106 3803 etsi
1195 3749 1239 3803 36.
1264 3769 1279 3799 «
1307 3746 1494 3815 Benedictus,
1524 3746 1635 3819 inquit,
1664 3745 1801 3803 Dominus
1830 3743 1888 3795 beas
1910 3731 1936 3787 ie

278 3831 401 3889 mortem
417 3834 548 3908 suscepit
566 3834 729 3907 prenobis,
759 3836 919 3893 resurrexit
947 3840 1062 3905 tamen;
1078 3841 1107 3893 et
1160 3836 1237 3906 rael;
1260 3859 1275 3887 r
1298 3836 1353 3894 boc
1382 3841 1437 3908 est,
1466 3833 1567 3910 populi
1594 3838 1689 3893 Deum
1716 3831 1839 3894 videntis,
1859 3821 1895 3896 qui
1914 3822 1936 3918 ⁶⁶

277 3918 340 3995 ipse
355 3918 508 3983 insultavit
522 3922 652 3993 inimico,
673 3926 719 3997 cuj
725 3942 759 3981 us
781 3925 934 3981 victoriam
949 3925 1104 3993 destruxit,
1159 3925 1318 3983 Dominum
1334 3943 1422 3983 suum
1437 3929 1466 3982 et
1482 3930 1574 4005 Deum
1596 3924 1692 3982 credit
1706 3941 1713 3981 :
1726 3946 1739 3974 n
1755 3925 1776 3977 Α
1790 3914 1872 3979 seculo
1884 3914 1937 3965 elin

278 4014 307 4069 et
321 4006 456 4068 eculeum
471 4012 575 4069 mortis
596 4010 722 4085 infregit.
740 4013 773 4067 ut
788 4030 851 4081 nos,
863 4012 935 4070 licet
954 4014 984 4069 in
1000 4012 1105 4071 saeculo
1160 4014 1299 4071 seculum
1316 4032 1323 4071 z
1340 4016 1401 4083 fiat,
1424 4015 1485 4071 ilat.
1499 4037 1513 4064 »
1529 4014 1605 4071 88²
1632 4014 1666 4071 ln
1693 4012 1806 4069 Hebreo
1830 4003 1936 4061 tantur:

280 4096 377 4158 mms'ti
402 4096 612 4174 sidonemque
634 4100 665 4159 in
689 4117 811 4159 macrore
836 4107 935 4160 nostro
950 4105 979 4159 et
996 4102 1106 4159 contri·
1161 4125 1175 4154 e
1197 4105 1301 4171 Amen,
1328 4119 1415 4159 amen
1437 4119 1444 4158 ε
1467 4125 1481 4152 v
1496 4107 1530 4159 ut
1563 4103 1765 4168 asseruerunt,
1791 4095 1833 4169 qui
1858 4088 1936 4145 lihfflffl

275 4181 355 4247 tione
370 4174 467 4248 cordis
482 4187 634 4263 animique
650 4191 743 4248 nostri
759 4191 873 4248 latetur
887 4191 1045 4248 inimicus:
1061 4196 1106 4248 ta·
1159 4191 1293 4265 legerunt
1318 4190 1349 4248 in
1375 4191 1525 4249 Hebraicis
1553 4190 1661 4249 litteris
1691 4189 1831 4261 scriptum.
1851 4178 1939 4270 ὂψ*

275 4292 343 4335 men
358 4276 546 4353 resurgentes
568 4281 633 4353 ejus
657 4280 799 4353 gaudium
814 4279 1007 4336 destruimus.
1022 4280 1105 4337 Unde
1159 4281 1214 4337 hoc
1242 4280 1306 4337 loco
1329 4288 1435 4349 revees,
1462 4289 1557 4353 γίνοιτο
1573 4279 1668 4350 dixit;
1698 4278 1774 4353 quod
1795 4276 1831 4331 est
1855 4284 1860 4321 ἰ
1882 4262 1939 4318 Μ

278 4367 307 4420 et
321 4364 457 4424 Micheas
479 4366 553 4425 dixit
566 4386 596 4424 :a
613 4368 677 4425 Noli
704 4385 793 4442 super
821 4386 868 4427 me
894 4370 1032 4442 gaudere,
1049 4368 1105 4426 ini·
1160 4370 1222 4427 ilat.
1237 4370 1319 4437 Quod
1335 4370 1457 4426 verbum
1484 4370 1616 4428 diversas
1643 4349 1939 4449 significationcsbsbvt

281 4451 357 4509 mica
372 4470 447 4523 mea,
459 4456 644 4527 quiacecidi;
661 4448 712 4513 sed
728 4473 880 4531 resurgam
891 4458 1104 4531 (ilict.vu‚8).»
1159 4464 1193 4515 ut
1213 4458 1251 4517 sit
1274 4458 1422 4516 interdum
1448 4458 1634 4532 imperantis,
1650 4456 1795 4515 interdum
1819 4443 1936 4522 prtem*

279 4542 465 4599 Resurrectio
480 4547 525 4599 est
547 4560 615 4618 ergo
630 4545 700 4617 quia
722 4545 833 4603 inimici
861 4546 961 4603 omnia
987 4546 1306 4636 vinculaDinterdum
1339 4547 1542 4605 confirmantis
1573 4546 1698 4621 aliquid.
1727 4532 1881 4614 Imperantis
1901 4527 1938 4584 eti

278 4631 442 4700 solvuntur,
458 4632 627 4705 triumphus
643 4634 740 4691 omnis
755 4636 898 4692 aboletur.
1158 4654 1225 4693 cnm
1240 4636 1375 4709 superior
1389 4634 1520 4692 inferiori
1534 4635 1640 4691 statuit
1663 4632 1735 4706 quid
1757 4622 1898 4685 iaciendum
1908 4614 1939 4709 ill

311 4722 356 4777 35.
374 4718 467 4795 (Va'rs.
487 4720 530 4789 13,
547 4720 602 4795 lt.)
617 4723 774 4795 Sequitur:
790 4744 803 4778 a
822 4724 941 4797 Propter
963 4726 1102 4783 innocen·
1156 4725 1200 4782 vel
1213 4725 1396 4797 sequendum
1414 4741 1420 4779 :
1435 4724 1583 4796 precantis
1606 4726 1663 4793 est,
1679 4722 1756 4779 sicut
1777 4712 1842 4773 illud
1856 4726 1862 4765 ε
1874 4727 1886 4757 «
1897 4700 1940 4795 Fi}

275 4812 349 4868 tiam
371 4814 469 4869 autem
493 4828 589 4869 meam
613 4812 768 4887 suscepisti
792 4830 838 4870 me
856 4831 862 4869 ι
879 4818 907 4871 ct
921 4815 1104 4887 confirmasti
1156 4813 1359 4872 voluntaatua
1379 4813 1722 4885 (dorrt.v1,10);»n0n
1745 4803 1818 4864 enim
1838 4798 1940 4893 Deitffl'

279 4916 326 4958 me
354 4901 385 4958 iu
415 4902 574 4976 conspectu
607 4906 657 4959 tuo
690 4901 719 4957 iu
752 4906 904 4959 eternum.
929 4904 1104 4961 Benedictus
1158 4897 1293 4977 imperat,
1323 4903 1373 4958 sed
1405 4918 1521 4975 precem
1551 4900 1674 4957 lundit:
1697 4877 1938 4955 continuasset

309 5072 367 5163 (33)
383 5080 425 5138 lta
439 5079 511 5140 msa.
528 5082 658 5156 quinque
672 5080 757 5148 uait,
775 5080 826 5137 ubi
851 5082 933 5148 torte,
954 5081 1015 5137 loen
1037 5082 1097 5153 pte·
1158 5084 1227 5139 edit.
1244 5081 1420 5155 incorpore,
1436 5081 1572 5137 ucetiam
1594 5080 1692 5143 Rom..
1706 5069 1832 5158 calcasti
1847 5062 1938 5137 ΡΜ

275 5155 317 5219 tis
347 5156 379 5210 in
404 5154 468 5229 fide,
490 5153 647 5227 legandum
675 5154 762 5225 pletis
791 5152 898 5223 infide:
927 5152 993 5209 licet
1021 5154 1102 5225 prior
1159 5155 1306 5219 tussitare,
1321 5159 1376 5209 etc.
1390 5154 1445 5210 Sed
1466 5152 1565 5225 aptius
1589 5152 1626 5209 ad
1649 5139 1935 5222 dispensarunt·

273 5221 360 5291 lectio
380 5241 501 5283 sensum
527 5226 654 5307 prebeat
680 5224 801 5281 minime
826 5223 1028 5296 rejiciendum.
1045 5223 1101 5279 Alii
1159 5227 1293 5282 stitutum
1305 5224 1411 5297 reliqui
1426 5240 1507 5281 mss.
1521 5267 1527 5279 .
1543 5266 1571 5279 ..
1587 5222 1741 5306 inequitare
1752 5230 1804 5273 sos
1813 5207 1895 5283 gviiii·
1925 5206 1935 5244 ⁶

274 5310 340 5358 vero
357 5296 678 5355 mss.eted1t.vet.ln
702 5312 807 5368 marg,
822 5312 871 5367 pro
886 5296 1000 5352 interitu
1014 5296 1102 5367 pletis
1160 5301 1257 5354 nutem
1272 5294 1366 5352 obiter
1389 5296 1519 5358 observa,
1538 5295 1616 5367 quod
1634 5308 1700 5366 pam
1718 5301 1804 5371 supra
1825 5276 1925 5344 tdi⁰⁶⁸⁶3
1989 5251 1990 5336 l

273 5372 303 5427 in
358 5368 393 5423 lis
420 5368 560 5439 siprificut
588 5368 736 5423 Ecclesium
764 5368 820 5423 siti
847 5370 955 5438 protom
981 5366 1101 5439 (eaedem
1159 5384 1239 5439 mus,
1259 5367 1409 5425 diabolum
1438 5367 1475 5424 ab
1502 5364 1655 5423 Ambrosio
1683 5374 1790 5435 passim
1816 5347 1933 5425 pecatore

274 5444 342 5499 eit.
359 5442 487 5495 sellom.
504 5442 681 5513 incorpore,
698 5437 891 5494 Ecclesiastbi
911 5440 1103 5509 pretiumve·
1160 5438 1514 5567 nuncupflatioussignari.
1616 5510 1621 5520 ⁵
1756 5503 1761 5514 .
1910 5479 1914 5490 .
1988 5511 1989 5516 η

274 5518 470 5571 surrecturam.
1195 5511 1252 5584 (35)
1297 5527 1338 5569 ss.
1353 5509 1475 5585 aliquot,
1489 5510 1525 5567 ab
1544 5525 1620 5569 omns
1639 5490 1932 5580 wmptwaevffl
1988 5539 1989 5542 =

308 5578 680 5653 (at)liss.Vict.etColb.
704 5586 791 5653 atque
815 5580 958 5641 editvet.
976 5579 1100 5637 inmar·
1159 5584 1287 5655 eiecto.
1434 5603 1439 5611 ¹
1988 5587 1989 5640 ἓ

273 5654 351 5745 gine,
366 5649 439 5709 sotus
454 5651 501 5727 qvi
513 5660 620 5725 peceato
637 5652 782 5729 inquinari
795 5668 850 5715 eoa
862 5655 964 5729 potvit.
982 5652 1098 5713 dedam
