4159 6184
259 165 323 227 ’444
990 166 1022 227 4.
1047 164 1234 227 4444444444
1882 182 1928 245 tio

263 315 330 370 quo,
346 302 374 353 44
399 302 533 353 sanctum
559 298 685 355 adorans
700 298 853 370 Spiritum,
875 302 899 353 et
920 299 1082 369 nirijostiitis
1099 300 1123 364 ,4
1139 304 1185 352 tiis
1212 298 1306 370 pudor
1329 311 1393 354 esse
1421 298 1526 355 debeat
1554 296 1739 367 laminarum,
1773 319 1806 359 ne
1831 315 1927 377 procaci

262 386 372 442 unitate
393 385 609 453 concelebrans,
636 402 884 459 personarumque
906 386 1083 459 proprietate
1137 402 1260 442 occursu
1286 386 1435 459 hospitum
1460 388 1490 443 in
1520 404 1551 444 se
1572 386 1674 445 oculos
1697 388 1842 460 inflectant,
1861 398 1928 457 snlva

261 474 456 547 distinguens,
479 475 532 531 buo
549 476 730 532 devotionem
745 478 827 531 tuam
844 475 910 531 ildei
924 475 1083 531 assertione
1137 474 1310 531 verecundia
1322 475 1518 531 ministerium
1535 493 1623 532 suum
1637 484 1792 534 exerceant.
1807 482 1932 543 Abrabam

260 578 430 637 consperge.
1137 579 1253 635 quoque
1269 563 1390 620 auribus
1406 564 1466 621 tuis
1479 565 1586 638 ingerit
1601 565 1630 620 in
1649 566 1827 625 tabernaculo
1843 572 1930 631 Sarum

1137 651 1251 723 degero,
1268 656 1301 707 ot
1315 652 1413 707 discas
1429 652 1499 725 quid
1515 653 1552 709 ab
1568 669 1656 708 uxore
1671 652 1775 726 exigas.
1791 656 1934 717 Proiectio-

295 698 340 753 ³9⁰
357 696 668 769 Munenimssuginem
682 698 794 767 ffifflt'
811 698 865 754 h⁰⁰
876 702 930 765 θεῖ’
946 698 1084 754 interim
1138 754 1168 793 re
1183 744 1265 793 atate
1276 739 1339 810 jum
1350 739 1422 794 Sam
1429 739 1587 809 juvenilem
1603 739 1730 795 custodit
1741 744 1933 815 verecundiam,

260 784 401 859 spiritalis
425 786 563 842 frumenti
584 784 627 839 vel
651 785 1081 860 graniilliusdequodictum
1136 826 1202 882 ideo
1235 827 1378 883 Dominus
1410 828 1568 900 spopondit
1598 828 1624 883 ei
1657 828 1759 884 filium·
1789 832 1936 904 mmmm,

261 879 316 943 est,
335 874 412 946 quod
428 874 484 929 nisi
499 873 529 928 iii
546 877 653 929 terram
666 873 813 940 ceciderit,
829 874 942 930 nullum
955 874 1082 930 fructum
1138 915 1244 986 imvm,
1266 916 1344 973 sm
1362 917 1424 986 fim-
1438 917 1587 973 mult-ebria
1602 917 1694 989 (m,
1714 917 1767 989 Η).
1787 920 1846 975 Non
1860 924 1937 980 otiose

261 962 469 1062 ssff⁰f⁸t3U¹¹d⁰
484 967 513 1019 θῑ
523 964 697 1061 lffimiwd't
712 965 804 1063 {llam}
814 964 971 1063 D⁰¹¹¹¹⁰¹⁰ae1
986 982 1082 1020 resur*
1137 1003 1283 1072 additum,
1299 1022 1335 1059 ne
1360 1010 1479 1077 putares
1495 1006 1625 1061 leminea
1641 1005 1736 1061 adhuc
1752 1007 1936 1078 possibilitatis

259 1059 397 1106 rectionis
412 1056 595 1121 mysterium,
612 1056 641 1106 ct
656 1053 802 1108 festinavit
822 1070 878 1107 non
894 1069 1003 1123 passim
1020 1070 1082 1107 oni-
1136 1092 1239 1157 fuisse,
1257 1096 1289 1147 ut
1304 1098 1428 1165 ΨΜ(

261 1138 358 1205 nibus,
375 1138 426 1194 sed
450 1138 522 1195 solis
538 1144 621 1195 Petro
636 1145 664 1195 ct
682 1139 810 1195 lobanni
837 1142 972 1196 intimare
994 1158 1082 1197 sacra

341 1227 346 1238 ,
466 1226 471 1237 ,
566 1227 582 1239 ,,
1172 1182 1624 1252 tt.tttsitaiiiemsoro(1ti·t.,
1653 1182 1705 1253 46).
1722 1184 1800 1247 Quod
1814 1183 1937 1243 indicium

260 1227 364 1327 sinum
388 1233 536 1283 numum'
550 1228 601 1282 W
615 1229 803 1327 currum.
821 1230 856 1284 ad
872 1230 968 1326 ΜΨ
986 1233 1085 1329 ,sum
1138 1269 1228 1323 sutori
1246 1270 1351 1342 magis,
1376 1287 1465 1342 qnam
1489 1270 1704 1326 incredulitatis
1726 1272 1856 1328 arbitror.
1877 1274 1943 1332 liisit

261 1314 397 1383 vitulum,
413 1320 441 1372 et
457 1321 674 1371 sacramentum
690 1316 847 1372 Dominicis
863 1334 1009 1388 passionis
1025 1321 1083 1373 444-

260 1404 353 1460 tinato
369 1403 494 1476 impiger
508 1404 617 1471 studio,
635 1421 692 1460 uon
708 1405 785 1459 lento
801 1406 858 1461 otio
879 1408 1020 1461 remissus
1035 1423 1082 1461 nc·
1137 1374 1226 1456 emm?
1249 1356 1317 1413 hm
1341 1358 1436 1477 ffdhqc
1470 1375 1604 1415 ”mem
1629 1360 1703 1459 ,ΨΜ
1731 1361 1846 1461 ”dffet’
1875 1365 1943 1435 ΨΜ

262 1495 359 1566 cipiet,
376 1494 472 1549 tradat
485 1492 556 1547 illud
583 1508 673 1564 puero
700 1494 748 1563 qui
765 1494 961 1549 innocentiam
977 1498 1082 1549 tenera
1137 1447 1285 1517 mmmm
1310 1452 1387 1503 ΘΜ
1410 1464 1441 1502 ¹¹¹
1475 1448 1554 1503 Isaac
1574 1454 1705 1520 mmmm
1727 1447 1863 1506 mmm·
1886 1452 1943 1507 ¹⁶⁰⁰

261 1589 355 1639 servet
370 1582 472 1647 atatis,
490 1580 589 1637 dolum
606 1580 726 1647 nesciat,
754 1581 871 1637 referire
887 1599 944 1637 non
961 1583 1081 1649 noverit,
1138 1540 1253 1605 ”egam
1266 1552 1295 1589 se
1311 1552 1422 1601 Μεθ’
1439 1552 1509 1607 qum
1530 1541 1696 1609 mmmm:
1720 1536 1783 1594 “¹³⁰
1797 1544 1868 1606 Μ’
1883 1556 1943 1612 qum

262 1670 421 1743 incorrupti
435 1670 564 1742 corporis
580 1669 784 1725 castimoniam
801 1670 955 1726 custodiat.
972 1671 1012 1725 Dc
1028 1687 1085 1742 quo
1102 1623 1331 1727 Bpmphemvn'
1417 1712 1492 1771 m
1513 1713 1630 1769 CAPUT
1651 1714 1698 1768 VJ·

262 1761 303 1815 444
315 1760 456 1815 Dominus
470 1759 577 1813 lesos:
594 1758 654 1813 lli-'si'
666 1760 788 1813 eoriiarsi'
802 1760 924 1829 (4444444,
941 1764 966 1814 44
982 1760 1086 1831 4444444-
1141 1802 1316 1856 sommum
1341 1802 1481 1856 excidium
1504 1801 1622 1859 Abram
1641 1803 1805 1873 mmmm
1827 1805 1947 1877 mmm·

261 1850 333 1904 miru'
346 1850 416 1903 44444
429 1863 499 1919 puer
514 1849 572 1914 iste,
598 1862 653 1901 uois
676 1848 817 1915 intrabitis
835 1850 864 1902 in
880 1864 992 1917 reputem
1006 1849 1086 1902 44444-
1176 1884 1272 1943 ‘²'th
1296 1874 1390 1927 ,pm-,m
1410 1875 1441 1927 m
1464 1874 1614 1929 ,operandis
1647 1848 1813 1930 mmm
1828 1892 1948 1947 „cmg

262 1954 324 1993 rum
339 1936 442 2005 (444444.
459 1951 538 2005 xviii,
554 1938 591 2005 3).
608 1934 680 1989 lluic
697 1952 784 2006 puero
800 1940 828 1991 et
852 1936 999 1992 similibus
1022 1938 1086 2007 ejus
1178 1947 1212 1997 tis·
1224 1944 1417 1998 4444444444
1431 1952 1457 1999 44
1473 1945 1606 1999 condonas
1635 1946 1850 2016 isindutpeuti'o.
1865 1948 1949 2014 444444

261 2027 350 2081 etiam
366 2030 485 2081 sanctus
506 2023 595 2098 David
612 2023 714 2077 (4444444
740 2023 916 2079 laudationis
935 2023 1087 2097 dispensat
1177 2032 1285 2085 vespere
1300 2016 1474 2069 ‹iili'criiurilcs
1497 2016 1569 2087 opud
1583 2017 1632 2071 Lot
1646 2014 1830 2089 hospitentur.
1845 2020 1950 2073 44444444

262 2115 402 2179 cilicium,
427 2113 545 2168 diociis:
571 2112 700 2179 44444444,
713 2113 807 2183 pueri,
833 2114 979 2170 Dominum
998 2116 1084 2185 (Psoi.
1175 2086 1951 2230 ῗξξὶξῖαὑὶἓάῗέἧξῧὶΐηωῖᾞβέἒῖἰῖανξξὲἑξῗηώξξιὲ

262 2220 328 2269 011¹,
345 2204 381 2273 l).
1175 2244 1241 2298 quos
1254 2229 1348 2295 capeti
1365 2230 1485 2282 44444444
1507 2232 1675 2299 percutiunt.
1704 2232 1780 2286 idem
1794 2232 1842 2286 Lot
1859 2232 1951 2299 perimis

298 2333 414 2389 40.Nec
442 2332 514 2388 illud
532 2334 669 2399 otiosum,
698 2333 773 2404 quod
791 2334 920 2388 cucurrit
936 2334 968 2387 ad
986 2334 1084 2402 boves,
1175 2297 1953 2445 ᾗῒὲἶᾶἕ’ἔῇᾚᾷξῖῧῇῙῖΖῖΖῖῗᾳῖἒῖἳῇπέῗξῖἔξέἷ

263 2429 395 2479 40444441ῐῦ
410 2421 534 2477 limum
551 2426 578 2476 el
598 2422 707 2477 b⁰¹¹¹¹⁰¹
728 2422 865 2494 sumpsit,
884 2426 913 2476 li
928 2438 994 2477 cum
1012 2422 1085 2478 ¹³ch
1176 2442 1308 2495 44444444
1333 2441 1441 2495 eternum
1465 2438 1594 2511 filiorum
1614 2459 1678 2497 rum
1712 2448 1828 2515 parente
1854 2444 1953 2505 4444444,

262 2511 406 2585 apposuit.
421 2510 552 2581 Denique
564 2515 592 2564 et
616 2510 645 2564 in
661 2510 757 2565 Exodo
768 2526 834 2565 oiim
847 2510 955 2581 pascha
970 2509 1086 2565 Domini
1176 2514 1316 2565 4444444444
1332 2514 1406 2565 ritulo
1420 2512 1621 2567 ‹tescrtburilue

262 2599 624 2669 declararet,aitltloyses:
642 2598 939 2668 Apuiissi'nemuciilu,
956 2598 1084 2666 muudus,
1177 2602 1220 2654 44.
1263 2602 1444 2670 Eaiurpeates
1484 2611 1575 2655 autem
1616 2602 1675 2656 viri
1708 2605 1904 2675 conspexerunt
1931 2602 1955 2653 iri

260 2695 470 2753 consummatus,
502 2686 660 2752 4444444444,
695 2686 830 2741 musculus
865 2688 918 2742 4444
951 2686 1025 2743 44444
1053 2687 1086 2742 ot
1140 2690 1240 2759 [444444
1273 2688 1396 2744 Scotorum
1428 2698 1453 2744 44
1483 2691 1638 2746 Gomorrha
1672 2691 1768 2761 (44444,
1802 2691 1857 2759 444).
1889 2689 1958 2744 Sicut

262 2778 356 2833 444444
370 2784 395 2832 44
409 2776 493 2831 boedi's
509 2776 575 2846 (44).
593 2775 749 2830 8444444444
765 2774 898 2842 occidetis,
915 2774 1020 2845 inquit,
1048 2776 1085 2829 tt·
1141 2776 1269 2831 visitatio
1295 2776 1411 2831 Domini
1436 2777 1609 2834 timentibus
1634 2778 1804 2846 exhibetur,
1828 2779 1868 2833 ita
1881 2776 1958 2832 etiam

263 2866 321 2920 tum
343 2866 399 2919 toto
422 2862 568 2919 multitudo
590 2878 734 2935 spnnpopa’
760 2863 795 2917 od
823 2879 963 2934 uesperum
988 2862 1084 2934 (444444.
1141 2865 1241 2937 impiis
1255 2880 1341 2935 poena
1356 2865 1464 2937 peccati
1494 2867 1654 2937 reponitur.
1677 2867 1831 2924 Abrabam
1846 2866 1956 2921 dedoce-

261 2970 311 3020 iiii,
326 2954 352 3019 5,
369 2954 407 3023 d).
433 2952 513 3007 Unde
540 2956 569 3008 et
588 2950 635 3006 bio
662 2951 798 3007 meridies
820 2968 883 3007 osso
899 2952 1085 3018 describitur,
1142 2952 1193 3007 bat
1207 2952 1386 3025 hospitesad
1399 2954 1593 3010 humanitatis
1607 2955 1739 3027 gratiam
1753 2952 1958 3011 addebatobse·

263 3042 380 3115 qnando
400 3040 545 3096 Abrabam
560 3040 682 3096 Domino
695 3040 778 3095 ollcrt
792 3040 963 3112 hospitium.
977 3039 1032 3096 Sed
1050 3041 1085 3095 ad
1101 3022 1123 3088 C
1143 3040 1296 3113 quia.Nam
1312 3041 1467 3097 Sodomita
1483 3057 1534 3113 pro
1545 3042 1663 3113 pictatis
1676 3042 1785 3100 ciliciis
1795 3039 1960 3115 impuritatis

263 3144 376 3187 coenam
392 3128 500 3185 vitulus
515 3127 695 3194 immolatur,
712 3132 821 3184 etcum
839 3129 911 3184 lacte
927 3129 1085 3183 manduca·
1143 3130 1288 3201 angebant
1303 3130 1422 3202 llagttio.

263 3217 748 3295 tur,bccest,lnoninsunguinc‚
773 3216 989 3272 sedoumlldei
1006 3216 1086 3289 puri-
1178 3220 1221 3273 45.
1238 3219 1294 3275 Non
1323 3219 1424 3284 444444,
1453 3218 1560 3291 inquit,
1583 3220 1727 3275 Abrohom
1750 3231 1962 3293 patremmeum

229 3302 233 3309 ’
265 3311 334 3366 tate.
361 3307 459 3363 Bonus
485 3306 603 3373 vitulus,
628 3310 728 3377 utpote
752 3306 801 3378 qiii
818 3304 1084 3377 peccatadilueret.
1141 3322 1203 3378 quia
1232 3322 1280 3376 epo
1308 3309 1410 3379 surium
1438 3307 1519 3377 (4444.
1543 3308 1597 3378 47).
1625 3308 1739 3365 Senilis
1764 3304 1962 3381 utiqneatatis

266 3398 369 3461 Tener,
396 3395 464 3467 quia
488 3409 546 3450 uon
568 3395 640 3450 dura
665 3394 785 3463 cervice,
802 3395 852 3449 sed
880 3392 959 3449 molli
977 3396 1085 3467 jugum
1130 3395 1289 3451 =abraham
1305 3396 1334 3449 in
1350 3395 1552 3467 superioribus
1567 3396 1726 3469 Scriptura
1750 3397 1887 3470 signarit,
1903 3392 1965 3465 quia

264 3485 337 3559 legis
357 3484 483 3558 agnovit,
500 3482 595 3538 crucis
617 3481 783 3554 patibulum
806 3498 864 3537 non
880 3483 1032 3538 recusavit.
1051 3484 1086 3537 itt
1141 3483 1301 3554 nonaginta
1313 3486 1342 3538 44
1364 3500 1467 3538 novem
1483 3483 1680 3555 processisset
1693 3502 1812 3541 annos:
1829 3480 1963 3556 quomodo

264 3574 368 3631 merito
383 3578 473 3639 tener,
490 3572 525 3629 de
540 3572 624 3643 cujus
640 3571 734 3643 capite
750 3579 777 3627 44
789 3570 911 3643 pedibus
922 3576 950 3627 et
961 3570 1085 3627 internis
1140 3572 1218 3627 bunc
1233 3588 1356 3643 puerum
1373 3571 1467 3626 nictit
1482 3572 1538 3627 Sed
1560 3588 1626 3627 rum
1655 3573 1869 3629 immemorem
1891 3586 1964 3626 sene·

264 3662 338 3721 uibil
362 3662 492 3718 relictum
519 3666 572 3717 est.
589 3665 617 3717 44
632 3678 665 3717 os
682 3678 739 3715 non
754 3666 800 3716 est
813 3662 970 3717 contritum
987 3661 1023 3715 ab
1039 3675 1083 3724 co,
1139 3660 1238 3726 etatis,
1255 3660 1466 3731 exploratorem
1482 3659 1678 3731 indefessum,
1693 3680 1787 3719 cursu
1804 3661 1964 3733 impigrum,

262 3752 312 3808 sed
332 3755 410 3808 totus
425 3750 607 3823 epulantium
624 3751 688 3805 cibo
699 3749 797 3803 cessit.
815 3749 913 3803 Talem
929 3748 1014 3804 uobis
1030 3749 1083 3804 Lc-
1139 3748 1234 3803 standi
1252 3748 1511 3820 patientissimum,
1533 3749 1701 3808 deducendi
1718 3749 1966 3808 studiosissimum

260 3841 305 3914 gis
318 3840 454 3913 figuravit
464 3839 578 3906 umbra,
591 3837 677 3893 talem
688 3838 793 3892 veritas
804 3836 951 3909 Evangelii
962 3836 1083 3893 demon·
1138 3836 1321 3908 expresserit,
1337 3852 1433 3891 nonne
1448 3838 1601 3893 convenire
1615 3854 1729 3895 nomen
1758 3840 1843 3911 pueri
1862 3838 1966 3892 ridetur

260 3930 363 3985 stravit
375 3930 464 3998 (4444.
481 3944 538 3997 xix,
554 3927 609 3991 36).
1137 3925 1267 3980 olticiis‘t
1291 3924 1391 3980 Merito
1416 3942 1489 3997 puer
1508 3924 1626 3993 dieitur,
1642 3928 1698 4000 qui
1716 3927 1813 3985 senile
1827 3922 1967 3982 nesciebat

1137 4013 1298 4083 fastidium,
1310 4012 1439 4085 pueritiae
1449 4014 1647 4070 innocentiam
1660 4015 1688 4071 ei
1700 4016 1881 4089 obsequium
1896 4012 1966 4069 dele·

293 4066 337 4121 Η·
358 4062 599 4128 manducavermn’
625 4060 730 4130 inqust'
758 4061 829 4116 ’.ἰηῖ
861 4058 998 4115 Abraham
1031 4076 1081 4115 Μ’
1137 4103 1230 4157 rebat.
1247 4102 1339 4158 Datur
1361 4101 1460 4173 itaquo
1480 4103 1562 4172 josto
1587 4103 1811 4159 benedictionis
1825 4102 1927 4177 gratis,
1941 4100 1965 4153 44

258 4164 313 4211 tem
335 4154 424 4209 444444
447 4150 497 4207 444
519 4152 617 4206 arbore
642 4148 717 4219 (Gen.
734 4166 812 4215 rivin,
839 4150 876 4219 8).
897 4148 1082 4204 advertimus

258 4240 433 4299 humilitatis
445 4240 573 4296 cilicium
584 4238 788 4293 commendare
801 4236 996 4293 humilitatem
1012 4238 1080 4309 (45).
1137 4194 1316 4263 mmmm
1336 4190 1501 4247 haemdstas‘
1776 4282 1782 4293 ,

259 4330 407 4387 Abrabam
424 4329 530 4397 stabat,
546 4331 575 4383 44
586 4332 616 4382 tii
628 4326 753 4399 primam
765 4325 956 4382 accubitionis
967 4330 1081 4398 partem
1137 4368 1142 4378 .
1171 4280 1215 4334 ἅδ’
1232 4280 1349 4335 Offensa
1359 4284 1456 4334 autem
1469 4284 1657 4351 mmmmm
1669 4287 1846 4354 ⁰¹p⁰¹¹¹t¹¹²
1855 4280 1965 4340 Clamm'

1097 4387 1119 4450 D
1137 4368 1241 4439 inquit,
1258 4367 1435 4423 Sodomorum
1450 4372 1475 4424 et
1491 4367 1649 4427 Gomorrae
1670 4372 1809 4442 impletus
1840 4374 1882 4425 est
1896 4364 1966 4439 (4444.

1132 4458 1188 4529 28).
1205 4458 1310 4530 Magna
1326 4456 1439 4512 Domini
1451 4457 1601 4529 patientia,
1618 4463 1652 4514 ut
1668 4476 1733 4515 non
1750 4460 1857 4516 statim
1872 4470 1965 4531 pecca·

1133 4550 1225 4602 torem
1237 4544 1350 4618 puniat,
1360 4546 1410 4600 sed
1421 4545 1472 4601 diu
1482 4546 1606 4615 diflerat,
1617 4554 1806 4620 exspectans
1819 4544 1968 4605 eorrectio·

294 4637 338 4692 42.
354 4637 535 4691 4444444444
550 4634 584 4689 od
600 4635 700 4690 illum:
726 4635 776 4691 lllii
790 4642 828 4691 444
843 4634 911 4689 Suro
927 4637 1080 4691 44444444
1132 4649 1220 4690 nem:
1250 4650 1303 4689 occ
1335 4638 1553 4690 commoveatur
1585 4634 1621 4690 ad
1655 4635 1883 4703 ulciscendum,
1917 4628 1967 4687 nisi

257 4728 311 4797 Qut
324 4725 501 4799 responditet
515 4724 607 4780 amit:
621 4725 683 4779 Ecce
698 4726 726 4779 44
742 4723 917 4779 tabernaculo
931 4722 1022 4791 (44444,
1037 4721 1078 4794 9).
1133 4727 1267 4795 peccator
1289 4738 1460 4779 mensuram
1483 4725 1610 4779 excedet.
1637 4724 1729 4781 Unde
1765 4731 1798 4782 et
1833 4723 1969 4782 Dominus

255 4815 405 4888 Numquid
427 4814 580 4887 ignorabat
599 4812 741 4869 Dominus
756 4813 806 4884 qui
822 4813 850 4866 in
867 4810 1078 4883 posterioribus
1131 4812 1218 4868 lesus
1243 4812 1273 4867 in
1298 4810 1452 4884 Evangelio
1467 4813 1504 4868 ad
1531 4812 1650 4869 Judaos
1667 4813 1733 4869 ait:
1756 4814 1876 4886 implete
1897 4826 1968 4866 mm·

255 4907 448 4963 Sodomorum
479 4904 577 4959 lutura
602 4902 714 4959 excidia
737 4900 899 4967 denuntiat,
934 4900 983 4955 ubi
1006 4906 1077 4956 Sara
1131 4900 1633 4972 surompotruimoestrommfflottli.
1652 4903 1822 4974 xxiii,32).

196 5019 204 5034 ·
255 4996 354 5053 esset?
368 4996 429 5051 Non
442 4993 609 5067 ignoribal:
626 4992 676 5046 scil
693 4992 794 5046 dooere
811 5006 862 5044 iios
879 4990 976 5055 voluit,
988 5006 1078 5061 quan·
1172 4991 1211 5043 i7.
1228 4986 1392 5044 4444444444
1403 4990 1504 5061 itaque,
1520 4996 1549 5044 44
1568 4988 1680 5045 uideam
1695 4991 1857 5047 4444444444
1875 4988 1970 5043 clamo·

260 4433 395 4489 occupas.
411 4416 542 4487 Denique
556 4432 590 4471 ea
607 4413 758 4469 humilitas
774 4414 1030 4486 invenitgratiam,
1048 4418 1080 4469 ut

259 4505 476 4579 promitteretur
490 4504 515 4559 ei
531 4503 620 4559 lilius.

254 5120 283 5173 in
300 5122 447 5183 contextu,
464 5116 592 5189 exceptis
607 5114 731 5197 duobus,
755 5113 803 5168 ubi
823 5110 904 5195 legas
918 5152 945 5166 ..
965 5154 970 5167 .
991 5114 1076 5238 4424-
1131 5114 1208 5185 quoii
1224 5112 1250 5168 ei
1264 5113 1334 5168 vitio
1357 5112 1459 5196 nullus
1475 5112 1642 5197 ¹opituletur
1659 5132 1740 5171 mss.
1772 5114 1841 5198 Alii·
1862 5112 1965 5235 quippe

252 5192 497 5272 444444444444444.
513 5230 518 5243 .
534 5228 560 5242 ..
581 5189 779 5272 proprietatem
807 5184 987 5266 distorquens,
1046 5201 1078 5239 uc
1131 5185 1300 5266 praeierunt,
1324 5184 1492 5268 hamilitatis
1520 5186 1609 5317 operm
1633 5187 1839 5242 commendare
1854 5188 1928 5268 44444
1955 5208 1968 5261 .'

253 5260 392 5315 4444444444
404 5260 466 5330 fidoi
490 5266 677 5323 assertionem,
704 5255 786 5325 ultor,
816 5258 976 5326 consperpit,
993 5253 1076 5321 alter,
1131 5264 1236 5311 totoni:
1252 5254 1312 5316 alii,
1329 5255 1525 5311 tumetrtuteso
1565 5272 1632 5311 4444
1662 5259 1865 5315 commendari
1887 5255 1971 5310 44444·

253 5345 406 5401 consperpe.
1047 5398 1052 5407 Ι
1131 5326 1226 5381 litote:
1243 5325 1329 5394 nulli,
1341 5326 1418 5398 quod
1431 5258 1587 5401 legandum
1603 5342 1652 5382 res
1669 5330 1742 5399 ipsa
1754 5328 1971 5395 elamat,tumo·

290 5400 335 5473 (44
362 5402 430 5458 Mas.
457 5401 542 5457 Corb.
566 5399 647 5457 Colli.
671 5404 701 5455 44
724 5398 808 5466 Mea,
830 5396 864 5455 44
879 5396 972 5456 ouibus
998 5396 1074 5453 ades.
1129 5399 1227 5455 4444444
1246 5399 1369 5471 effictum
1386 5398 1574 5456 commendari
1591 5398 1773 5459 bumilitate.

288 5472 335 5553 (45
361 5472 403 5531 444
417 5472 485 5532 edit.
502 5488 615 5543 omnes,
632 5470 682 5529 sed
711 5468 860 5529 mendose.
886 5468 994 5528 44444444
1009 5484 1075 5529 vcro
