4159 6184
233 268 289 325 5²23
962 264 995 323 S.
1017 264 1207 327 attssttOSH
1835 279 1898 337 uttt

229 399 295 453 ideo
311 396 393 453 facile
409 395 495 451 etiarn
512 396 602 463 istud,
619 398 651 454 ut
665 395 801 451 sensibus
821 401 932 451 revocat
950 396 1054 467 juren-
1070 397 1099 462 A
1113 397 1205 468 (tete,
1231 398 1287 467 21),
1301 401 1333 452 ut
1346 397 1479 453 advertas
1494 414 1583 470 quam
1613 398 1816 471 generationem
1828 404 1900 476 polli-

228 487 300 542 tutis
314 501 418 553 annos,
435 486 510 541 vires
535 486 682 554 refundat,
707 483 857 541 sterilibus
881 485 930 540 dct
954 486 1052 540 secun·
1109 490 1209 541 ceatur
1224 486 1377 553 Dominus,
1393 487 1448 543 bec
1459 492 1514 554 eet,
1529 504 1587 543 non
1598 486 1679 544 illem
1690 487 1758 544 uteri
1767 492 1902 563 corporalis

227 574 359 630 dilatem.
1108 576 1211 640 Serre,
1227 576 1277 630 sed
1295 575 1384 631 istum
1401 580 1520 647 partum
1535 575 1678 643 llcclesie,
1695 576 1742 648 qui
1756 582 1823 635 esset
1838 580 1902 638 lutu-

260 663 306 718 88.
322 662 380 719 Ncc
396 662 469 719 illud
484 663 732 737 pretereundum,
750 663 826 734 quod
839 661 1052 734 promisseeibi
1108 680 1169 718 rus.
1187 664 1317 735 Denique
1328 668 1356 719 et
1371 664 1447 719 iufra
1462 664 1522 720 eit:
1539 665 1670 721 Revertar
1682 664 1807 738 adrem
1896 714 1903 740 ‚

224 752 412 822 generatione
439 752 571 825 legitima
606 752 758 823 respondit
796 750 943 807 Abraham
972 751 1049 806 Deo:
1107 756 1132 806 et
1147 754 1200 807 erit
1214 752 1306 808 Serre
1321 754 1396 825 titisse
1412 752 1579 823 (Geraxvrn,
1596 754 1905 831 :campestresque

226 841 321 898 lsnrcel
346 845 422 898 eterit
445 842 489 895 hic
516 843 543 895 tn
563 846 705 912 correpertn
727 845 772 895 tec
799 840 874 911 (Gen.
902 857 969 903 xvir,
996 839 1050 911 18).
1107 857 1266 912 possumus
1281 841 1422 913 accipere,
1440 845 1469 897 et
1487 840 1751 899 buncconventum
1781 843 1905 915 dceleeie,

224 930 239 985 J
244 931 299 986 usti
316 931 457 986 estetiarn
469 944 518 999 pro
528 929 729 1000 peccatoribus
739 929 913 985 intervenire
925 946 931 994 ;
945 933 972 983 et
985 928 1049 982 ideo
1106 936 1134 985 ct
1149 928 1280 983 fidelium
1295 929 1549 985 resurrectionem.

225 1017 268 1073 vol
288 1017 344 1073 hoc
358 1017 477 1072 credunt
488 1017 593 1085 iudei,
611 1017 680 1089 qnia
696 1020 723 1073 ct
739 1035 790 1089 pro
801 1016 872 1090 ipsis
882 1016 1047 1081 intervenit,
1141 1017 1185 1071 Di.
1202 1016 1297 1072 Tertio
1313 1016 1426 1073 decimo
1441 1034 1559 1089 quoque
1574 1017 1734 1089 annoquod
1745 1018 1906 1077 circumcidi·

226 1106 250 1159 si
267 1110 365 1162 tamen
381 1105 509 1161 credant.
523 1106 580 1161 lloc
591 1112 636 1161 cst
647 1106 725 1161 onim
740 1107 833 1162 vivere
847 1106 875 1159 in
892 1111 1050 1175 conspecte
1104 1110 1154 1159 tur
1169 1104 1285 1175 lernaei,
1298 1104 1370 1160 ratio
1389 1105 1508 1161 evidens
1525 1123 1532 1161 :
1548 1105 1618 1177 quie
1630 1105 1657 1161 is
1671 1105 1721 1178 qai
1735 1106 1851 1179 incipere
1864 1109 1907 1166 be·

228 1195 287 1263 Dei,
301 1194 390 1267 digne
404 1194 454 1249 Dei
472 1194 562 1249 Verbo
586 1194 702 1267 negotia
723 1211 838 1267 gerere,
865 1192 941 1249 oculi
970 1192 1050 1248 cnim
1105 1195 1152 1249 bet
1170 1195 1210 1249 uti
1227 1194 1392 1266 cognitione
1407 1194 1532 1262 lemine,
1549 1198 1617 1251 ante
1635 1194 1721 1251 debet
1742 1194 1858 1253 recidere
1882 1197 1909 1255 in

227 1282 343 1339 Domini
359 1300 447 1355 super
463 1284 571 1354 justos.
1105 1283 1285 1338 scardorcm
1305 1281 1448 1353 libidinis,
1482 1286 1515 1338 ut
1542 1298 1559 1337 a
1587 1282 1745 1356 superfluis
1781 1284 1911 1342 abstineat

262 1371 462 1427 80.1fndeer
487 1371 630 1427 Dominus
658 1371 713 1427 ait:
744 1372 844 1425 Etanna.
877 1375 941 1426 Erre
965 1371 1050 1425 Serre
1104 1371 1374 1438 commissionibus,
1391 1371 1589 1443 conjunctioni
1604 1376 1721 1428 tantum
1736 1388 1766 1429 se
1791 1372 1909 1447 legitime

227 1478 297 1516 rerer
312 1464 359 1516 tarr
372 1463 461 1532 perier
473 1462 524 1515 tihi
537 1462 637 1531 felium.
703 1462 738 1516 Dc
754 1460 851 1515 larieael
862 1464 952 1514 cutem
963 1474 1049 1514 erce·
1104 1466 1240 1517 reservet.

225 1552 285 1606 dini
298 1556 324 1605 te
336 1550 414 1619 (ibid,
435 1551 476 1605 19.
493 1554 548 1619 20).
571 1552 661 1606 Etiam
688 1566 754 1604 curn
784 1549 864 1615 dicit,
896 1548 1050 1603 confirmet
1138 1550 1184 1603 en.
1202 1549 1326 1603 hlentem
1349 1564 1465 1624 quoque
1496 1548 1637 1621 sapientis
1664 1548 1833 1622 hospitalem
1859 1567 1914 1609 esee

227 1639 389 1712 promissa;
407 1638 641 1697 confirmativum
658 1638 766 1695 etenim
792 1638 914 1693 verbum
945 1640 997 1691 est.
1015 1636 1050 1691 nt
1105 1639 1195 1707 decet,
1211 1643 1244 1692 ut
1258 1638 1346 1692 etiam
1362 1637 1428 1693 aliis
1444 1637 1592 1710 impertiat
1607 1638 1652 1695 sui
1667 1638 1802 1710 gratiam,
1817 1644 1844 1695 et
1856 1657 1915 1713 pru·

225 1730 288 1785 ideo
305 1729 386 1802 prius
401 1728 617 1801 generationem
644 1727 776 1783 Ecclesiae
793 1727 948 1781 confirmat
968 1726 1047 1781 futu·
1104 1727 1281 1781 dentiaesuae
1299 1728 1425 1781 fructum
1441 1725 1915 1801 aliisqunquedividat,atquem

225 1836 298 1887 rain,
312 1823 448 1874 utverum
461 1822 647 1889 cognosceret
658 1817 799 1887 propheta
810 1815 886 1887 qnod
899 1816 933 1870 ds
947 1813 1050 1869 lsrnacl
1105 1815 1190 1870 bonis
1210 1814 1365 1886 epulentur
1388 1814 1525 1871 doctrine
1549 1814 1635 1884 cibis,
1658 1813 1838 1889 epulumque
1860 1818 1916 1888 eins

224 1924 256 1963 se
271 1908 389 1963 audisse
405 1906 574 1971 dixitDeus‚
588 1905 741 1977 providens
752 1904 821 1975 quia
832 1904 945 1958 caecitas
964 1902 1049 1957 lsrael
1105 1904 1240 1958 exhibeat
1259 1903 1502 1959 desiderantibus.

223 2000 349 2068 exparte
365 1994 483 2050 haberet
497 1994 675 2065 contingere,
705 1993 796 2047 donec
813 1988 962 2063 plenitudo
978 2007 1050 2063 gen·
1140 1994 1184 2047 93.
1202 1993 1277 2048 Tum
1293 1996 1431 2063 praeterea
1450 1992 1561 2048 nesciet
1576 1991 1632 2048 nisi
1656 1993 1821 2049 secundum
1842 1999 1918 2051 uetu-

225 2084 299 2139 tinm
314 2082 446 2151 intraret,
460 2086 487 2138 et
503 2082 544 2137 sic
560 2082 656 2137 omnis
672 2081 759 2137 lsrael
775 2079 872 2135 salvus
889 2080 978 2135 heret.
996 2080 1051 2134 lta·
1106 2097 1169 2135 ram
1186 2080 1291 2147 vivere,
1304 2080 1333 2136 in
1349 2082 1434 2152 cujus
1450 2081 1584 2138 instituto
1599 2087 1628 2138 ct
1642 2080 1746 2139 ordine
1756 2082 1807 2138 Dei
1816 2081 1859 2139 len
1872 2087 1918 2139 est.

225 2189 282 2244 que
297 2172 374 2228 sicut
390 2176 564 2227 testamenta
580 2170 732 2226 hominurn
749 2169 830 2242 prius
846 2169 987 2223 herodem
1009 2168 1050 2224 fc·
1106 2168 1183 2223 Nulli
1200 2186 1231 2225 se
1247 2168 1461 2225 transversariae
1476 2168 1628 2242 cupiditati
1657 2170 1783 2227 miscere
1810 2171 1921 2236 novant,

226 2263 494 2333 runt(dt),postca
514 2261 643 2333 legatum
673 2261 850 2332 exprimunt,
880 2258 1050 2314 melioribus
1106 2256 1199 2313 solius
1214 2258 1361 2330 sapientia
1377 2262 1516 2330 praeoptet
1535 2255 1682 2331 copulam.
1708 2259 1854 2316 Mendetis
1879 2258 1922 2315 Dei

227 2350 434 2417 hereditatem,
455 2350 642 2405 inferioribus
658 2348 775 2420 legate:
807 2348 846 2402 ita
875 2347 904 2401 in
934 2347 1050 2403 Domini
1106 2345 1923 2421 seculiisliusgloriam,etquamdamprsesentisleudis

226 2442 412 2505 testamento,
430 2439 506 2493 rrnde
521 2444 549 2492 et
565 2456 617 2493 nos
634 2438 710 2491 heire
733 2452 842 2492 nrerern
873 2435 1049 2507 accepimus,
1107 2435 1306 2490 hereditatem
1323 2436 1456 2506 preferre
1471 2435 1601 2491 nesciat:
1618 2440 1708 2508 atque
1731 2442 1765 2492 ut
1791 2422 1925 2493 altaribus

226 2528 318 2583 heres
342 2526 480 2583 scribitur
510 2534 613 2581 initura
636 2527 741 2591 horrus,
772 2523 889 2593 nobilis,
920 2523 1051 2597 legitimo
1105 2522 1218 2578 Domini
1236 2541 1304 2577 suns
1317 2523 1448 2580 immolet
1463 2524 1615 2591 utilitates,
1638 2524 1682 2581 ita
1701 2526 1808 2596 judicii
1836 2526 1925 2598 ignem

224 2620 338 2672 creatus
354 2616 508 2687 conjugio:
526 2615 620 2686 legato
636 2614 762 2669 donetur
778 2614 907 2669 inferior.
1105 2628 1164 2667 non
1180 2612 1313 2683 excipiat,
1330 2630 1424 2685 neque
1449 2612 1636 2669 reformidet:
1658 2614 1713 2669 sed
1738 2614 1835 2688 magis
1848 2615 1928 2671 etiem

258 2704 303 2760 90.
324 2704 509 2761 Promittitur
523 2708 621 2760 autem
645 2703 792 2775 generatio
818 2700 950 2775 sequenti
974 2717 1051 2756 anno
1106 2704 1139 2755 ut
1154 2699 1227 2755 alios
1243 2700 1357 2772 eripiet,
1373 2698 1512 2757 elaboret.

261 2870 318 2943 (51)
333 2872 410 2927 Edit.
428 2870 674 2939 llam.,h:s·rnlcm
689 2872 822 2925 scribent.
839 2867 908 2923 Alie
924 2868 993 2923 edit.
1023 2871 1051 2923 et
1105 2867 1175 2922 darc
1190 2873 1294 2923 conata
1308 2867 1386 2923 haud
1402 2869 1586 2926 incommode
1601 2869 1642 2926 sic
1671 2870 1826 2944 reposuit:
1850 2872 1931 2927 ltect

226 2942 325 2997 cuncti
351 2958 435 3007 mss,
459 2942 595 2997 heredem
620 2945 723 3011 [cernit.
740 2942 774 2994 Dt
797 2946 862 3012 post
881 2955 972 3011 panca
988 2944 1048 2993 ant.
1105 2940 1189 2993 Deam
1204 2941 1403 2995 torneamento
1417 2950 1546 3008 esame!
1560 2957 1608 2996 noa
1631 2943 1707 2999 frene
1730 2958 1839 2998 morem
1859 2955 1932 2997 cccc·

227 3013 308 3081 edit,
325 3014 404 3068 itata
422 3015 549 3067 Derrmr'o
576 3016 735 3067 testamento
759 3028 856 3075 enarre,
872 3014 897 3066 et
911 3028 969 3077 nos,
993 3015 1048 3065 etc.
1102 3012 1205 3081 pimus,
1217 3010 1317 3076 heres,
1332 3014 1387 3065 ete.
1403 3011 1510 3067 Verum
1527 3013 1623 3085 potior
1638 3014 1730 3070 nobie
1746 3014 1811 3070 visa
1824 3018 1869 3070 eat
1882 3026 1935 3067 om·

226 3089 318 3150 Quam
336 3084 490 3140 lectionem
506 3084 589 3139 Rom.
607 3083 675 3139 edit.
693 3100 727 3138 ex
756 3084 923 3153 conjectura
951 3097 1050 3137 ernen-
1106 3082 1188 3136 nium
1204 3098 1276 3138 mse.
1294 3082 1464 3139 auctoritas.

230 3285 1937 3319 mmm

443 3463 499 3549 IN
529 3460 756 3550 LlBltUhl
784 3461 856 3545 DE
885 3459 1042 3547 ISth
1072 3460 1145 3545 ET
1175 3460 1345 3547 anthe
1374 3458 1720 3550 ADMONITIO.

265 3794 516 3863 Quemadmodum
534 3794 653 3867 sanctus
668 3788 841 3845 Ambrosius
852 3786 985 3859 inprime
1006 3786 1080 3842 libro
1094 3786 1127 3841 dc
1136 3787 1274 3842 Abrohom
1283 3786 1502 3843 catechumenis
1513 3786 1603 3860 hujus
1614 3790 1762 3864 exemplo
1775 3789 1947 3864 patriarche

229 3884 399 3941 christiane
415 3880 575 3953 religionis,
588 3896 675 3951 quam
692 3879 720 3932 in
738 3876 887 3950 pervigilio
903 3875 1051 3946 pensabatis
1080 3876 1238 3947 protessuri
1255 3880 1363 3943 essent,
1381 3876 1476 3931 officia
1492 3877 1672 3948 patefecerit,
1689 3880 1723 3933 in
1740 3878 1836 3936 altero
1854 3884 1948 3935 entem

230 3974 333 4029 animm
349 3989 400 4045 pcr
414 3970 519 4025 Adnmi
535 3974 686 4041 peccatum
704 3967 792 4037 lapsae
808 3964 989 4037 resurgendi,
1007 3970 1094 4035 atque
1114 3963 1150 4019 ad
1168 3965 1372 4035 perlectionem
1386 3964 1515 4021 enitendi
1529 3965 1650 4021 modum
1682 3968 1947 4030 demonstraverit,

230 4066 259 4118 in
276 4068 376 4117 nostra
391 4061 427 4116 ad
443 4060 521 4114 idem
537 4074 610 4128 opus
627 4054 833 4110 admonitione
849 4052 1074 4108 declaravimus.
1100 4052 1289 4123 l'roscquitnr
1310 4052 1444 4108 instituta
1471 4060 1639 4110 acroamate
1668 4056 1949 4129 praeceptionesque

231 4152 361 4207 antistes
377 4145 632 4221 vigilantissimus,
650 4160 702 4198 noc
718 4142 775 4197 alie
787 4142 822 4197 dc
838 4158 927 4197 causa
957 4139 1120 4195 secundum
1149 4140 1302 4196 memorati
1332 4141 1428 4213 operis
1452 4140 1571 4204 librum.
1597 4142 1647 4198 ubi
1686 4144 1779 4201 Isaac
1806 4146 1952 4201 natumet

231 4238 436 4295 circumcisum
449 4232 559 4299 retulit,
571 4230 715 4302 extemplo
732 4228 842 4285 finiisse
859 4230 943 4285 nobis
958 4229 1082 4296 videtur,
1098 4226 1155 4283 nisi
1172 4231 1204 4283 ut
1218 4244 1253 4284 er
1265 4229 1398 4300 ejusdem
1409 4244 1477 4284 cum
1492 4228 1621 4286 Rebecca
1636 4233 1790 4305 conjugio
1821 4231 1948 4290 heminis

231 4325 384 4383 christiani
401 4324 541 4388 animam,
564 4322 634 4376 dum
646 4320 676 4374 in
693 4317 813 4391 genitali
829 4318 906 4373 lbnte
922 4315 1094 4385 renascitur,
1111 4314 1308 4372 arctissimum
1323 4317 1472 4388 quoddam
1500 4316 1641 4389 spiritalis
1669 4322 1874 4379 matrimonii
1885 4334 1949 4377 cum

232 4416 325 4471 Verbo
348 4414 404 4469 Deo
420 4414 514 4467 fredus
530 4410 601 4465 inire
617 4409 792 4464 ostenderet.
810 4407 840 4462 ld
855 4407 907 4463 hoc
920 4406 949 4461 in
965 4405 1039 4460 libro
1055 4420 1141 4476 quem
1157 4409 1311 4477 propterea
1322 4404 1354 4460 dc
1370 4409 1447 4460 faece
1468 4413 1493 4460 et
1515 4407 1615 4462 Animo
1629 4405 1827 4481 inscriptum
1855 4406 1952 4471 voluit,

232 4518 373 4577 perquam
388 4500 502 4573 egregie
520 4498 652 4571 praestitit
667 4503 740 4569 (cup.
760 4498 795 4564 l).
813 4496 895 4550 Enim
908 4511 974 4550 vcro
989 4496 1146 4565 postquem
1162 4492 1242 4548 Isaac
1258 4492 1406 4549 nativitate
1420 4510 1454 4549 ec
1474 4498 1567 4550 morte
1592 4511 1647 4550 sua
1673 4496 1799 4555 Christi
1832 4498 1956 4572 ligurem

231 4589 678 4655 extitisse,sicutctltcbcccam
696 4586 799 4641 animae
817 4583 918 4656 paucis
947 4581 1210 4654 apernit,dchaite
1229 4582 1483 4652 ejusdemanime
1511 4586 1627 4651 natura,
1658 4586 1772 4641 toturn
1803 4585 1954 4642 bominem

233 4679 419 4754 potissimum
435 4678 465 4731 in
481 4676 545 4747 ipsa
560 4674 719 4729 consistere
734 4672 839 4729 astruit
856 4674 930 4743 (cap.
946 4676 984 4740 2).
1002 4670 1082 4725 Hanc
1097 4674 1197 4725 eutem
1213 4670 1295 4725 docet
1313 4670 1377 4725 ideo
1406 4686 1470 4725 esse
1497 4670 1723 4743 imperfectam,
1756 4674 1845 4747 quod
1874 4671 1958 4729 rebus

231 4766 378 4840 corporeis
393 4782 426 4821 ac
442 4763 540 4820 seculi
554 4761 752 4834 voluptatibus
769 4762 956 4825 adincrescat,
973 4763 1074 4813 contra
1098 4773 1166 4812 vero
1185 4757 1315 4829 primum
1342 4758 1377 4812 ad
1398 4757 1604 4829 perfectionem
1618 4760 1763 4830 gradum
1798 4762 1908 4825 facere,
1936 4756 1959 4812 si

230 4860 346 4915 eusdem
364 4854 465 4927 fugiat,
482 4859 510 4907 ct
525 4869 614 4923 supra
629 4850 745 4905 illarum
760 4866 873 4903 ruinani
890 4846 993 4902 attolat
1007 4862 1081 4901 sese.
1098 4846 1171 4901 ilinc
1186 4850 1393 4918 argumentum
1408 4845 1590 4918 propositum
1605 4861 1785 4919 aggressus
1797 4850 1960 4907 Rebeccam

231 4951 330 5014 talem,
346 4962 414 5001 curn
431 4945 466 4999 ad
482 4942 561 4996 lsaac
577 4938 695 5006 vcnirct,
720 4938 810 4990 fuisso
826 4936 905 5001 (licit,
923 4935 1031 5005 qnippe
1042 4951 1104 5003 qua
1119 4935 1251 4989 divinum
1267 4935 1296 4990 in
1313 4932 1362 4990 illo
1377 4933 1505 4990 Verbum
1522 4935 1660 4991 ardenter
1670 4944 1828 5011 expetere
1839 4954 1874 4995 se
1883 4936 1960 4993 testi·

232 5034 500 5093 frrnturclamans:
518 5030 659 5086 Orrrrlrtru·
675 5026 758 5079 nrrcfr
774 5026 1081 5095 erretisorr'srnitcap.
1099 5023 1139 5092 3).
1157 5028 1223 5093 lpse
1239 5023 1358 5094 quidem
1373 5022 1546 5078 Ambrosius
1571 5022 1674 5079 locum
1710 5026 1803 5083 bunc
1829 5027 1961 5098 aliosque

232 5141 334 5180 onrnes
358 5121 466 5179 Cantici
492 5120 672 5175 carrticorum
695 5112 854 5169 versiculos
881 5112 968 5167 etiam
993 5110 1125 5167 Ecclesiae
1141 5110 1356 5169 accommodari
1380 5126 1466 5182 posse
1486 5112 1663 5181 profitetur:
1684 5116 1746 5171 sed
1764 5133 1842 5172 cum
1863 5115 1962 5171 eedem

233 5212 371 5285 mysteria
388 5216 449 5267 tum
466 5207 546 5273 alibi,
562 5212 626 5261 tum
643 5202 683 5259 vol
701 5202 826 5257 nrrrnirnc
842 5200 870 5255 in
887 5199 1071 5255 enarratione
1085 5198 1190 5271 psalmi
1202 5216 1278 5255 cxvn
1294 5198 1485 5267 enucleaseet,
1496 5198 1551 5256 bec
1563 5200 1593 5255 in
1604 5199 1685 5256 libro
1697 5206 1793 5261 totus
1803 5200 1961 5268 incumbit,

233 5310 264 5357 ut
280 5302 385 5355 animm
401 5314 467 5354 cum
483 5298 577 5353 Verbo
592 5293 762 5365 conjugium
778 5294 917 5362 perpetuo
933 5288 1047 5360 mystici
1062 5286 1142 5343 illins
1157 5284 1336 5359 epithalamii
1353 5287 1563 5344 commentario
1577 5289 1749 5350 edisserat.
1765 5294 1859 5359 Quod
1870 5298 1964 5349 tamen

234 5408 290 5445 non
307 5388 348 5443 ita
363 5388 499 5459 accipias,
515 5384 600 5457 qnasi
615 5398 732 5438 versum
747 5378 867 5437 omnino
882 5378 998 5433 nullum
1014 5376 1193 5450 preterierit,
1209 5393 1276 5433 cum
1291 5392 1322 5432 re
1346 5377 1410 5448 ipsa
1424 5376 1504 5433 baud
1518 5378 1614 5449 pauci,
1630 5381 1664 5433 et
1679 5378 1706 5434 ii
1718 5382 1903 5453 presertim
1917 5376 1965 5451 qui

232 5480 266 5534 art
280 5476 380 5549 sponsi
394 5490 566 5549 sponsaeque
581 5470 829 5545 pulchritudinem
845 5466 1000 5541 pertinent,
1016 5464 1208 5533 omittantur;
1224 5465 1275 5521 sed
1290 5464 1340 5521 isti
1355 5465 1514 5538 quominus
1524 5482 1602 5524 unus
1616 5464 1662 5523 sit
1678 5470 1796 5544 operis
1813 5473 1968 5531 contextus

233 5562 307 5633 nibil
330 5568 435 5623 vetent.
453 5563 586 5621 Porront
614 5558 782 5623 distinctius
810 5564 898 5635 atque
924 5555 1089 5619 ordinatius
1116 5558 1244 5630 coptum
1272 5554 1419 5631 procedet,
1447 5555 1492 5617 vir
1515 5558 1634 5617 sanctus
1651 5560 1818 5635 proponit
1848 5554 1967 5643 (ceph
