4159 6184
274 302 333 431 iou
1006 354 1039 417 s.
1063 348 1252 417 uuneesu
1897 366 1946 434 500

274 490 333 548 iioc
347 487 411 549 loco
425 496 524 550 autem
539 492 666 553 satisest
699 493 771 550 illud
799 495 958 553 admonere
987 488 1094 562 solum,
1111 486 1139 557 A
1154 495 1267 549 mentes
1283 488 1440 551 invitentur
1471 488 1635 569 promissis,
1670 490 1813 569 erigantur
1839 508 1948 574 speratis

274 582 351 655 quod
367 600 451 641 mens
466 584 551 660 plena
569 586 730 660 prudentie
755 584 937 659 justitiaque
966 582 1097 640 devotior
1152 580 1358 640 mercedibus:
1373 583 1451 640 bona
1475 600 1559 642 mena
1582 600 1646 657 que
1673 585 1737 643 sine
1759 592 1880 661 responsi
1902 612 1947 653 (ω.

274 672 314 729 sit
324 688 393 747 erga
399 673 449 731 Dei
459 676 580 743 cultum,
592 680 622 732 et
630 676 761 733 decimas
771 682 854 733 terre
865 673 1014 750 gignentia
1040 671 1097 743 (18)
1152 671 1235 729 lestis
1250 672 1417 747 syngrapha
1430 672 1575 731 certamen
1589 674 1724 747 arripuit,
1740 678 1855 749 gemine
1868 680 1950 742 laudis

276 760 306 817 in
322 761 477 830 fructibus,
489 765 573 835 juxta
587 764 719 822 altiorem
735 765 922 839 prudentiam
941 764 972 820 iu
986 780 1019 820 eo
1038 759 1097 817 sol·
1154 762 1281 817 fructum
1294 762 1418 836 acquirit
1430 762 1486 819 sibi
1503 780 1509 819 :
1524 768 1557 820 ut
1574 767 1603 821 et
1618 763 1862 825 confidentissime
1878 772 1950 829 lorti·

276 853 324 906 vat
340 869 347 919 ;
363 858 395 909 ut
404 852 610 925 perfectionem
622 854 756 912 omnium
771 871 914 912 sensuum
928 858 1015 925 atque
1029 866 1097 923 ope·
1154 851 1277 918 tudinis,
1293 857 1320 908 et
1344 852 1520 925 plenissime
1550 851 1711 911 devotionis
1738 857 1857 929 gratiam
1877 859 1951 919 locet.

277 954 345 995 rum
360 956 480 996 suorum
494 940 552 998 Deo
569 942 689 1012 delerat,
706 943 779 999 nihil
795 941 851 1001 sibi
877 944 1002 1013 arroget,
1033 952 1097 1009 que
1154 940 1236 1004 Quod
1252 940 1287 997 de
1302 946 1402 998 saneto
1418 941 1566 999 Abraham
1580 942 1719 1000 estimari
1735 947 1880 1003 convenit:
1895 952 1953 1023 quia

276 1042 418 1101 seregere
434 1046 491 1085 non
508 1035 613 1102 potest,
628 1033 727 1089 divino
743 1033 800 1090 nisi
817 1033 915 1089 favore
939 1028 1014 1086 tulta
1040 1026 1093 1083 sit.
1154 1028 1328 1087 etdivinum
1357 1030 1484 1088 favorem
1500 1046 1557 1087 uon
1589 1030 1700 1104 despici
1713 1049 1743 1091 se
1769 1035 1857 1107 justis
1884 1038 1955 1095 duait

276 1113 407 1190 Denique
422 1118 473 1174 ubi
484 1136 515 1176 se
529 1120 633 1179 vicisse
648 1127 742 1195 putat,
758 1127 888 1180 mutatur
902 1124 990 1193 atque
1007 1117 1100 1173 iaces·
1154 1117 1305 1175 doloribus
1319 1119 1387 1192 (19),
1404 1122 1433 1175 et
1447 1119 1561 1176 hostem
1577 1118 1703 1192 perculit
1729 1120 1863 1195 despectu
1891 1126 1954 1197 peri·

276 1202 363 1261 situr.
382 1206 442 1262 lioc
456 1209 593 1280 exprimit
605 1214 635 1267 et
656 1212 740 1269 docet
764 1211 861 1279 lectio,
889 1209 959 1283 quia
982 1218 1100 1277 semper
1154 1206 1224 1275 culi,
1240 1207 1318 1281 quod
1340 1207 1472 1282 gloriose
1489 1208 1545 1265 sihi
1567 1226 1617 1281 pro
1633 1208 1744 1267 ultione
1759 1209 1873 1284 piatatis
1895 1214 1953 1270 suh·

277 1292 432 1351 adversum
448 1298 1098 1373 passionescorportsmensnosuatanquam
1154 1299 1284 1355 eundum
1315 1298 1505 1372 pataviensi
1538 1315 1655 1371 quoque
1687 1297 1766 1356 ineo
1800 1301 1957 1373 predicatur

278 1380 306 1437 iu
322 1383 453 1442 excubiis
467 1386 553 1443 debet
567 1391 755 1461 pretendere.
770 1390 845 1456 Quid
859 1388 938 1445 enim
954 1389 999 1443 est
1020 1380 1099 1457 quod
1149 1387 1277 1458 Justitia,
1290 1387 1341 1460 qui
1357 1385 1621 1445 remunerationem
1638 1386 1693 1459 piis
1710 1386 1853 1444 montibus
1867 1406 1918 1445 uon
1928 1406 1956 1446 es

276 1470 318 1532 eit
334 1489 341 1528 τ
357 1475 423 1541 lice,
440 1474 547 1547 inquit,
572 1476 751 1534 Sodomorum
773 1480 859 1535 exivit
882 1479 989 1535 obuium
1008 1478 1098 1541 Aere,
1154 1474 1485 1547 necessitatepromissi,
1502 1476 1551 1532 sed
1568 1491 1602 1531 ex
1616 1474 1763 1548 equitatis
1777 1492 1834 1532 sue
1846 1482 1959 1534 coutem-

279 1568 304 1617 et
318 1560 415 1618 dicit:
428 1564 468 1619 De
483 1565 551 1621 mibi
574 1566 706 1636 homines,
729 1584 811 1641 equos
834 1572 926 1624 erdere
947 1583 1024 1623 sume
1049 1567 1101 1621 tibi
1154 1563 1284 1637 piatione
1298 1563 1431 1637 largitur,
1456 1564 1595 1637 judicans
1610 1564 1733 1637 dignum
1753 1563 1813 1621 tore
1837 1566 1908 1637 quod
1934 1566 1959 1622 hi

277 1647 429 1721 (Gemma,
447 1653 832 1730 li);nisiquodpostlras
864 1656 986 1713 luxurie
1009 1655 1099 1710 victo·
1154 1654 1205 1727 qui
1222 1652 1361 1710 millitant
1376 1654 1439 1710 sine
1450 1652 1549 1726 aliqua
1563 1652 1706 1709 mercedis
1719 1652 1853 1711 humane
1879 1670 1960 1711 remu·

278 1737 338 1795 rias
356 1739 546 1812 visquedam
562 1741 693 1800 libidinis
709 1749 805 1818 potest
827 1744 992 1801 rationabili
1017 1761 1100 1801 men·
1155 1743 1305 1800 horatione
1337 1742 1498 1816 repositum
1517 1742 1645 1798 habeant
1683 1740 1836 1815 premium
1854 1740 1882 1797 in
1906 1742 1959 1813 ejus

277 1826 316 1883 tis
330 1829 498 1901 subrepere,
518 1836 552 1887 ut
569 1832 705 1890 infundat
719 1833 745 1890 ei
759 1833 974 1892 irrationabiles
988 1832 1099 1908 passio·
1116 1854 1141 1921 B
1156 1830 1296 1902 bonitate,
1317 1831 1364 1887 cui
1380 1830 1562 1887 devovendas
1583 1829 1699 1887 animes
1724 1846 1795 1887 suas
1821 1830 1964 1888 estimare·

278 1916 359 1975 nes‘l
1158 1920 1226 1976 rint.
1244 1919 1339 1978 Simul
1354 1920 1424 1993 quia
1439 1919 1554 1977 adoreis
1569 1918 1682 1976 bellicis
1696 1934 1732 1975 ex
1749 1934 1805 1976 usu
1820 1919 1908 1991 ipsius
1928 1918 1961 1974 si·

314 2006 361 2063 111.
380 2006 437 2063 Sed
463 2008 594 2079 periente
628 2011 734 2067 mentis
757 2016 811 2077 est,
828 2011 902 2068 nihil
914 2012 950 2069 de
966 2011 1100 2081 terrenis,
1156 2009 1318 2066 ctorie.aut
1330 2008 1485 2065 hominum
1500 2008 1594 2082 gratia
1607 2010 1745 2079 paratum
1760 2006 1963 2081 estpremium:

279 2091 352 2149 nihil
367 2093 403 2151 da
412 2097 613 2168 corporalibus
625 2098 770 2157 illecebris
783 2116 944 2167 assumere,
954 2101 1103 2158 abstinere
1157 2097 1275 2171 pietatis
1290 2102 1400 2166 autem,
1417 2100 1446 2156 et
1466 2096 1663 2171 parcimonie,
1689 2096 1839 2168 puritatis,
1868 2100 1965 2151 cetera·

279 2183 444 2240 aterrenis.
459 2185 528 2242 ldeo
541 2187 686 2244 abraham
701 2188 773 2245 dicit
788 2206 795 2245 :
829 2189 909 2245 Nihil
935 2206 1045 2246 sumum
1068 2191 1103 2245 ab
1157 2202 1283 2259 rumque
1296 2186 1377 2243 velut
1391 2185 1570 2259 privatarum
1586 2184 1731 2241 virtutum
1744 2202 1762 2242 a
1775 2183 1835 2242 Deo
1849 2184 1964 2241 solvitur.

279 2272 568 2345 omnihustuistibid.
592 2278 753 2345 23).Ouasi
776 2277 946 2352 contagium
974 2276 1103 2334 declinat
1158 2276 1226 2341 Oue
1242 2274 1677 2342 manifestasuathominibus,
1707 2272 1766 2345 ipsi
1795 2288 1966 2330 remuneran-

279 2360 357 2417 882
372 2360 614 2434 intemperantis,
631 2366 715 2439 quasi
730 2365 825 2424 labem
845 2366 952 2440 rciagit
966 2382 1104 2439 corpora·
1158 2369 1219 2421 tur.
1239 2363 1345 2421 Omnis
1359 2367 1459 2420 autem
1474 2362 1640 2430 manifesto,
1662 2362 1715 2419 sad
1731 2360 1791 2417 slis
1820 2361 1967 2427 manifesta,

279 2445 355 2505 lium
369 2464 523 2522 sensuum,
554 2452 761 2512 delectationes
785 2456 888 2512 mundi
906 2454 1010 2528 reJicit,
1028 2472 1104 2529 que·
1159 2451 1217 2509 alia
1232 2452 1352 2521 incerta,
1369 2456 1398 2508 et
1412 2450 1537 2507 maxime
1549 2449 1663 2507 occulta
1677 2450 1789 2507 cordis.
1807 2448 1886 2507 Unde
1900 2447 1969 2505 atille

280 2552 348 2593 rens
369 2554 432 2610 que
447 2556 537 2612 supra
556 2544 701 2600 muudum
712 2548 792 2613 sunt,
808 2545 863 2601 hoo
878 2550 933 2612 est,
949 2545 1105 2601 extendere
1160 2541 1202 2597 ait
1217 2558 1223 2596 :
1239 2543 1346 2598 incerto
1359 2548 1385 2597 et
1397 2540 1502 2597 occulta
1516 2540 1606 2597 cordia
1629 2538 1689 2611 (21))
1705 2539 1891 2610 umnisestusti
1912 2536 1970 2592 miti

267 2628 739 2707 ‘manusadDominumManus
767 2633 901 2705 operaria
933 2633 1027 2690 virtus
1060 2637 1106 2689 est
1160 2630 1247 2701 (Paul.
1264 2647 1289 2699 c,
1317 2631 1356 2702 8),
1372 2644 1496 2701 quoram
1513 2629 1661 2701 spectator
1688 2632 1720 2683 et
1734 2630 1879 2685 scrutator
1907 2626 1971 2682 Deus

280 2713 395 2771 anime.
411 2715 491 2777 liano
505 2735 563 2775 non
579 2720 615 2777 ad
630 2725 752 2777 terrene
765 2722 879 2779 arboris
903 2738 1035 2794 pomum,
1052 2722 1103 2777 sed
1160 2720 1214 2775 est.
1237 2718 1299 2775 Noa
1332 2734 1400 2790 ergo
1433 2732 1571 2789 maguam
1603 2715 1776 2772 mercedem
1807 2713 1973 2788 promisisset

280 2802 316 2857 ad
330 2802 488 2860 Dominum
503 2808 631 2863 extendit
648 2826 655 2863 ι
682 2810 735 2877 Qui
753 2812 827 2881 scre,
844 2809 949 2882 iuquit,
971 2811 1106 2867 cetumct
1159 2805 1292 2872 Abrahe,
1308 2806 1365 2862 uisi
1381 2821 1485 2878 puram
1500 2804 1630 2861 enimam
1646 2804 1687 2859 ab
1705 2802 1790 2860 omni
1817 2800 1973 2874 contagione

264 2893 385 2970 'terram
401 2890 484 2962 (ibid.
503 2894 561 2961 22),
577 2893 633 2951 hoc
649 2900 704 2963 est,
719 2896 937 2970 intelligibilem
951 2902 980 2955 et
1002 2898 1105 2955 risibi·
1160 2895 1332 2952 deliciorum
1342 2893 1519 2965 judicasset.

283 2974 341 3033 lem
358 2977 568 3036 substantiam.
585 2982 780 3056 Intelligibilis
808 2986 971 3042 enimetetc
999 2986 1106 3043 celum
1196 2984 1242 3040 18.
1263 2983 1375 3040 Sancte
1394 2986 1534 3040 mmenet
1567 2981 1752 3055 prophetice
1781 2982 1888 3039 mentis
1917 2994 1976 3036 eura

281 3066 349 3122 est:
369 3065 493 3125 visibilis
511 3068 556 3125 vel
585 3071 733 3128 sensibilis
765 3074 933 3132 substantie
958 3079 1036 3132 terra
1051 3078 1105 3132 est.
1160 3074 1255 3144 major
1269 3070 1448 3145 posteritatis
1464 3073 1607 3143 perpetue
1623 3072 1680 3126 est.
1699 3070 1809 3127 Partus
1833 3069 1908 3125 enim
1933 3082 1974 3121 sa-

281 3152 357 3227 Iirgo
376 3154 523 3228 significat
537 3159 616 3228 quod
630 3159 766 3216 uirtutem
779 3162 883 3219 anime
894 3180 955 3220 sue
967 3164 1004 3220 od
1018 3180 1104 3237 supe·
1162 3161 1276 3234 pientie
1292 3160 1368 3218 888
1384 3164 1412 3215 et
1427 3158 1495 3216 tldei
1511 3157 1719 3215 hereditatem
1736 3157 1895 3216 desiderat.
1922 3154 1977 3213 ldeo

282 3239 520 3313 rioraextendut,
536 3252 570 3301 ut
597 3262 631 3303 ex
655 3246 705 3304 illa
733 3249 911 3324 intelligibili
936 3218 1141 3310 substantiac
1161 3250 1223 3307 ait:
1241 3249 1311 3318 Quid
1327 3250 1396 3304 mihi
1423 3248 1528 3304 debis?
1559 3249 1619 3315 Epo
1651 3250 1753 3303 numm
1782 3248 1907 3321 dimittor
1930 3244 1978 3297 sire

281 3328 446 3387 theoretice
462 3331 526 3389 vite
540 3334 644 3392 induat
676 3335 873 3409 altitudinem,
885 3346 1022 3412 spectans
1048 3359 1105 3398 uon
1161 3338 1227 3409 filiis
1242 3337 1318 3410 (Gen.
1333 3354 1379 3404 xv,
1395 3338 1437 3409 2).
1466 3335 1598 3393 hortesis
1627 3335 1769 3393 sobolem
1798 3332 1978 3399 desiderabat,

283 3415 335 3473 illa
353 3435 416 3490 que
429 3419 576 3491 videntur,
591 3425 643 3480 sed
657 3442 722 3498 que
743 3444 801 3483 non
816 3428 961 3496 videatur,
977 3429 1032 3486 hoo
1050 3434 1105 3497 est,
1159 3444 1224 3484 eam
1241 3427 1440 3483 sucessionem
1454 3425 1570 3497 petebat
1585 3440 1650 3496 que
1667 3440 1731 3481 non
1762 3428 1843 3482 esset
1870 3420 1978 3485 servilis,

287 3510 485 3577 nanterrena,
503 3513 747 3587 concorporalia,
770 3534 828 3574 non
858 3518 1024 3590 presentia,
1054 3517 1106 3573 sed
1161 3514 1748 3581 aedilbera:nouseoundumoarnem,
1765 3508 1979 3570 sedsaeandun

285 3592 488 3668 incorporalia,
499 3603 615 3669 eterna,
627 3601 755 3660 celestia
775 3622 782 3661 :
799 3605 834 3661 de
850 3605 908 3662 ista
926 3611 1023 3662 autem
1035 3605 1108 3663 visi·
1160 3604 1296 3677 gratiam.
1317 3603 1442 3675 ideoque
1455 3600 1628 3673 hujusmodi
1642 3618 1832 3674 responsum
1864 3599 1980 3657 divinum

285 3680 337 3738 bili
353 3684 705 3760 substantiaoperatorie
720 3697 809 3765 atque
825 3694 919 3751 civilis
944 3694 1106 3768 discipline
1161 3690 1321 3759 resultavit,
1346 3708 1404 3764 quo
1426 3691 1547 3747 edoctus
1568 3689 1682 3747 audivit
1712 3692 1796 3763 (21):
1828 3688 1932 3762 Respice
1957 3686 1981 3739 iu

284 3776 418 3844 capessat
427 3774 562 3848 gratiam.
1158 3782 1269 3849 cetum
1283 3784 1311 3835 et
1333 3795 1450 3836 nummo
1477 3778 1581 3849 atritas,
1610 3779 1635 3833 si
1657 3786 1741 3849 potes
1771 3792 1929 3835 numerere.
1955 3776 1982 3828 st

318 3862 363 3929 17,
379 3862 533 3920 subtexuit
544 3865 591 3923 his
621 3868 773 3925 oraculum
807 3870 922 3927 Domini
955 3872 1104 3929 dicentis:
1159 3870 1241 3926 delcit.
1256 3868 1466 3925 Siceriteemee
1488 3870 1576 3922 tuum.
1600 3864 1907 3923 secretariorum
1930 3862 1981 3928 ilco,

283 3948 572 4025 Notitimcre,dbrom,
587 3961 994 4029 suoproteycmteenerceatuc
1017 3961 1105 4015 multu
1159 3967 1186 4014 et
1199 3960 1355 4029 reputatum
1370 3960 1408 4012 eet
1434 3957 1462 4011 ei
1487 3954 1523 4009 ed
1546 3956 1695 4027 justitium
1709 3954 1796 4023 (Gen.
1828 3972 1875 4011 xv.
1904 3954 1929 4018 3,
1952 3950 1983 4017 6).

282 4038 511 4112 eritootdcffien.
522 4060 568 4108 xv,
585 4044 624 4114 1).
645 4044 745 4108 Quem
767 4062 820 4101 cur
834 4051 900 4119 post
924 4045 992 4104 belli
1017 4063 1105 4123 even·
1158 4046 1233 4113 Quid
1247 4044 1371 4102 credidit
1384 4044 1398 4099 1
1410 4044 1469 4101 lieo
1483 4046 1538 4113 est,
1558 4058 1616 4099 non
1633 4041 1738 4100 solum
1773 4041 1982 4099 multitudinem

283 4125 557 4200 tumlSpondende
572 4132 716 4189 mercedis
730 4133 901 4190 loousnunc
916 4140 989 4192 erat.
1007 4136 1104 4193 Minus
1159 4133 1334 4207 populorum
1352 4133 1382 4189 iu
1402 4130 1551 4189 Christum
1585 4131 1794 4200 credentium,
1825 4132 1878 4188 sed
1906 4129 1982 4185 etiarn

282 4212 361 4271 enim
376 4214 510 4273 mirabile
523 4219 639 4287 iaceret,
655 4220 681 4277 si
706 4227 826 4278 secutas
849 4223 1030 4295 promissum
1053 4224 1103 4281 Dei
1158 4222 1281 4278 celestis
1296 4221 1395 4294 gratie
1415 4219 1611 4293 splendorem,
1628 4224 1656 4275 et
1673 4221 1929 4277 resurrectionem
1952 4212 1985 4267 ri·

282 4303 487 4361 eseethostem
502 4306 635 4364 adorsus.
665 4308 798 4366 victorie
812 4327 933 4368 moerus
954 4328 1102 4385 proeesse·
1159 4308 1379 4367 teimmortalie
1395 4307 1487 4365 soboli
1512 4306 1648 4363 llcolesie
1680 4308 1894 4366 deferendam.
1922 4300 1984 4372 Ouid

284 4390 578 4465 ratadtriumphum
592 4393 688 4469 magis
709 4398 857 4465 invitatus,
886 4416 976 4471 quam
1004 4417 1103 4473 prom·
1157 4405 1201 4456 est
1215 4404 1313 4456 autem
1327 4398 1405 4471 quod
1420 4397 1461 4454 ait
1481 4394 1604 4452 :Ediscat
1620 4412 1687 4453 eam
1723 4400 1806 4469 sores
1829 4396 1909 4470 (ibid.
1936 4389 1987 4461 5)1

282 4478 351 4547 ptus
366 4478 403 4533 ad
417 4479 551 4551 gloriam,
567 4484 661 4541 velud
678 4485 878 4543 ulciscendum
891 4487 1006 4559 pietatis
1023 4488 1102 4546 doio·
1157 4489 1310 4560 Tanquam
1326 4487 1403 4543 ieras
1417 4482 1552 4541 educitur
1567 4483 1728 4557 propheta,
1761 4489 1798 4543 ut
1812 4488 1897 4543 exeat
1924 4482 1989 4538 iores

281 4572 490 4637 remparatus.
516 4570 700 4643 Propositum
718 4574 771 4647 pie
801 4576 909 4633 mentis
939 4574 1297 4649 mercedechorporis,
1315 4572 1823 4647 etangustiascar-uisoperientis,
1847 4591 1882 4630 ao
1907 4566 1988 4642 epiri-

282 4667 341 4708 non
355 4655 475 4726 expetit,
495 4658 545 4713 sed
561 4675 613 4730 pro
646 4662 779 4719 mercede
812 4663 900 4721 habet
933 4665 1001 4722 boni
1034 4667 1100 4722 lacti
1157 4663 1315 4721 tussunati
1330 4662 1516 4718 inlusionem.
1533 4661 1657 4717 etvelut
1686 4664 1864 4736 quamdam
1884 4661 1988 4718 descen·

281 4742 547 4811 conscientiam,et
576 4747 652 4817 justi
666 4750 763 4821 operis
795 4753 941 4809 affectum.
962 4758 1102 4829 anguste
1155 4752 1268 4809 sionem
1291 4752 1395 4807 videat.
1418 4750 1537 4821 Oportet
1556 4764 1609 4805 uos
1632 4766 1764 4824 quoque
1790 4752 1873 4808 exire
1891 4766 1925 4806 ox
1951 4746 1989 4800 his

315 4886 372 4958 (18)
386 4886 470 4942 Rom.
487 4886 568 4959 edit,
586 4894 666 4947 terre
679 4894 863 4965 piperensium.
879 4894 950 4951 Alie
965 4913 998 4953 sc
1026 4915 1100 4957 mss,
1156 4894 1241 4950 uicus
1251 4891 1370 4965 aliquod
1386 4889 1417 4947 in
1432 4888 1498 4946 aliis
1521 4891 1644 4971 vocibus
1669 4890 1858 4951 delitescere
1875 4911 1881 4961 ;
1908 4902 1991 4969 neque

279 4973 392 5021 omnes.
412 4960 494 5015 terre
506 4960 657 5029 eieceritis.
674 4962 724 5019 uer
739 4969 837 5021 autem
859 4966 899 5023 ibi
913 4965 1026 5040 ellipsis
1040 4969 1101 5027 dic·
1156 4964 1233 5022 enim
1250 4968 1351 5035 aptum
1380 4960 1722 5028 sensumhincclrcias,
1740 4965 1768 5021 si
1796 4965 1939 5037 despire,
1966 4974 1990 5013 ru

279 5028 404 5094 uenum,
420 5046 480 5101 que
494 5039 570 5096 aaut,
585 5034 630 5087 vel
643 5034 758 5090 scilicet.
778 5036 839 5092 Vox
857 5038 956 5103 etiam,
984 5041 1100 5111 pianen-
1155 5036 1314 5108 respectare,
1331 5038 1383 5090 aut
1404 5033 1530 5089 diuinum
1552 5034 1690 5103 sororem,
1710 5034 1744 5091 in
1776 5034 1877 5094 divino
1898 5040 1991 5107 tunore.

278 5102 328 5169 tie,
345 5100 459 5173 passive
484 5101 611 5157 sumitur
637 5120 690 5175 pro
713 5106 830 5187 genitis,
852 5110 1100 5179 quemadmodum
1156 5126 1212 5163 nou
1230 5105 1402 5162 mutaveris·

277 5171 387 5227 vehens
422 5170 529 5228 dieitur
566 5188 582 5229 a
619 5176 748 5247 probatis
785 5179 953 5235 auctoribus
990 5182 1020 5237 in
1050 5185 1098 5256 qui
1191 5173 1991 5249 (20ltlonstanteriaBibliislsgitur,incertectorcu·

277 5242 402 5298 1111111111-
1153 5250 1192 5305 ltu
1207 5249 1352 5321 sapientie
1366 5254 1430 5303 tae.
1445 5246 1554 5301 Tamen
1564 5248 1631 5302 ante
1661 5246 1874 5305 Ambrosium
1903 5244 1992 5313 Orige-

313 5312 370 5383 (19)
384 5311 502 5369 Nullam
516 5312 571 5369 hoo
586 5314 648 5372 loco
661 5316 855 5375 differentiam
872 5336 942 5377 mss.
954 5322 999 5377 vel
1027 5324 1096 5381 edit.
1155 5336 1207 5377 aes
1221 5320 1300 5375 hunc
1315 5318 1412 5373 locum
1425 5315 1554 5374 laudavit
1569 5314 1636 5372 etin
1654 5318 1759 5375 textu.
1785 5320 1909 5376 Videsis
1935 5312 1992 5371 Phi·

278 5398 336 5453 pre
351 5397 383 5438 se
395 5382 502 5449 terunt,
520 5384 575 5440 nisi
592 5389 670 5458 quod
687 5389 736 5443 ubi
752 5404 854 5445 omnes
869 5392 942 5447 edit.
959 5397 988 5448 et
1011 5393 1099 5465 pleri·
1152 5390 1261 5448 looaiie
1276 5406 1339 5461 cup.
1357 5388 1400 5442 18.

277 5468 333 5523 que
348 5468 422 5509 mss.
442 5452 657 5528 habent,j1etir
671 5460 820 5524 erroribus,
837 5462 920 5517 corb.
938 5460 1019 5534 legit,
1045 5466 1097 5521 'rcr-
1188 5462 1244 5533 (21)
1260 5461 1330 5516 Mss-
1347 5460 1447 5525 'lum-2
1462 5456 1542 5514 Veli·
1558 5461 1589 5513 θῑ
1616 5461 1685 5513 ini·
1711 5460 1806 5525 editu
1833 5460 1994 5534 1111111111δ

277 5524 312 5577 tie
359 5522 509 5604 doloribus.
540 5525 633 5599 Magis
657 5532 818 5599 commode,
845 5549 912 5588 cum
936 5534 972 5589 de
999 5482 1098 5593 doiore
1152 5532 1266 5589 nertioit.
1285 5531 1380 5593 Rom..
1420 5529 1474 5585 1101
1502 5530 1600 5585 mliii
1630 5530 1768 5602 audivit,
1799 5532 1873 5588 ists·
1903 5528 1990 5590 0⁰⁸³*

276 5608 334 5673 quo
349 5594 514 5663 patriarcha
527 5596 564 5651 eb
581 5599 678 5655 iratris
693 5601 786 5657 silium
802 5608 921 5676 captum
937 5608 1024 5677 atque
1046 5608 1096 5663 ab·
1153 5604 1254 5677 teng,
1270 5602 1351 5659 Coib·
1367 5605 1396 5657 θῑ
1439 5616 1494 5668 sse
1509 5616 1562 5672 1110
1576 5598 1692 5657 11001143
1709 5606 1772 5661 etc.

272 5666 389 5733 pactum
405 5663 525 5720 allectus
546 5673 617 5737 erat,
633 5668 679 5726 hic
712 5678 827 5744 agatur.
865 5675 954 5747 Atqui
982 5677 1098 5735 ridetur
