4159 6184
283 290 339 349 551
1010 288 1043 349 S.
1066 283 1255 350 abetost!
1892 308 1937 369 552

284 418 321 474 lis
337 436 344 474 :
361 432 424 489 qua
449 432 515 476 vero
542 415 656 486 lertilis,
678 417 738 473 bac
753 417 831 475 8444
849 422 879 474 44
896 419 1009 476 444444.
1030 418 1104 484 Ouid
1119 423 1147 489 Α
1162 418 1275 475 malitia
1294 421 1531 493 deprehenditur,
1556 425 1695 497 quoniam
1718 443 1767 499 per
1788 428 1939 505 disciplicere

282 505 359 562 44444
383 504 470 578 pleno
494 522 564 579 agro
588 505 752 580 pulchrius,
774 522 842 563 cum
867 522 951 581 seges
971 506 1103 577 44444444,
1158 508 1227 564 boni
1243 508 1353 566 malum
1368 512 1522 583 reperitur.
1539 512 1652 570 Bonum
1668 518 1763 572 aulem
1777 516 1864 577 444444
1882 529 1941 595 eget,

281 608 348 650 oum
367 610 456 668 poma
474 593 633 663 irrutilant,
652 592 697 649 vel
717 610 784 651 curn
803 610 926 652 uvarum
953 598 1031 652 44444
1054 596 1103 652 de·
1158 596 1216 653 sibi
1241 598 1380 668 abundat,
1402 616 1582 673 mensuram,
1606 607 1636 659 44
1658 604 1859 677 perlectionem,
1872 609 1943 669 4444

280 684 417 755 pendent,
435 686 486 740 aut
499 684 597 741 baccis
611 685 718 739 onusta
732 682 795 740 olea
809 684 962 753 curvescit,
975 682 1019 741 vel
1034 684 1104 739 viri·
1158 700 1275 758 quoquo
1289 686 1393 744 tribuit
1407 690 1555 758 omnibus,
1578 690 1608 746 in
1635 707 1693 763 quo
1718 694 1858 753 coniveres
1876 715 1943 757 cone

280 772 360 830 danti
376 773 507 847 gramine
531 770 676 829 montium
696 772 818 829 vertices
837 772 958 829 vallium
978 771 1104 829 humilia
1156 776 1221 830 tant
1241 778 1271 831 et
1295 776 1331 832 de
1354 793 1412 849 quo
1436 778 1535 835 omnia
1555 779 1692 852 pendent.
1707 780 1770 839 4444
1788 781 1945 843 boninatura

278 861 462 921 vcstiuntur?
485 860 520 917 444
544 864 576 916 44
597 859 753 933 Scriptura
778 865 897 918 utamur
921 861 1101 933 testimonio,
1157 866 1211 931 est,
1228 880 1292 936 que
1307 869 1436 922 mentem
1451 867 1552 940 replet.

277 952 367 1009 Jacob
387 952 511 1007 decorus
525 953 588 1007 erat
605 967 611 1006 :
629 954 658 1007 et
672 949 736 1007 ideo
760 954 822 1007 crat
842 950 914 1007 odor
937 950 999 1024 agri
1022 950 1100 1023 pleni
1190 952 1236 1007 ol.
1250 952 1333 1010 Circa
1345 952 1401 1011 boc
1414 960 1547 1012 versatur
1560 956 1660 1014 anima
1675 974 1756 1030 pura,
1766 958 1818 1016 hoc
1830 959 1945 1036 introspi-

277 1040 352 1111 (een.
382 1055 470 1106 xxvii,
494 1038 540 1111 27)
567 1054 574 1095 ε
598 1040 675 1097 Esau
699 1039 836 1111 hispidus
859 1042 922 1096 4444
945 1040 1023 1111 (44444
1055 1039 1101 1109 44)
1155 1040 1206 1110 444,
1222 1045 1251 1098 44
1265 1047 1358 1099 Deum
1373 1044 1590 1102 cernit2bonis
1602 1047 1739 1103 omnibus
1751 1047 1946 1109 abundatllnde

275 1134 304 1184 et
318 1128 485 1195 indecorus,
500 1134 529 1185 et
543 1127 607 1185 ideo
623 1128 747 1202 agrestis
762 1132 834 1197 erat,
850 1128 901 1201 qui
921 1128 1035 1185 4444444
1054 1128 1099 1184 ul·
1155 1133 1183 1185 et
1205 1130 1247 1186 ait
1262 1147 1269 1186 :
1285 1134 1385 1189 Fauces
1406 1136 1465 1206 ejus
1478 1134 1645 1202 dulcedines,
1669 1138 1697 1191 et
1718 1144 1785 1193 44444
1806 1137 1948 1195 daimon

274 1217 319 1274 los
348 1216 455 1275 babere
478 1232 536 1275 non
559 1222 668 1290 posset.
696 1218 734 1273 444
758 1217 823 1291 ipsc
847 1233 963 1290 quoquc
977 1217 1100 1274 Domino
1154 1217 1245 1290 (Ceut.
1262 1237 1290 1290 v,
1307 1220 1362 1293 46).
1383 1222 1522 1279 Omnium
1545 1223 1624 1280 enirn
1646 1225 1790 1281 bonorum
1809 1230 1948 1284 auctorest

275 1312 465 1380 posteaquam
478 1306 613 1363 Ecclesia
628 1306 837 1363 fecunditatem
854 1306 922 1363 lecit
933 1322 1098 1379 assurgere,
1155 1308 1231 1364 Deus
1251 1326 1258 1364 :
1279 1313 1308 1367 et
1330 1326 1395 1383 quoa
1421 1316 1501 1381 suut,
1528 1312 1593 1385 ejus
1617 1314 1746 1386 prolecto
1769 1314 1862 1371 omnia
1882 1321 1946 1371 sunt.

274 1396 396 1469 pulchra
422 1396 534 1452 dictum
561 1400 607 1452 est
631 1412 638 1450 ε
664 1396 796 1453 Dominus
819 1398 953 1467 reposcit,
978 1395 1099 1452 decorem
1152 1396 1305 1470 Nusquam
1321 1399 1377 1471 (te)
1390 1399 1451 1457 illic
1465 1401 1592 1471 malum;
1612 1402 1685 1459 etsi
1705 1403 1735 1460 iu
1754 1400 1802 1459 illo
1820 1420 1894 1460 mens
1910 1420 1949 1460 uo

273 1484 364 1543 induit
388 1485 473 1559 (Prot.
503 1501 570 1553 44444,
597 1484 635 1555 4).
665 1485 699 1540 444
727 1483 795 1540 alibi
819 1502 826 1540 ι
852 1484 1052 1556 Contrariorum
1072 1487 1099 1539 et
1152 1490 1215 1542 stra
1233 1492 1359 1556 maneat,
1379 1488 1491 1546 malum
1511 1490 1613 1548 nescit.
1634 1490 1739 1547 Anima
1757 1490 1843 1564 igitur
1858 1492 1949 1563 quain

272 1577 390 1647 speciem
422 1574 540 1630 44444444
571 1572 659 1646 (Ρ444.
694 1590 753 1644 4444,
791 1573 828 1645 4).
871 1573 975 1645 Liquet
1007 1573 1099 1645 igitur
1152 1574 1210 1631 lieo
1226 1593 1283 1632 non
1299 1582 1407 1645 manet,
1421 1577 1486 1650 ipsa
1500 1576 1557 1635 sibi
1571 1579 1828 1636 auctormalorum
1841 1580 1948 1647 est;ita-

273 1665 412 1721 decorum
442 1664 471 1719 id
496 1679 571 1731 esec,
601 1662 679 1734 quod
708 1662 865 1718 iocundum
887 1678 893 1716 :
914 1661 1096 1729 indecorum,
1152 1667 1461 1738 quopeocattanima
1482 1670 1580 1723 autem
1604 1683 1667 1741 qua
1692 1670 1800 1742 peccat,
1820 1668 1947 1726 morietur.

273 1754 350 1825 quod
371 1752 572 1809 infecundum.
595 1750 707 1807 Similis
729 1754 774 1807 cst
792 1767 882 1807 cause
901 1751 1004 1806 444444
1024 1750 1095 1818 4444;
1150 1752 1255 1808 tureis
1269 1752 1348 1810 enim
1361 1753 1485 1811 vinculis
1501 1754 1598 1811 soluta
1612 1756 1754 1812 virtutum
1768 1772 1856 1829 prona
1875 1756 1949 1812 444444

272 1841 342 1917 quia
360 1858 394 1897 ca
413 1842 518 1897 decora
536 1841 645 1910 anima,
670 1857 733 1913 que
753 1840 877 1896 4444444
904 1838 944 1896 444
970 1838 1094 1909 meritis,
1148 1840 1309 1915 praecipitio
1328 1842 1393 1915 (43),
1414 1844 1451 1899 ad
1470 1843 1617 1901 interiora.
1634 1845 1741 1901 Anima
1763 1848 1857 1901 autem
1878 1844 1948 1899 beata

272 1930 397 1987 4444444
411 1929 541 1987 444444444
558 1946 564 1983 :
581 1928 767 1985 4444444444
788 1944 853 2001 quse
877 1926 995 1995 sterilis,
1012 1927 1094 1983 44444-
1148 1932 1202 1999 444,
1219 1946 1308 2002 quam
1326 1931 1385 1989 ulla
1400 1932 1522 1989 adversa
1536 1932 1665 2006 corporis
1681 1932 1782 2006 prelia
1791 1935 1948 2005 expugnant,

272 2018 388 2076 mitates
402 2018 511 2075 etenim
525 2019 629 2075 444444
644 2022 714 2073 sunt
729 2017 785 2091 (39)
801 2016 940 2077 sterilitas
957 2020 985 2072 44
1001 2020 1092 2073 mate·
1148 2017 1213 2073 llaec
1242 2020 1341 2076 anima
1364 2021 1441 2077 sicut
1464 2038 1566 2095 passer
1589 2022 1695 2094 laqueo
1718 2022 1848 2092 contrito,
1862 2019 1948 2076 avolat.

270 2106 473 2179 riarnamdue
494 2123 558 2163 earn
583 2106 723 2163 sterilitas
747 2105 1091 2172 tructudclraudatsuo,
1146 2106 1225 2162 Esca
1253 2106 1331 2164 euim
1360 2108 1505 2166 malorum
1531 2115 1605 2167 sunt
1634 2110 1799 2182 voluptates
1817 2124 1948 2181 corporee.

270 2197 398 2270 inopiam
413 2196 509 2260 interi,
525 2196 661 2252 timorem
676 2192 893 2263 incutit,adclet
907 2193 1091 2266 cupiditates,
1147 2194 1198 2252 4444
1230 2197 1366 2269 quisquis
1393 2198 1530 2268 intendit,
1550 2198 1656 2271 laqueo
1686 2198 1811 2256 innectit
1839 2195 1949 2256 44444444

269 2290 298 2341 44
313 2302 403 2343 vanas
417 2284 569 2358 opiniones
594 2301 600 2339 :
628 2285 670 2341 444
695 2284 794 2339 anima
817 2283 903 2339 cadit.
927 2282 1000 2348 Quid
1023 2298 1091 2355 ergo
1147 2300 1242 2340 suam.

270 2380 315 2431 cst
330 2373 453 2443 malitia,
469 2374 523 2430 uisi
549 2373 619 2429 boni
645 2371 898 2445 indigentiall'ide
919 2370 948 2427 S.
965 2372 1090 2444 August.
1182 2372 1256 2430 244
1291 2375 1336 2430 42.
1370 2374 1424 2440 044
1448 2380 1547 2433 autem
1566 2376 1602 2432 ab
1621 2376 1700 2433 escis
1726 2376 1791 2448 ejus
1815 2376 1947 2447 temperat,

268 2462 319 2519 lib.
335 2480 344 2520 1
358 2470 445 2521 44444.
461 2462 515 2519 444.
530 2462 626 2533 Peleo.
647 2477 711 2533 cap.
724 2460 773 2533 9)4
787 2462 845 2517 Suo
869 2459 948 2516 enim
972 2460 1091 2516 4444444-
1145 2464 1174 2517 44
1187 2462 1224 2518 44
1234 2462 1362 2519 tenebris
1377 2464 1441 2535 ejus
1455 2463 1523 2536 exit,
1539 2465 1604 2537 ejus
1619 2464 1721 2520 anima
1735 2462 1836 2539 fulget,
1850 2467 1879 2519 ut
1891 2460 1950 2517 dilu-

268 2553 364 2620 datur,
378 2555 465 2623 atquc
480 2548 583 2607 alienis
596 2548 886 2623 indiget,exinanitur
900 2550 986 2620 atque
1001 2547 1091 2621 reple·
1145 2548 1257 2616 culum,
1280 2551 1318 2607 de
1340 2566 1399 2625 qua
1421 2551 1530 2608 dicitur
1545 2571 1552 2608 :
1569 2553 1705 2622 ormam
1732 2553 1791 2610 4444
1811 2557 1849 2608 est
1859 2549 1949 2623 prospi-

267 2644 314 2696 tur·
329 2640 392 2697 sine
408 2636 468 2695 ullu
491 2655 629 2696 mensura
644 2644 672 2695 ot
687 2638 781 2695 modo.
809 2636 971 2695 Materialia
991 2640 1090 2693 autem
1144 2643 1218 2697 44444
1240 2647 1370 2713 tunquam
1391 2640 1687 2714 diluculum,opeoiooc
1701 2644 1771 2699 44444
1794 2641 1858 2697 luno
1875 2638 1951 2709 (4444.

265 2727 335 2785 vilia
349 2728 454 2785 animae
468 2728 646 2785 obumbrant
661 2727 965 2801 gratiamlgnorantia
981 2732 1010 2785 et
1024 2734 1092 2787 cont
1144 2747 1182 2796 vr,
1198 2728 1249 2798 9)t
1260 2729 1404 2802 Prospicit
1428 2731 1506 2786 enim
1529 2735 1674 2804 tanquam
1698 2733 1736 2788 de
1758 2731 1843 2788 domo
1864 2728 1949 2784 libera.

266 2816 446 2890 cupiscentia
460 2816 565 2873 444444
580 2821 649 2871 4444
665 2815 853 2888 egritudines
870 2834 876 2871 :
893 2816 944 2872 sed
962 2818 997 2874 ad
1023 2836 1089 2891 spe·
1144 2819 1201 2875 Nec
1217 2818 1287 2874 dicit
1303 2836 1310 2873 ε
1327 2819 1455 2877 Tenebrae
1476 2822 1636 2892 cooperiant
1659 2836 1717 2888 me,
1732 2824 1759 2876 ct
1780 2821 1890 2892 parietes
1909 2815 1952 2869 ctr-

266 2908 340 2962 ciem
360 2905 416 2977 (40)
442 2904 536 2979 magis
559 2920 649 2977 quam
673 2904 709 2961 ad
734 2904 888 2962 materiam
912 2905 1087 2964 reseruntur.
1144 2907 1273 2963 mmdont
1292 2924 1346 2977 me,
1363 2912 1390 2964 et
1407 2910 1468 2980 quir
1486 2911 1538 2964 orit
1557 2910 1583 2964 ri
1605 2908 1681 2965 uidet
1699 2910 1855 2965 4444444444
1872 2902 1950 2976 (suti.

266 2993 388 3051 ltlcteria
401 2997 446 3051 444
460 3009 538 3064 4444,
552 2992 663 3065 species
678 2996 723 3049 cst
742 2993 907 3065 ignorantia
930 2998 959 3051 et
981 3011 1088 3053 conou-
1142 3014 1211 3065 4444,
1226 2996 1290 3067 2444
1314 2996 1370 3053 Sed
1390 2996 1455 3070 ipsa
1473 2996 1567 3071 magis
1580 2997 1679 3054 lucem
1695 2997 1805 3071 expetit
1816 3000 1951 3065 tamquam

265 3082 478 3156 piscantia.Cur
492 3081 582 3157 igitur
595 3098 662 3139 4444
678 3087 911 3151 accusatur,cum
922 3087 1009 3140 tantae
1020 3090 1090 3141 sunt
1144 3085 1173 3141 in
1186 3085 1387 3159 superioribus
1400 3084 1506 3141 domus
1521 3102 1591 3153 suas,
1606 3086 1636 3142 id
1649 3091 1708 3154 est,
1725 3084 1853 3158 corporis
1866 3082 1916 3148 sui,
1928 3080 1952 3135 et

265 3174 294 3229 in
310 3172 403 3246 specie
417 3170 518 3230 lobes?
533 3171 607 3239 Quia
621 3170 695 3228 nibil
711 3171 823 3245 species
837 3176 934 3245 potest
949 3172 1011 3231 sine
1027 3176 1124 3245 mec
1142 3190 1232 3247 supra
1255 3174 1400 3229 mundum
1429 3173 1525 3247 posita
1552 3173 1686 3231 44444444
1712 3175 1851 3239 44444444,
1873 3174 1899 3227 44
1921 3166 1950 3223 ad

264 3261 345 3320 teria.
362 3260 493 3335 Denique
510 3259 584 3318 nihil
609 3260 720 3334 species
743 3260 853 3318 securis
877 3261 941 3319 sinc
965 3264 1087 3321 materia
1140 3266 1249 3319 esterna
1268 3278 1299 3318 se
1317 3262 1420 3330 elevat,
1448 3265 1481 3317 ut
1505 3261 1563 3318 Deo
1589 3262 1682 3328 adsit,
1700 3263 1766 3335 ,iam
1786 3260 1881 3316 lumen
1898 3270 1953 3313 suo

265 3351 342 3410 lacit.
358 3350 433 3417 Quid
448 3350 527 3408 enim
542 3354 620 3407 essct
634 3349 879 3423 concupiscentia,
889 3351 947 3407 4444
961 3368 1025 3408 eam
1038 3369 1086 3409 ca·
1139 3368 1206 3408 rum
1221 3368 1343 3424 operum
1358 3351 1434 3407 sicut
1448 3349 1520 3407 luna
1534 3351 1633 3407 orbem
1649 3368 1743 3407 suum
1759 3353 1820 3407 toto
1835 3343 1952 3405 orbecir

265 3456 296 3496 ro
311 3438 527 3497 inflammaret?
542 3438 639 3515 Frigst
653 3439 683 3494 in
699 3438 829 3508 senibus,
842 3439 871 3494 in
896 3439 994 3513 pueris
1010 3458 1085 3514 quo·
1140 3440 1316 3498 cumierens.
1848 3448 1854 3460 ’

264 3545 330 3602 que,
353 3528 423 3601 quia
445 3528 476 3584 in
497 3528 544 3585 bis
568 3545 674 3601 corpus
699 3528 849 3584 4444444444
864 3531 909 3585 est
926 3544 932 3583 :
949 3529 1031 3585 ardet
1054 3530 1085 3586 in
1175 3530 1219 3586 43.
1240 3528 1321 3595 Quod
1348 3532 1446 3585 autem
1470 3526 1578 3602 Aquila
1597 3528 1638 3584 ait
1658 3547 1668 3585 z
1691 3529 1800 3586 Sonam
1823 3528 1890 3582 44444
1908 3520 1951 3585 444,

264 3617 498 3675 adolescentibus
513 3618 542 3673 in
559 3616 724 3690 quibusvis
740 3617 869 3690 corporis
884 3618 1086 3676 4444444444-
1138 3618 1253 3674 4444444
1267 3616 1318 3673 4444
1333 3618 1394 3672 axis
1408 3616 1535 3673 coelestis
1554 3618 1719 3690 conversio,
1736 3616 1865 3689 solisque
1877 3615 1903 3669 et
1915 3608 1953 3665 44-

263 3706 309 3763 444
332 3704 421 3781 igitur
441 3706 520 3763 mola
543 3710 606 3763 orta
624 3710 713 3776 sunt;
728 3723 787 3763 non
812 3705 890 3763 euim
911 3706 989 3763 mala
1003 3710 1084 3779 sunt,
1139 3723 1183 3763 nae
1206 3709 1236 3762 et
1258 3704 1409 3763 stellarum
1433 3722 1548 3772 cursus,
1568 3712 1794 3780 concentusque
1815 3703 1954 3777 globorum

262 3796 309 3853 bis
324 3812 387 3871 que
402 3792 554 3869 privantur
573 3795 659 3851 bonis
681 3795 758 3865 (Vide
773 3795 802 3853 S.
822 3796 919 3869 4443.)
936 3796 989 3853 Per
1008 3797 1087 3853 mala
1140 3794 1263 3867 exprimi
1280 3811 1287 3850 ε
1303 3794 1482 3867 quibusdam
1503 3792 1592 3850 ctiam
1619 3795 1736 3853 nostris
1764 3794 1893 3858 ridetur;
1914 3782 1956 3859 qut

261 3890 359 3941 tamon
374 3885 485 3941 iactum
501 3888 555 3953 eat,
583 3888 616 3940 ut
636 3885 713 3953 bona
734 3884 906 3941 eminerent.
921 3885 996 3959 lingo
1011 3884 1087 3941 indi·
1139 3884 1279 3956 quoniam
1303 3884 1390 3939 fldem
1415 3900 1473 3940 non
1497 3883 1608 3939 invenit
1631 3884 1702 3957 (44),
1725 3882 1830 3941 saltem
1852 3880 1957 3954 propter

261 3973 360 4045 gentia
382 3972 451 4031 boui
473 3972 587 4030 malitia
609 3976 664 4043 est,
691 3977 720 4029 ct
747 3972 916 4029 delinitione
938 3974 994 4047 (41)
1016 3972 1086 4030 boni
1139 3972 1264 4047 gratiam
1280 3971 1432 4029 suavitatis
1447 3972 1636 4030 4444444444
1651 3973 1781 4031 alienus.

297 4132 354 4203 (39)
374 4132 447 4189 'l'res
462 4148 534 4189 mss.
561 4148 593 4189 44
612 4136 669 4189 vet.
695 4132 776 4204 edit,
800 4148 862 4215 qua
885 4134 990 4191 sterilis
1004 4133 1086 4205 infir·
1141 4148 1212 4215 nem
1223 4132 1383 4205 adjungere
1397 4134 1519 4215 poterat)
1533 4131 1615 4188 illam
1631 4132 1732 4215 rejicit
1747 4148 1791 4198 ac,
1806 4126 1906 4186 4444444
1918 4139 1957 4179 ra·

261 4206 367 4260 muas.
383 4204 435 4260 Sed
454 4206 529 4261 euim
551 4206 652 4261 animae
673 4212 745 4261 44444.
761 4203 815 4260 Alii
828 4204 886 4260 duo
890 4246 1014 4262 .....
1033 4205 1087 4263 Sed
1141 4204 1272 4261 tionibus
1287 4203 1427 4261 confutat.
1445 4203 1621 4261 Primavero
1635 4204 1725 4263 lectio
1740 4203 1841 4277 aptius
1857 4212 1958 4256 accom-

263 4275 365 4331 demoo
384 4277 488 4333 444444
508 4279 581 4333 aaut.
603 4274 729 4349 Reliqui,
757 4281 785 4332 et
811 4275 894 4332 Rom.
915 4278 984 4333 edit.
1005 4282 1038 4333 ut
1055 4277 1085 4333 in
1141 4274 1366 4401 modaritfm
1379 4291 1446 4330 cum
1462 4274 1498 4356 iis
1513 4291 1578 4356 quaa
1592 4274 1674 4331 idem
1689 4281 1815 4358 sanctus
1828 4274 1859 4329 in
1871 4268 1958 4343 prate·

261 4350 353 4401 tantu.
1141 4350 1221 4403 tione
1240 4362 1257 4401 a
1296 4350 1511 4403 commentaris
1530 4362 1559 4402 44
1579 4345 1717 4403 Psalmos
1737 4347 1821 4403 droit.
1839 4343 1959 4420 Namque

297 4417 353 4486 (40)
368 4416 499 4487 Speciem.
522 4418 610 4492 paulo
634 4419 769 4491 superius
792 4436 844 4493 pro
867 4417 1086 4492 pulchritudine
1140 4416 1208 4473 licet
1228 4416 1268 4471 ibi
1289 4434 1353 4473 eam
1374 4416 1550 4473 sententiam
1568 4418 1673 4473 abesse
1694 4435 1750 4491 pro
1770 4432 1839 4473 vera
1856 4414 1959 4469 44444444

164 4506 169 4513 ·
262 4494 438 4558 sumpserat,
462 4504 540 4545 4444
569 4490 660 4545 sumit
680 4506 732 4563 pro
761 4489 889 4562 quadam
912 4490 1085 4547 accidentali
1139 4489 1263 4545 minime
1280 4487 1652 4561 significet,impossibilem
1667 4494 1772 4545 tamen
1789 4503 1847 4544 non
1863 4484 1959 4539 baben·

263 4560 356 4612 444444
371 4574 436 4684 quae
448 4560 589 4628 animam,
606 4578 663 4618 non
677 4577 784 4634 corpus
799 4562 899 4617 4444444.
1099 4548 1124 4615 D
1139 4559 1208 4615 4444
1232 4560 1306 4615 44444
1328 4559 1456 4616 declarat
1470 4559 1515 4615 bis
1529 4559 1626 4616 verbis
1643 4576 1650 4615 :
1665 4561 1725 4617 4444
1739 4560 1770 4618 id
1782 4560 1816 4617 ob
1829 4573 1882 4614 uso
1892 4561 1961 4611 note

297 4628 352 4701 (l.)
390 4633 419 4685 ta
441 4646 512 4687 msa.
536 4632 637 4703 paucis
658 4648 724 4688 exce
748 4633 795 4703 tis,
819 4634 856 4689 iis
878 4649 913 4689 us
937 4632 1085 4691 interioris
1139 4648 1178 4687 rae
1192 4634 1316 4687 44444444
1330 4630 1436 4687 uidetur
1451 4649 1460 4685 .·
1477 4630 1701 4703 quandoquidem
1725 4648 1781 4687 voe
1803 4632 1889 4686 44444
1906 4638 1960 4695 444-

260 4700 323 4783 444,
363 4701 472 4757 uicum
489 4702 627 4761 omuibus
642 4704 712 4759 edit.
727 4650 1019 4774 tabenttodioeotro
1040 4705 1084 4761 bo·
1139 4704 1209 4759 tiore
1230 4702 1331 4783 ptoure
1353 4703 1645 4785 nemoribus-resultet
1669 4710 1722 4759 444
1743 4700 1892 4761 mentitus,
1912 4698 1959 4750 ett-

261 4789 290 4827 ou
308 4790 324 4826 r
360 4774 391 4828 44
406 4774 521 4829 malitiae
535 4781 584 4844 est,
600 4774 771 4845 definitione,
783 4779 836 4831 cto.
1139 4774 1233 4856 Igitur
1248 4790 1282 4828 ex
1295 4772 1343 4828 hrs
1358 4774 1496 4829 omnibus
1506 4772 1578 4829 locis
1589 4772 1769 4843 huJusmodi
1780 4785 1899 4829 sensum
1909 4764 1961 4821 etti·

297 4843 354 4915 (42)
374 4844 458 4901 Rom.
482 4846 552 4901 edit.
575 4862 642 4901 cum
665 4846 760 4902 tribus
781 4862 865 4914 msa,
889 4850 918 4902 et
938 4862 1001 4920 qaue
1021 4850 1086 4903 4444
1139 4862 1165 4901 cr
1179 4860 1266 4918 possa
1281 4845 1480 4901 arbitramur:
1496 4844 1550 4910 044
1565 4849 1730 4900 concentus
1744 4850 1776 4901 et
1788 4842 1907 4920 siplaoe
1919 4832 1963 4890 lal-

260 4916 328 4985 4444,
345 4920 462 4988 protecto
474 4919 566 4973 omnio
583 4918 653 4974 done
667 4926 740 4983 suut,
756 4925 782 4972 44
794 4934 938 4989 nunquam,
957 4924 1006 4975 etc.
1028 4918 1084 4975 44444
1140 4920 1303 4982 4444444444
1319 4915 1458 4987 quoniam
1473 4917 1510 4971 ad
1525 4914 1612 4971 tidem
1624 4930 1821 4989 nequaquam
1836 4910 1962 4993 perine

262 5002 333 5041 mss.
352 5004 386 5043 ac
401 4987 471 5045 edit.
487 4989 641 5046 nobiscum
657 4989 777 5045 iaciunt.
1139 5004 1197 5043 nou
1212 4986 1308 5044 solum
1324 4992 1464 5060 tanquam
1480 5003 1538 5043 uon
1563 4988 1751 5059 injucundus
1779 5000 1900 5067 proponi
1921 4994 1963 5059 pu

307 5059 351 5129 43)
367 5059 438 5116 Mss.
451 5060 572 5189 aliquot,
584 5062 699 5133 proferro
711 5062 802 5131 (44444
815 5061 977 5143 precipitio.
1139 5061 1207 5125 test,
1220 5074 1321 5115 rerum
1337 5058 1423 5114 etiam
1439 5060 1579 5130 tunquam
1604 5074 1665 5114 non
1688 5057 1816 5119 omnino
1835 5065 1960 5180 rmssossr·

308 5130 353 5186 tlt
381 5130 444 5187 Vct.
474 5149 488 5189 4
512 5132 555 5202 it.,
582 5132 712 5204 quoniam
739 5148 794 5187 reon
826 5136 900 5187 venet
927 5132 962 5187 od
993 5132 1083 5204 fidem,
1138 5128 1217 5186 bilis.
1231 5130 1330 5201 Neque
1345 5130 1423 5185 enim
1439 5133 1592 5202 repugnat,
1603 5132 1636 5184 ut
1650 5130 1736 5201 quod
1752 5142 1808 5185 nec
1823 5144 1875 5201 pro
1896 5118 1962 5179 abite

262 5198 345 5257 44444.
361 5217 429 5257 cum
445 5219 507 5260 mss
523 5204 672 5271 omnibus,
689 5202 792 5259 ultima
805 5202 889 5258 lectio
905 5204 1000 5280 magis
1015 5220 1085 5259 con·
1135 5202 1348 5274 judicamua,id
1364 5218 1422 5256 non
1436 5216 1577 5272 negemus
1592 5216 1658 5257 esse
1672 5196 1963 5273 possibileouodau·

262 5272 339 5325 venit
353 5288 420 5327 oum
436 5273 472 5329 iis
487 5292 551 5347 que
565 5274 750 5343 Ambrosius,
767 5274 787 5329 l.
804 5290 825 5329 11
840 5276 980 5341 44444444,
1001 5290 1026 5331 o.
1051 5291 1083 5342 44,
1139 5278 1198 5331 tem
1214 5273 1255 5329 ait
1270 5272 1368 5329 Sixtus
1382 5275 1448 5328 Seu.
1460 5272 1537 5330 hauc
1551 5272 1725 5343 opinionem
1741 5274 1821 5329 44444
1835 5267 1963 5347 44444444

261 5344 320 5423 {tet
339 5344 365 5411 7,
382 5350 410 5400 44
425 5344 444 5402 l.
460 5362 481 5401 44
496 5346 528 5403 de
543 5346 691 5418 Atratum,
707 5364 732 5403 c.
748 5348 776 5402 8.
792 5334 821 5401 4.
836 5346 882 5413 55,
901 5345 1001 5401 tradit.
1022 5344 1085 5403 lllic
1140 5344 1350 5426 Marcosiorum
1365 5344 1503 5416 dogmata
1518 5344 1771 5411 numerari,idem
1782 5360 1843 5401 non
1857 5346 1914 5399 4444
1924 5352 1962 5419 ¹93

261 5426 341 5493 44444
356 5429 445 5487 agens
460 5430 495 5472 cx
507 5418 637 5489 proleaso
651 5418 686 5473 da
701 5417 756 5475 hac
777 5416 937 5473 harmonia
958 5417 1085 5473 coelcstis
1139 5432 1203 5472 sam
1218 5415 1397 5487 opinionem,
1413 5430 1502 5486 quum
1521 5419 1656 5487 portenta
1680 5432 1750 5489 quaa
1775 5416 1827 5472 isti
1845 5412 1964 5469 heroem

260 5482 1085 5618 44444444444444444444444
1138 5485 1775 5617 44444444444444444
1930 5475 1962 5535 ¹¹·

694 5602 702 5630 r
1345 5601 1352 5616 ·
1532 5598 1538 5614 ·
1574 5598 1582 5629 4
1697 5600 1704 5616 ·
1778 5600 1785 5615 ·

259 5624 349 5689 tuisse
361 5624 391 5687 44
407 5628 570 5707 bagmeuto
583 5646 601 5691 a
615 5631 701 5691 uobis
715 5632 850 5694 restituto
869 5631 954 5692 44444
975 5575 1083 5715 attilo·
