4159 6184
150 345 210 411 869

148 482 230 541 sicut
243 497 297 541 vos
312 481 422 555 dicitis,
438 487 468 541 et
481 489 579 543 errent
600 486 689 543 verba
705 503 779 555 mea,
797 501 850 542 nec
877 501 984 558 oppor·
1002 484 1028 550 Α

148 576 760 676 {1111ssterm?Fletibllmmst'fl'ffissu‘l'ffl
787 575 818 630 ῙΠ
833 591 880 676 {¹¹⁶
894 572 988 630 insui'
1042 603 1098 660 lob
1113 607 1257 663 verboram
1271 610 1502 686 certaminaque
1521 634 1576 674 noc
1606 618 1684 674 aliud
1706 623 1876 694 [credifficc
1902 641 1908 650 ¹

148 665 191 718 tus
206 665 237 719 et
252 678 471 731 conviciamini,
488 679 547 718 non
562 663 783 720 commorantes
798 678 868 736 quia
886 678 904 718 a
930 661 990 718 Do·
1081 676 1146 743 liar,
1162 680 1251 734 vicem
1264 682 1454 740 reticeantur.
1473 687 1559 756 Quam
1571 690 1717 762 poletrum
1729 695 1767 748 sit
1789 694 1879 751 ridere

149 750 236 808 mino
251 751 326 808 mibi
342 752 421 809 uenit
437 751 496 808 ista
510 749 989 826 tentatio,quimevallcqaodam
1079 763 1113 802 oc
1134 756 1227 805 tacere
1255 749 1289 802 in
1316 751 1431 820 obiectis
1458 761 1717 824 criminationibus:
1731 772 1758 820 et
1783 781 1878 838 pam.

150 840 637 916 perturbationumarbitratusest
650 841 835 913 sepiendum.
850 841 990 898 lixsroeor
1079 818 1230 905 “dmidtfm
1241 822 1305 891 9⁰⁸²
1319 836 1481 902 'tibilim
1497 832 1597 913 bosus,
1621 833 1695 888 idem
1714 836 1878 917 [oneribus

150 929 296 999 adversis,
309 927 549 986 circumvallatus
565 927 699 1001 undique
713 928 865 986 laboribus
884 932 914 986 st
938 942 988 1002 ps-
1078 893 1171 949 '’m“
1184 892 1376 964 ‘mmmm
1391 898 1593 959 mmmmm
1605 905 1748 976 “Wlffli-

149 1018 275 1088 riculis;
291 1022 321 1077 et
346 1018 497 1077 insultatis
522 1018 630 1088 adbuc,
658 1017 790 1076 volentes
822 1019 989 1092 opprimere
1077 1018 1106 1072 7.
1121 1017 1157 1073 iit
1170 1017 1276 1072 ridens
1289 1017 1415 1076 tacebat.
1432 1025 1495 1090 one
1512 1026 1624 1084 ratione
1643 1031 1799 1088 tacendam
1827 1033 1877 1101 eit,

150 1125 241 1184 quem
257 1108 401 1166 deberetis
425 1107 543 1180 juvare.
574 1107 647 1164 Dece
666 1105 748 1164 rideo
772 1107 802 1164 in
826 1105 987 1180 opprobia,
1043 1104 1659 1186 doect;«Clamabo,etnondumindicium
1671 1119 1807 1191 (13)(101.
1818 1138 1877 1191 xix,

145 1201 251 1254 etnon
269 1195 382 1269 loquar,
402 1212 457 1252 nec
485 1195 671 1268 respondebo
702 1195 841 1252 conviciis
870 1194 986 1252 matris.
1041 1193 1081 1264 7).
1100 1217 1114 1245 »
1130 1195 1205 1267 lpse,
1222 1193 1332 1266 inquil,
1347 1196 1440 1256 voluit
1455 1219 1502 1258 me
1516 1204 1579 1258 hac
1590 1208 1710 1277 perpeti.
1722 1209 1877 1282 Tanquam

146 1286 210 1343 Non
227 1284 308 1341 enim
324 1297 374 1341 ros
388 1283 461 1341 eutis
476 1283 528 1357 qui
540 1281 708 1356 judicalis:
724 1284 775 1340 sed
800 1283 850 1357 qui
873 1282 989 1355 judicat
1043 1282 1213 1340 muralibus
1227 1283 1442 1344 tentationibus
1458 1290 1578 1349 clausus
1602 1311 1658 1349 uon
1688 1313 1811 1368 possum
1832 1299 1877 1354 iu·

148 1391 206 1442 me,
224 1373 719 1446 Dominusest;etipsiustamen
749 1373 852 1442 iudicii
868 1377 987 1445 tempus
1042 1371 1597 1443 gere,donecplaceatDeodestruere
1622 1383 1791 1442 altitudines
1814 1391 1877 1444 ten-

148 1462 283 1521 nondum
301 1459 988 1534 advenitouidopusclamarsantejudicium‘l
1042 1460 1191 1516 tatianum
1209 1477 1355 1519 mearum.
1374 1464 1591 1524 Nrrucenimsi
1609 1468 1714 1541 clamo,
1744 1475 1877 1532 nondum

147 1552 227 1611 otti
245 1552 417 1608 Bonumest
445 1553 545 1607 tacere
576 1551 647 1606 dum
677 1549 989 1622 exspectaturquiju·
1038 1549 1199 1619 iudicium.
1222 1549 1326 1604 Adhuc
1355 1551 1386 1606 in
1415 1569 1509 1627 agone
1537 1573 1615 1625 sum,
1644 1560 1741 1617 adhuc
1770 1561 1877 1631 luctor,

147 1643 239 1699 dicat.
258 1640 370 1696 Bonum
386 1643 430 1696 cst
458 1639 628 1696 convicium
644 1637 774 1695 conuicio
796 1655 853 1694 non
870 1639 987 1706 rclcrre,
1043 1637 1140 1693 adhuc
1155 1641 1306 1692 certarnen
1318 1647 1454 1710 superest
1462 1642 1686 1712 mihi,nondum
1696 1650 1777 1706 enim
1791 1653 1879 1711 exivit

554 349 605 415 ou
627 348 999 416 runuornnmrrouu
1020 345 1091 413 sou
1112 351 1163 416 nr
1185 354 1307 419 numo
1331 354 1409 454 ulo.
1434 363 1488 426 m.

1368 493 1491 554 aanor
1511 501 1558 558 ru.

1820 377 1879 438 870

145 1747 184 1788 nc
199 1733 229 1788 at
245 1745 299 1787 nos
313 1729 389 1786 inter
402 1727 594 1784 detrabentes
620 1743 861 1810 annrrmsrcmur.

183 1868 214 1924 5.
233 1863 385 1920 imitemur
399 1878 467 1935 ergo
483 1862 568 1918 hano
584 1861 690 1932 virum,
707 1861 758 1934 qui
786 1861 904 1918 silentio
932 1878 986 1920 suc
1000 1855 1025 1921 B

147 1953 348 2028 redarguebat
357 1951 753 2010 conviciantes.0stsndebat
762 1951 841 2009 enim
850 1951 988 2009 virtutem

149 2041 248 2100 animi
269 2040 327 2110 sui,
355 2058 442 2115 quem
467 2039 659 2098 contumelias
683 2057 741 2097 non
769 2045 935 2098 moverent:
960 2046 989 2099 et

147 2130 340 2190 conscientie
354 2129 555 2187 innocentiam
572 2129 790 2198 manifestabat,
807 2129 858 2204 qui
874 2130 989 2201 objecta

148 2238 213 2278 non
240 2223 468 2293 recognosceret,
484 2218 537 2276 sed
553 2217 640 2290 quasi
656 2233 673 2273 a
688 2235 719 2274 sc
746 2217 842 2274 aliena
869 2219 987 2276 rideret.

149 2317 191 2366 At
206 2325 275 2366 vero
290 2324 344 2365 nos
367 2308 453 2380 quasi
465 2306 584 2380 aliquid
607 2306 693 2363 nobis
721 2307 887 2380 objiciatur,
916 2307 988 2364 dum

149 2395 432 2474 purgareaclumus
455 2397 526 2468 (12),
557 2396 750 2452 acerbamus:
784 2396 857 2452 dum
885 2395 988 2454 ulcisci

151 2487 307 2560 cupimus,
336 2484 529 2553 confitemur3
554 2499 623 2541 cum
657 2484 736 2540 dicat
762 2485 914 2558 Scriptum
955 2491 989 2544 ut

151 2579 270 2634 avertas
285 2574 435 2631 dedecoris
450 2589 620 2630 sermonem
642 2573 733 2644 (Prot.
758 2591 846 2640 xxvu,
878 2574 931 2647 11).
961 2582 990 2632 st

152 2665 274 2722 auferas
301 2661 510 2720 vesu'mentum
540 2666 625 2717 tuum
655 2660 734 2734 (ibid.
766 2661 827 2734 13);
861 2664 990 2735 preterit

152 2754 236 2811 enim
248 2751 419 2824 injuriosus.
435 2751 599 2807 iaceamus
619 2766 700 2823 ergo,
716 2755 749 2806 ut
763 2756 924 2824 pretereat,
952 2771 989 2812 no

151 2841 367 2900 vestimentum
382 2844 518 2897 nostrum
533 2843 829 2912 provocatusexurat.
840 2841 988 2916 Scriptum

154 2935 203 2988 est
216 2929 315 2988 enim:
333 2953 347 2981 a
358 2928 423 2986 Noli
437 2929 595 2986 incendere
609 2928 750 2987 carbones
763 2932 932 3003 peccatoris,
953 2950 989 2990 ne

154 3019 232 3076 torte
246 3019 379 3076 exuraris
394 3019 424 3075 iu
439 3018 643 3092 ignessamrne
653 3019 718 3090 ejus
728 3019 821 3092 (Eruli.
837 3037 897 3089 vuar,
914 3023 987 3095 13).»

154 3109 314 3182 Propterea
327 3124 395 3181 crgo
413 3110 535 3165 sanctus
551 3111 627 3162 tacet
635 3123 646 3168 ;
662 3113 692 3163 et
706 3108 731 3164 si
746 3124 847 3166 servus
876 3115 988 3184 proter·

153 3195 282 3264 sitnisi
291 3212 402 3270 pauper
412 3195 603 3257 conviciatus·
618 3197 694 3251 tacet
704 3197 860 3267 justus3st
875 3199 899 3255 si
920 3215 987 3272 psc-

154 3289 240 3344 outor
267 3283 423 3358 opprobria
443 3284 527 3356 jacit,
547 3283 650 3354 justus
667 3283 763 3343 ridet:
793 3291 822 3343 et
849 3287 875 3344 si
909 3288 988 3345 inlic-

157 3391 228 3430 mus
243 3371 401 3443 maledicit,
413 3372 518 3444 justus
528 3371 685 3429 benedicit.

192 3507 220 3561 6.
237 3505 363 3562 'l'acobat
377 3505 465 3561 David
484 3521 550 3561 cum
568 3503 662 3561 Semel
690 3507 769 3564 filins
797 3509 872 3567 Gara
895 3512 988 3568 male-

155 3594 276 3662 diceret,
304 3593 359 3651 lob
389 3594 513 3661 ridebat,
545 3592 653 3648 Paulus
681 3594 882 3668 benedicebat,
912 3599 989 3657 sicut

153 3684 220 3757 ipsc
235 3683 275 3738 ait
286 3700 318 3739 :a
334 3681 547 3742 Maledicimur.
564 3685 592 3738 ct
608 3683 808 3742 benedicimus
819 3687 843 3760 (l
858 3687 920 3745 Cor.
947 3707 987 3756 ιν,

157 3773 214 3844 12.)
229 3795 243 3822 a
259 3771 425 3846 Magisterio
441 3772 550 3845 quippe
563 3769 662 3827 divino
678 3789 831 3844 processus
850 3777 988 3834 humanae

153 3859 275 3918 virtutis
289 3861 431 3918 excrevit:
448 3860 592 3933 quiajam
607 3865 725 3916 venerat
739 3863 789 3934 qui
801 3880 835 3921 ex
845 3865 988 3923 infirmio-

158 3951 243 4006 ribus
259 3949 365 4008 farsrst
380 3948 526 4016 tortiores,
542 3951 572 4004 et
587 3943 720 4008 audierat
734 3951 877 4012 dicentem
891 3973 897 4012 :
909 3978 924 4008 α
935 3957 987 4012 Be-

158 4037 287 4096 nedicits
302 4038 509 4095 maledicentes
537 4037 631 4105 vobis,
655 4043 682 4097 st
697 4043 777 4098 orate
792 4059 844 4116 pro
872 4043 987 4103 calum·

159 4127 312 4184 aientibus
336 4144 387 4185 vos
409 4129 484 4202 (tac.
514 4143 552 4194 vr,
569 4127 625 4200 28).
643 4150 657 4178 a
685 4129 759 4194 Quid
787 4133 875 4190 serbo
903 4135 986 4202 dixit,

1043 1741 1160 1782 corona.
1178 1726 1273 1781 Nemo
1297 1732 1396 1783 alitem
1424 1728 1482 1786 nisi
1507 1732 1556 1804 qai
1573 1734 1702 1806 legitime
1723 1743 1881 1800 certaverit

1044 1818 1218 1872 cunum
1518 1820 1524 1826 ’

1079 1907 1106 1959 8.
1136 1903 1306 1960 Debsbatur
1336 1903 1548 1965 uitiosum
1568 1914 1717 1970 tertium:
1740 1915 1881 1976 amiserat

1043 1992 1145 2050 omnia
1158 2007 1224 2056 sua,
1245 1991 1276 2046 id
1292 1997 1346 2059 est,
1363 1995 1575 2064 patrimonium
1600 2017 1667 2058 cum
1682 2002 1754 2061 tiliis
1768 2022 1774 2063 :
1790 2008 1881 2079 patie-

1043 2082 1132 2137 batur
1145 2079 1269 2136 vulnsra
1283 2098 1352 2137 caro
1367 2083 1453 2155 ejus:
1479 2091 1618 2147 manebat
1640 2095 1674 2148 ut
1702 2095 1879 2155 tentationes

1043 2169 1200 2225 verborum
1246 2171 1386 2228 vinceret.
1428 2174 1491 2231 Non
1535 2179 1679 2237 mediocre
1718 2189 1877 2244 certamen.

1044 2258 1123 2315 cbo
1138 2259 1280 2314 Sermone
1296 2259 1436 2334 deceptus
1459 2270 1507 2322 est
1528 2269 1633 2339 Adam,
1661 2272 1751 2330 serbo
1784 2274 1880 2334 victus

1043 2348 1181 2404 Samson.
1210 2345 1289 2402 Nihil
1306 2349 1385 2406 enim
1413 2353 1456 2408 sic
1485 2361 1619 2427 penetrat
1642 2359 1774 2419 animam
1801 2365 1880 2422 sicut

1044 2451 1143 2494 sermo
1154 2435 1292 2492 iocatus:
1319 2437 1393 2494 nihil
1409 2441 1519 2500 iterum
1534 2446 1577 2503 sic
1592 2449 1718 2521 mordet,
1735 2457 1769 2510 ut
1779 2453 1880 2511 durior

1045 2541 1154 2582 sermo.
1171 2522 1253 2579 liniti
1270 2541 1339 2582 cum
1358 2528 1482 2586 vicerint
1495 2534 1630 2591 adbibita
1642 2540 1800 2613 tormenta,
1816 2558 1877 2601 ser·

1044 2628 1167 2668 monum
1184 2612 1397 2672 duritiamncn
1413 2620 1628 2681 sustinuerant.
1652 2625 1780 2686 Laborat
1807 2631 1874 2698 tob,

960 2743 963 2750 ,
1045 2702 1097 2760 sed
1114 2702 1288 2768 sustinebat,
1304 2711 1333 2760 et
1347 2707 1504 2766 verborum
1515 2712 1602 2783 juxta
1614 2714 1771 2774 vulnerum
1790 2736 1877 2778 onera

1044 2791 1190 2864 portabat.
1208 2791 1288 2847 Vidit
1303 2809 1370 2849 eum
1387 2798 1564 2868 agonotheta
1583 2819 1665 2873 suus,
1682 2806 1720 2862 de
1746 2810 1823 2866 nube
1847 2817 1877 2867 et

1043 2879 1163 2938 turbine
1192 2897 1313 2938 manum
1345 2881 1492 2943 laboranti
1521 2890 1610 2961 dedit,
1635 2899 1664 2950 et
1691 2896 1875 2956 obluctantes

1044 2969 1128 3043 gravi
1141 2968 1224 3042 lapsu
1238 2971 1380 3028 cecidisse
1394 2978 1605 3049 pronuntiavit,
1629 2982 1770 3043 victorem
1794 3003 1875 3046 asso·

1044 3060 1114 3125 ruit,
1131 3075 1266 3116 coronam
1281 3060 1396 3118 detulit.

1080 3149 1107 3204 9.
1122 3147 1197 3214 Quid
1212 3154 1310 3204 autem
1335 3151 1501 3221 pulchrius,
1513 3175 1602 3230 quam
1616 3161 1713 3219 ridere
1726 3181 1796 3222 eum
1810 3170 1877 3225 mail

1003 3223 1025 3290 G
1044 3237 1183 3295 ledicitur
1202 3238 1303 3295 nobis?
1313 3237 1447 3299 Gaudere
1460 3246 1541 3303 enim
1556 3247 1698 3306 debemus
1726 3255 1750 3308 si
1779 3255 1875 3318 aliena

1044 3328 1191 3384 dicantur.
1207 3325 1349 3391 Primum,
1368 3330 1439 3401 quia
1466 3335 1567 3393 volens
1592 3337 1732 3397 inimicus
1762 3344 1874 3416 aliquid

1045 3416 1267 3472 adversumnos
1287 3415 1393 3486 dicere,
1424 3437 1482 3492 quo
1512 3425 1621 3483 crimen
1647 3429 1787 3500 attigeret,
1813 3449 1872 3488 non

1044 3503 1155 3560 invenit
1169 3503 1246 3574 quod
1261 3520 1361 3560 verum
1378 3513 1433 3574 ast,
1449 3512 1501 3566 sed
1517 3514 1590 3570 talsa
1616 3532 1667 3587 pro
1686 3519 1773 3586 veris,
1793 3536 1872 3576 com·

1044 3591 1152 3664 posuit.
1177 3588 1298 3657 Deinde,
1314 3592 1384 3663 quia
1410 3594 1483 3653 dixit
1497 3600 1559 3671 ipse
1579 3603 1721 3661 Dominus
1736 3606 1765 3661 in
1780 3608 1873 3664 Dian-

1043 3679 1117 3755 gciio
1133 3680 1168 3735 de
1183 3677 1354 3751 hujusmodi
1369 3683 1572 3744 criminatione
1587 3708 1650 3762 quae
1666 3693 1872 3752 innocentibus

1044 3769 1117 3825 iulso
1131 3768 1310 3840 irrogaretur
1323 3777 1443 3843 propter
1454 3774 1601 3843 justitiam
1617 3795 1625 3833 ε
1644 3801 1658 3828 «
1685 3781 1816 3838 Gaudete
1843 3791 1872 3842 et

1043 3858 1322 3930 exultatc‚quoniam
1339 3875 1451 3917 merces
1465 3869 1562 3919 vestra
1578 3865 1670 3921 multa
1684 3874 1729 3922 est
1739 3870 1768 3924 in
1799 3872 1870 3928 coelo

1043 3949 1147 4021 (botta.
1163 3964 1190 4016 v,
1208 3948 1262 4021 12).
1280 3970 1295 3998 a
1311 3949 1418 4006 Tacere
1430 3966 1498 4023 ergo
1513 3952 1599 4008 debet
1611 3957 1660 4026 qui
1689 3962 1870 4026 recognoscit

1043 4039 1189 4110 objectum
1204 4054 1211 4105 ;
1227 4053 1263 4094 ns
1277 4036 1386 4096 uulnus
1399 4047 1560 4111 exasperet,
1577 4048 1606 4099 et
1620 4043 1771 4100 scindatur
1793 4047 1868 4102 cica-

1042 4127 1224 4195 trix;tacsre
1239 4131 1267 4183 et
1294 4127 1343 4200 qui
1373 4145 1430 4184 non
1456 4132 1654 4203 recognoscit:
1679 4133 1763 4188 audit
1788 4137 1867 4193 enim

156 4215 293 4290 exemplo
309 4217 450 4289 probarat.
467 4213 599 4287 nonique
614 4216 679 4274 etin
695 4234 780 4276 cruce
809 4223 922 4294 positus
951 4225 987 4281 de
1042 4217 1174 4283 alterius.
1194 4219 1502 4285 consummarem
1519 4222 1596 4292 cuod
1613 4220 1637 4276 si
1653 4222 1867 4286 reseratorum

156 4306 396 4380 persecutoribus
411 4305 474 4363 suis
500 4303 731 4364 conviciantibus
761 4307 817 4366 sibi
845 4312 984 4371 dicabat:
1041 4309 1127 4364 iacit:
1145 4305 1283 4370 etiamst,
1300 4311 1457 4379 Ρθῑθΐίίὓθῖ,
1473 4313 1504 4363 θῒ
1532 4309 1743 4367 0⁰nviclaniem
1765 4313 1866 4372 vulne·

157 4419 172 4447 a
190 4395 495 4462 Patendimittcillis,
525 4393 595 4468 quia
618 4396 755 4453 nesciunt
773 4398 844 4470 quid
874 4401 987 4458 iaciunt
1041 4403 1095 4454 rat.
1109 4398 1218 4453 Tacere
1232 4395 1318 4450 debet
1330 4395 1419 4451 stiam
1435 4395 1483 4452 iile
1498 4399 1549 4470 qui
1564 4399 1599 4455 dc
1612 4411 1774 4460 memorata
1789 4421 1866 4461 mer·

155 4486 234 4556 (Lac.
250 4501 330 4552 mu,
345 4485 411 4556 31);
429 4507 443 4536 u
460 4489 493 4540 ut
519 4487 616 4540 oraret
644 4501 696 4558 pro
723 4485 984 4560 calumniantibus,
1040 4484 1286 4560 cedcprresumit.
1318 4485 1381 4540 Nou
1410 4485 1488 4540 enim
1517 4489 1628 4558 patitur
1651 4492 1865 4562 prejudicium,

156 4574 268 4647 quibus
284 4577 396 4646 poterat
423 4575 486 4647 ipse
502 4573 659 4630 dimittere.
687 4574 744 4631 Jcb
774 4591 843 4649 ergo
859 4577 984 4651 ridebat,
1000 4591 1023 4657 ῃ
1039 4578 1085 4634 cui
1102 4592 1160 4632 non
1174 4579 1220 4630 est
1229 4573 1387 4643 judicium.
1404 4574 1438 4630 lit
1461 4575 1486 4631 si
1507 4577 1595 4632 tuerit
1613 4580 1816 4650 prejudicium
1835 4565 1883 4640 in'

156 4665 230 4736 quia
242 4663 376 4719 nundum
392 4666 511 4720 venerat
525 4661 671 4730 Christus,
687 4662 799 4720 cuisoli
816 4669 987 4727 servabatur
1042 4666 1159 4731 seculo,
1175 4681 1232 4719 non
1248 4663 1304 4718 erit
1320 4663 1473 4734 injudicio
1488 4664 1549 4721 Dei.
1565 4666 1695 4740 lienique
1713 4673 1745 4724 ut
1759 4687 1866 4744 cogno·

156 4765 335 4824 magnarum
350 4752 542 4824 prerogativa
568 4751 710 4809 virtutum
728 4769 734 4809 :
753 4753 823 4826 quia
849 4754 913 4828 ipse
941 4763 987 4817 est
1040 4773 1106 4814 scae
1121 4755 1190 4828 quia
1205 4769 1261 4808 non
1287 4753 1460 4826 prejudicat
1486 4756 1661 4811 contumelia
1688 4757 1771 4811 bona
1795 4773 1863 4813 con·

154 4841 299 4896 virtutum
327 4839 515 4913 principium,
546 4839 623 4896 sicut
664 4840 755 4899 dixit:
790 4865 805 4894 a
843 4843 986 4905 Dominus
1040 4844 1177 4913 scientia,
1189 4839 1631 4910 audisanctumlobdlcentem,
1643 4843 1863 4915 locupletiorem

155 4929 267 4986 creavit
281 4944 327 4984 me
344 4927 521 5004 principium
538 4929 652 4987 viarum
668 4946 789 4987 suarum
805 4931 898 5005 (Prae.
921 4953 983 5006 vm,
1039 4933 1140 5005 utiquc
1154 4935 1258 4988 testem
1278 4947 1367 5004 quam
1384 4932 1409 4988 si
1424 4931 1548 5004 imperio
1564 4932 1642 4987 orbis
1653 4930 1775 4987 Romani
1791 4934 1864 5004 poti-

154 5020 215 5088 22).
230 5038 245 5066 ”
1038 5028 1087 5080 tus
1102 5027 1197 5079 esset:
1214 5043 1228 5073 a
1253 5009 1336 5077 Nunc
1362 5021 1563 5077 obmutescam
1591 5023 1620 5075 et
1642 5018 1859 5093 derelinquam:

155 5168 238 5223 idem
253 5166 400 5241 signitical
409 5186 448 5254 'ac
460 5177 565 5252 πλάνης,
578 5169 615 5226 ab
629 5169 696 5226 aliis
711 5171 909 5255 redditurper
934 5193 983 5233 vo·

155 5242 983 5388 1111111111κῇῦῑξωῇΐεέπξῆὴῇ·

155 5328 239 5454 fegit.
266 5383 387 5456 :Nempe
400 5355 595 5457 etriipoorcoi,
610 5337 719 5440 ηγινιοιιμηῗ
744 5387 797 5442 crit
823 5357 983 5458 ipisci-amic

154 5471 251 5598 ruffi)
267 5524 343 5581 lidii.
359 5525 437 5592 Dra„
453 5525 521 5594 dil,
538 5525 633 5595 itam„
648 5527 682 5584 At
695 5541 759 5584 vcro
772 5529 798 5584 si
824 5529 903 5586 nobb
928 5533 982 5589 oti-

155 5596 224 5672 quid
238 5596 393 5666 obiiciatur,
412 5597 479 5656 dum
492 5615 540 5656 aas
547 5615 674 5672 purpose
686 5599 819 5658 volumus.
844 5605 898 5660 etc.
928 5603 981 5661 Ve-

155 5683 225 5732 rum
240 5667 395 5727 nobiscum
422 5669 532 5730 iaciunt
546 5669 614 5732 soit.
643 5674 709 5735 Am.
726 5674 754 5734 ot
769 5687 839 5732 mse.
869 5689 981 5738 omnes.

1038 5175 1073 5231 lit
1083 5174 1146 5230 baec
1159 5172 1278 5246 quidem
1289 5187 1429 5245 germana
1443 5169 1528 5226 lectio
1542 5174 1597 5236 eet,
1612 5186 1679 5226 cum
1697 5177 1862 5244 opponatur

1037 5246 1118 5303 hisce
1132 5245 1228 5302 verbis
1248 5259 1256 5299 a
1271 5242 1324 5300 Sed
1337 5243 1418 5314 quasi
1438 5257 1498 5297 osc
1512 5241 1606 5298 alieno
1620 5241 1731 5298 rideret.
1749 5243 1775 5301 ls
1802 5245 1861 5302 ita·

1037 5333 1095 5390 que
1110 5317 1164 5373 loci
1181 5331 1286 5372 sensus
1296 5319 1357 5371 est:
1369 5313 1423 5370 Job
1434 5311 1463 5365 in
1474 5329 1505 5368 sc
1515 5312 1601 5380 dicta,
1613 5313 1698 5397 quasi
1710 5313 1775 5372 aliis
1785 5318 1859 5388 0in-

1037 5393 1182 5451 cerentur,
1209 5385 1321 5451 ridere;
1349 5399 1402 5439 nos
1427 5399 1494 5438 sero
1522 5387 1662 5452 convicia,
1688 5403 1744 5443 aon
1775 5390 1860 5460 quasi

1036 5462 1113 5530 aliis,
1129 5459 1181 5516 sed
1195 5455 1280 5529 quasi
1293 5456 1378 5511 nobis
1392 5452 1577 5526 objiciuntur,
1604 5458 1724 5515 molesta
1738 5460 1822 5518 terre.

1072 5531 1130 5604 (13)
1146 5531 1228 5588 Rom.
1242 5525 1312 5584 edit.
1328 5525 1402 5595 sola,
1411 5524 1560 5599 indiciam.
1583 5530 1652 5604 Ipse,
1683 5531 1781 5604 inquit,
1810 5535 1859 5589 lio·

1035 5607 1129 5663 maan
1142 5599 1337 5660 tartacitae:
1352 5599 1402 5660 boc
1414 5605 1462 5667 cst,
1479 5599 1538 5672 ipse
1551 5600 1682 5661 Dimittit
1697 5602 1790 5674 traicit,
1802 5612 1857 5666 etc.
