4159 6184
173 377 220 439 css
666 377 718 440 nn
738 377 861 444 sacca
883 377 933 439 nr
953 331 1044 438 vim
1065 375 1194 439 asam
1217 377 1292 439 nra.
1315 377 1355 440 11.
1801 381 1862 442 εει

174 509 286 580 Magnus
301 506 355 576 vir,
371 509 400 564 et
414 523 479 566 vere
491 509 603 578 heatus,
620 509 671 583 qui
686 510 759 566 nihil
780 510 874 584 potuit
895 526 982 564 ¹suurn
998 509 1024 575 Α
1040 515 1119 564 tuem
1137 526 1169 565 eo
1182 510 1290 582 cespite
1310 509 1416 576 obruit,
1443 525 1500 582 quo
1528 525 1634 565 aurum
1659 507 1777 577 texeris,
1810 510 1860 580 qui

175 597 307 666 amittere,
324 595 397 654 nihil
413 597 542 654 alienum
557 598 675 665 habere,
695 599 750 656 hoo
765 605 819 666 est,
840 598 912 654 nihil
928 598 985 653 mi·
1040 603 1168 653 mantem
1184 603 1263 653 trram
1280 597 1505 655 centesimarum
1521 597 1587 670 (45),
1604 598 1737 653 incurvat
1750 597 1860 665 usuris,

172 703 219 744 nus
238 685 355 754 hahere,
373 685 447 742 nihil
463 686 762 760 superlluum.ltaque
776 687 824 744 ille
839 687 985 760 perlectus
1039 689 1068 741 et
1086 685 1165 758 gravi
1182 685 1279 742 condit
1293 685 1459 758 sepulchro,
1475 686 1510 742 dc
1529 701 1587 758 quo
1601 685 1702 742 nullus
1722 685 1861 760 resurgit.

171 779 217 841 est,
233 774 279 831 cui
295 773 368 830 nibil
386 775 491 831 deest:
521 776 635 846 justus,
664 777 711 832 cui
737 775 810 831 nihil
840 779 984 848 superest.
1038 777 1165 846 Sequere
1179 778 1314 830 sanctum
1333 775 1434 843 Jacob,
1451 774 1775 847 quinequcdealienis
1799 775 1863 831 viti-

172 863 221 920 Roc
235 861 505 936 enimestJ'ustitica
534 867 633 921 tenere
658 879 839 921 mensuram.
872 864 987 928 Quanta
1039 862 1066 918 is
1085 862 1249 935 quidquam
1263 863 1399 930 habebat,
1414 863 1863 935 nequesuarumvirtutumerat

172 951 256 1008 virtus
271 951 357 1022 cujus
371 951 495 1009 societas
509 951 626 1010 lucrum
641 952 739 1020 dabat,
757 969 815 1008 non
839 951 987 1024 irrogabat
1040 951 1137 1007 inanis
1152 956 1182 1007 et
1196 968 1316 1022 vacuus,
1328 952 1379 1024 qui
1389 955 1452 1008 erat
1461 952 1584 1023 justitia
1600 953 1698 1008 fructu
1721 952 1861 1026 repletus.

172 1040 350 1114 dispendium
365 1039 380 1094 ‘l
394 1039 454 1096 Hoc
473 1044 518 1098 est
532 1041 693 1112 perlectum
709 1057 784 1107 esse,
814 1039 986 1096 adherenti·
1039 1041 1094 1097 Sed
1115 1039 1176 1096 hac
1189 1039 1323 1097 moralia.

170 1130 219 1186 hus
233 1127 290 1185 sibi
304 1129 450 1185 commodi
465 1127 626 1202 plurimum
642 1130 722 1199 dare,
739 1127 810 1185 nihil
826 1129 927 1184 allerre
942 1127 986 1184 in·
1075 1130 1121 1184 24.
1138 1128 1213 1185 lllud
1230 1129 1397 1202 mysticum,
1414 1131 1492 1202 quod
1509 1129 1639 1185 vonitad
1668 1147 1735 1186 eum
1765 1131 1864 1187 Leban

171 1217 322 1274 commodi.
1041 1218 1109 1292 (46),
1127 1217 1182 1273 hoc
1201 1222 1256 1285 est,
1272 1217 1436 1289 dealbatus,
1452 1219 1521 1290 quia
1537 1223 1566 1274 et
1594 1220 1718 1276 Satanas
1743 1221 1863 1276 transfi-

201 1307 242 1363 22.
258 1305 389 1378 Denique
404 1305 430 1362 is
446 1305 496 1378 qui
512 1323 615 1362 nccare
626 1305 773 1378 cupiebat,
786 1305 904 1362 inanem
920 1322 987 1361 sum
1042 1312 1128 1380 garet
1144 1323 1175 1362 se
1190 1307 1221 1361 in
1234 1306 1372 1379 angelum
1392 1307 1476 1375 lucis,
1490 1312 1519 1363 et
1532 1308 1620 1381 coepit
1634 1309 1670 1364 ab
1686 1326 1719 1365 eo
1739 1325 1793 1365 sua
1818 1325 1863 1366 re-

171 1412 222 1452 non
238 1394 333 1468 potuit
348 1393 506 1452 dimittere.
522 1395 645 1468 Sapiens
660 1395 738 1450 anim
753 1411 904 1467 nunquam
927 1395 989 1450 ina·
1041 1396 1166 1468 quirere.
1183 1395 1343 1468 Respondit
1358 1396 1384 1451 ei
1398 1396 1488 1452 Jacob
1506 1414 1512 1451 :
1540 1419 1554 1446 α
1570 1397 1717 1471 Cognosce
1740 1398 1765 1453 si
1791 1398 1862 1470 quid

170 1485 211 1541 nis
225 1489 270 1540 est
284 1484 445 1558 (Deposuit.
462 1482 531 1540 dist.
563 1487 591 1554 2,
617 1501 681 1557 cap.
708 1483 844 1556 Sapiens).
874 1500 990 1556 semper
1042 1488 1087 1540 cst
1104 1489 1190 1540 tuum
1205 1485 1281 1556 apud
1298 1501 1345 1540 me
1359 1485 1438 1556 (Gen.
1452 1502 1527 1554 xxxi,
1541 1487 1597 1557 32),
1614 1509 1629 1535 a
1644 1486 1699 1542 hoc
1714 1491 1768 1556 est,
1789 1486 1864 1542 nihil

170 1575 196 1630 in
212 1589 241 1630 se
255 1572 368 1630 hahens
379 1573 520 1629 amictum
539 1572 713 1646 prudentia,
735 1572 785 1645 qui
818 1577 914 1644 potest
942 1572 988 1627 di·
1043 1579 1160 1628 tuorum
1176 1572 1279 1628 haheo.
1302 1575 1402 1638 Quare
1427 1574 1536 1647 siquid
1564 1575 1699 1648 agnoscis
1726 1575 1863 1632 vitiorum

170 1679 228 1718 cere
248 1680 254 1718 :
273 1661 638 1729 «Juaitiaminduebam,
663 1666 692 1716 ct
721 1661 882 1718 vestiebam
907 1660 988 1732 judi·
1043 1666 1162 1718 tuorum
1178 1665 1206 1716 ot
1221 1660 1389 1717 criminum.
1405 1661 1483 1717 Nihil
1507 1679 1621 1718 mecum
1655 1664 1763 1720 abstuli
1790 1665 1866 1721 frau-

170 1751 492 1822 creatuturam),
515 1773 529 1800 »
559 1750 635 1806 sicut
664 1750 736 1805 dixit
763 1749 826 1806 doh.
858 1750 989 1821 Namque
1043 1749 1394 1822 dumtuarum,dolique
1422 1751 1569 1806 consortia
1596 1751 1656 1807 ulla
1685 1769 1742 1808 non
1771 1753 1864 1810 habeo

169 1841 225 1896 haeo
237 1839 344 1896 mentis
361 1843 430 1895 sunt
446 1839 560 1895 interna
575 1837 802 1912 velamina,quae
818 1837 989 1896 nemoelius
1003 1873 1027 1939 B
1043 1839 1111 1910 (47),
1128 1837 1227 1893 omnia
1251 1843 1302 1893 toa
1329 1842 1469 1910 tanquam
1504 1839 1672 1912 contagium
1701 1840 1805 1914 reltrgi.
1830 1842 1865 1897 Rt

167 1928 257 2002 possit
271 1926 395 1995 auterre,
407 1926 463 1985 nisi
480 1945 547 1984 eum
563 1926 690 2000 aliquem
704 1944 759 1985 sua
774 1925 861 1999 culpa
883 1927 987 2000 despo·
1043 1926 1176 1999 quesivit
1191 1927 1298 1993 Laban,
1315 1931 1343 1982 ct
1357 1926 1432 1982 nihil
1447 1944 1536 1983 auum
1551 1930 1667 2000 reperit.
1684 1930 1777 1994 Quam
1800 1931 1866 1987 bea·

168 2017 226 2072 liat.
242 2017 370 2088 Denique
385 2017 428 2072 sic
442 2015 624 2088 despoliatus
637 2017 741 2082 Adam,
765 2016 862 2072 nudus
886 2015 987 2071 inven-
1042 2021 1091 2072 tus
1108 2015 1197 2070 viria
1214 2032 1271 2087 quo
1291 2015 1429 2072 iuimicus
1445 2016 1518 2072 nihil
1539 2017 1651 2073 invenit
1676 2019 1754 2090 quod
1775 2036 1864 2076 suum

167 2109 292 2162 tuaest:
309 2108 339 2160 at
352 2121 419 2160 vero
434 2103 542 2176 loseph
559 2104 647 2160 etiam
662 2103 836 2159 vestimento
852 2104 929 2160 4⁰ss
944 2119 989 2160 ex·
1044 2109 1143 2178 posset
1155 2102 1250 2159 dicere
1266 2121 1273 2159 ε
1288 2102 1319 2159 ia
1334 2120 1392 2175 quo
1408 2104 1542 2161 diabolus
1557 2104 1631 2161 nihil
1645 2107 1775 2175 offendit,
1787 2110 1866 2180 quod
1921 2106 1925 2111 “

166 2194 269 2250 teriora
284 2193 402 2264 rejecto,
416 2192 514 2248 nudus
530 2209 587 2248 nou
603 2197 676 2261 arat,
693 2192 742 2264 qui
759 2191 839 2248 salvo
863 2191 989 2247 habehat
1043 2209 1131 2248 suum
1146 2192 1337 2265 agnosceret!
1361 2193 1544 2264 Impossibile
1558 2194 1713 2250 videbatur
1731 2197 1811 2253 istud
1835 2198 1865 2255 in

167 2282 339 2338 indumenta
352 2280 478 2336 virtutis.
496 2280 652 2352 Nunquam
669 2297 736 2351 ergo
752 2279 848 2335 inanis
859 2279 987 2350 sapiens.
1044 2281 1172 2348 homine,
1189 2281 1239 2336 sed
1254 2286 1356 2353 typum
1371 2282 1445 2337 4441
1463 2283 1581 2354 gerebat
1594 2283 1659 2354 ejus
1674 2285 1724 2356 qui
1751 2286 1821 2343 dicit
1836 2286 1866 2342 ia

167 2368 592 2442 Namquomedoinanis.qui
609 2369 645 2424 de
673 2368 853 2441 plenitudiue
882 2367 989 2424 Christi
1043 2369 1199 2442 Evangelio
1216 2387 1222 2424 ι
1240 2391 1254 2420 a
1270 2369 1356 2424 Venit
1370 2370 1460 2441 hujus
1475 2372 1578 2427 mundi
1605 2374 1751 2446 princeps,
1780 2378 1809 2431 et
1835 2376 1866 2430 in

166 2457 282 2530 accipit,
296 2461 325 2513 et
340 2461 435 2513 servat
450 2461 602 2528 acceptum
618 2457 632 2510 'l
646 2455 796 2520 Quomodo
810 2455 918 2524 inanis,
939 2472 989 2511 cu·
1045 2475 1091 2514 me
1106 2457 1234 2512 inveniet
1249 2457 1322 2511 nihil
1339 2458 1426 2529 (loco.
1442 2474 1499 2525 nv,
1515 2459 1570 2529 30),
1589 2483 1602 2508 »
1623 2461 1701 2516 Nihil
1716 2466 1761 2518 est
1787 2464 1865 2519 enim

161 2549 213 2619 1(ιιε
226 2545 337 2619 repleta
353 2549 397 2602 est
417 2545 526 2614 anima,
542 2561 605 2617 que
627 2549 750 2618 accepte
775 2545 875 2616 gratia
902 2544 988 2600 vesti·
1044 2545 1188 2618 quidquid
1203 2549 1248 2600 est
1262 2544 1381 2614 diaboli,
1394 2547 1472 2618 quod
1500 2546 1612 2602 nullam
1636 2553 1733 2620 potest
1759 2551 1866 2608 habere

165 2639 265 2692 menta
280 2634 407 2691 custodit
420 2632 434 2689 t
448 2632 523 2688 Illud
540 2634 730 2689 metuendum
745 2638 799 2698 cst,
816 2651 852 2688 ne
867 2633 934 2705 quis
948 2631 991 2687 in·
1045 2633 1267 2705 perpetuitatem
1284 2637 1372 2705 atque
1387 2634 1593 2690 substantiam.

164 2724 305 2782 nocentia
321 2722 451 2780 velamen
468 2721 594 2791 amittat,
612 2738 647 2778 ne
662 2721 745 2796 impii
761 2721 909 2794 sacrilege
925 2739 989 2794 per·
1080 2725 1124 2777 25.
1142 2723 1206 2794 lpse
1221 2727 1318 2777 autem
1334 2721 1443 2793 estqui
1464 2723 1706 2794 praefigurabatur
1720 2725 1749 2781 in
1776 2726 1867 2784 Jacob

162 2812 325 2871 secationis
339 2809 809 2884 impressioneterminosjustitire
823 2825 991 2884 supergres-
1044 2810 1188 2866 Dominus
1201 2810 1299 2881 lesus,
1316 2810 1440 2866 duorum
1455 2810 1500 2865 vir
1514 2811 1729 2884 conjugiorum,
1745 2814 1800 2872 hec
1810 2820 1866 2886 est,

163 2903 200 2972 si,
217 2899 426 2957 vestimentum
444 2898 547 2955 anima
563 2915 596 2954 ac
611 2899 719 2955 mentis
743 2899 878 2971 eripiant.
908 2899 989 2964 Quod
1045 2915 1166 2955 consors
1180 2898 1301 2970 quidam
1317 2897 1390 2970 legis
1405 2903 1434 2953 ot
1448 2899 1558 2972 gratiss,
1575 2900 1625 2971 qui
1640 2902 1782 2975 virginem
1811 2906 1867 2962 Ra·

163 3007 222 3046 noa
240 2988 326 3046 facile
340 2989 456 3058 accidit,
473 2986 530 3044 nisi
545 2986 625 3060 prius
641 2987 768 3060 aliquem
783 3004 837 3044 vox
853 3005 912 3044 suae
933 2987 990 3042 ini·
1045 2986 1109 3044 chel
1120 2991 1187 3043 ante
1201 2985 1313 3050 dilexit.
1329 2991 1358 3043 et
1373 2987 1609 3059 praedestinatam
1624 2988 1681 3045 sibi
1709 2993 1740 3047 in
1769 2995 1869 3068 conju·

162 3078 292 3152 quitatis
307 3077 431 3134 exuerit.
446 3075 527 3132 Unde
542 3075 667 3132 etDavhl
684 3075 813 3132 dicit:«
831 3075 860 3131 Si
876 3081 921 3132 est
934 3075 989 3130 ini·
1045 3077 1126 3150 gum
1142 3076 1190 3148 pio
1205 3076 1321 3132 amabat
1336 3075 1452 3132 affectu.
1477 3078 1534 3133 Sed
1562 3080 1702 3150 quoniam
1720 3081 1772 3138 Lis
1802 3087 1867 3140 tan·

161 3167 266 3241 quitos
280 3165 310 3222 in
328 3165 463 3221 manibus
479 3164 587 3220 meis...
604 3164 735 3221 decidam
752 3165 855 3220 merito
870 3165 908 3220 ab
934 3163 990 3219 ini·
1046 3182 1134 3238 quam
1154 3166 1200 3219 lex
1213 3164 1398 3230 subintravit,
1414 3167 1443 3221 et
1457 3164 1549 3221 oculis
1571 3167 1715 3224 iullrmior
1738 3171 1870 3244 obrepsit

162 3256 253 3313 micis
273 3254 346 3310 mois
361 3253 476 3310 inanis:
495 3259 688 3327 persequatur
701 3253 839 3309 iuimicus
861 3253 989 3310 animam
1006 3234 1027 3300 G
1046 3258 1186 3324 tanquam
1202 3254 1436 3325 Synogoga,que
1454 3255 1560 3310 mcntis
1576 3257 1703 3314 cecitate
1719 3258 1869 3316 Christum

161 3361 276 3414 meam,
293 3343 521 3416 comprehendat
533 3344 619 3417 (Ρεαι.
634 3359 685 3410 vn,
703 3343 717 3396 4
733 3347 761 3398 ει
774 3343 812 3414 5).
836 3365 846 3392 ι
1046 3343 1142 3398 videre
1158 3357 1215 3396 nen
1231 3342 1335 3412 potuit,
1364 3343 1613 3414 superabundavit
1641 3346 1734 3419 gralia
1761 3353 1868 3406 sancta

201 3435 252 3491 23.
271 3431 363 3489 Nemo
375 3448 442 3505 ergo
458 3449 493 3488 ex
508 3432 636 3488 inimicis
652 3433 747 3502 potest
761 3435 842 3486 tuam
862 3431 991 3486 animam
1046 3428 1154 3486 Rachel
1169 3429 1246 3500 (Gen.
1261 3446 1339 3484 xxm.
1356 3429 1401 3497 17,
1417 3431 1473 3501 30),
1490 3447 1553 3502 qua
1569 3450 1660 3506 supra
1674 3435 1803 3506 primum
1832 3439 1868 3494 il·

158 3521 427 3596 comprahondere‚
454 3520 510 3577 nisi
540 3521 623 3593 prius
645 3517 742 3575 inanis
763 3517 850 3574 luerit
879 3517 990 3575 ellectu.
1046 3517 1492 3589 ludestexpetitsconjogium,
1513 3536 1576 3592 que
1595 3523 1728 3581 Ecclesia
1757 3529 1864 3600 princi-

156 3609 229 3668 Noli
242 3609 334 3683 igitur
349 3614 478 3665 metuere
494 3609 609 3681 eosqui
638 3610 762 3680 possunt
785 3607 847 3662 auri
862 3606 991 3678 argenti·
1047 3611 1148 3680 patum
1164 3605 1295 3660 laturum
1306 3605 1369 3675 jam
1386 3610 1456 3660 tuac
1472 3609 1600 3665 nominis
1619 3612 1706 3669 suiin
1725 3614 1867 3691 interpre-

157 3715 224 3773 quc
253 3697 410 3771 compilare
434 3697 596 3753 thesauros.
619 3693 826 3752 lstitihinihil
845 3695 991 3750 auferunt.
1047 3695 1157 3751 tatione
1171 3692 1316 3766 signabat.
1333 3693 1421 3747 Beata
1437 3693 1554 3762 Rachel,
1577 3713 1640 3767 qnae
1667 3701 1791 3761 abstulit
1819 3724 1868 3780 op-

158 3790 226 3846 Hoo
239 3787 318 3844 enim
335 3786 472 3842 auderunt
486 3785 562 3858 quod
583 3801 640 3841 non
657 3783 786 3840 habebas
807 3800 813 3838 :
835 3783 889 3838 hoc
913 3783 993 3839 aule·
1049 3780 1199 3856 probrium
1215 3798 1268 3837 suo
1284 3787 1369 3853 partu
1386 3797 1392 3835 :
1411 3782 1492 3837 beata
1517 3783 1635 3855 Rachel,
1651 3803 1715 3858 que
1742 3793 1870 3850 abscou-

157 3881 238 3933 runt
253 3875 332 3948 quod
357 3874 506 3948 possidere
521 3891 579 3930 non
605 3878 720 3946 poteras
738 3889 744 3928 :
775 3872 830 3928 hoc
858 3871 995 3928 auserunt
1049 3872 1093 3927 dit
1104 3869 1387 3942 cultus,erroresque
1401 3871 1633 3945 gentiliumque
1649 3877 1807 3937 simulacra
1823 3898 1871 3939 eo-

158 3966 247 4038 quod
259 3964 382 4021 ernabat
392 3964 521 4020 animam
533 3967 625 4031 tuam,
638 3962 688 4018 sed
702 3962 858 4017 onerabat:
875 3960 929 4016 hoc
940 3977 994 4016 an·
1050 3977 1116 4016 rum
1131 3959 1218 4032 plena
1232 3975 1297 4015 esse
1313 3959 1507 4016 immunditia
1522 3961 1690 4020 declaravit.
1706 3965 1796 4024 Nemo
1811 3987 1873 4026 cre·

159 4056 269 4112 lerunt
284 4052 362 4127 quod
379 4069 436 4107 non
451 4051 649 4124 locupletabat
663 4066 713 4106 cor
727 4055 822 4118 tuum,
833 4049 883 4105 sed
899 4049 996 4121 potius
1051 4050 1102 4104 dat
1112 4052 1238 4121 paterne
1253 4046 1370 4119 pietatis
1385 4047 1485 4104 lanam
1500 4066 1564 4106 esse
1577 4055 1778 4124 reverentiam,
1795 4059 1874 4129 quod

159 4141 364 4217 deprimebat.
383 4162 397 4192 a
413 4139 467 4196 Ubi
480 4140 559 4197 enim
579 4139 666 4196 luerit
681 4139 838 4195 thesaurus
860 4142 940 4206 tuus,
957 4137 997 4193 ibi
1053 4141 1148 4194 stante
1163 4141 1245 4209 patre
1260 4137 1353 4204 sedit3
1381 4137 1760 4212 quoniamscriptnmcst:
1790 4147 1876 4213 «Qui

161 4232 226 4288 erit
239 4235 271 4287 et
285 4247 335 4288 cor
349 4235 433 4286 tuum
445 4229 548 4302 (llotth.
564 4245 603 4296 vr,
615 4227 673 4300 24),
691 4249 704 4276 ιι
721 4228 797 4282 sicut
808 4226 865 4299 logi
890 4227 997 4282 audisti
1053 4225 1581 4299 plusleceritpatremautmatrem
1611 4248 1701 4304 quam
1731 4250 1788 4302 me,
1817 4252 1877 4292 non

162 4320 271 4376 bodie.
287 4317 371 4374 ltlalti
386 4317 460 4374 seris
476 4321 626 4390 portarum
641 4332 764 4372 suarum
779 4313 933 4370 includunt
947 4332 998 4371 au·
1054 4319 1099 4371 est
1113 4331 1159 4369 me
1174 4314 1281 4385 dignus
1294 4314 1397 4383 (Mettis.
1413 4333 1442 4383 x,
1453 4316 1508 4386 37).
1526 4338 1540 4366 a
1556 4317 1610 4373 Ubi
1626 4335 1715 4377 causa
1737 4324 1880 4396 agebatur

164 4425 240 4465 rum
262 4424 362 4474 suum,
378 4406 428 4462 sad
445 4406 465 4462 ii
481 4405 674 4462 naevectihus
689 4403 1000 4460 etclaustrissuiacre·
1055 4401 1215 4475 religionis,
1237 4402 1309 4456 fides
1323 4402 1425 4457 debuit
1445 4404 1544 4460 sedem
1573 4405 1681 4464 hahere
1705 4411 1821 4481 iudicii,
1851 4416 1880 4470 et

164 4499 251 4554 dunt
268 4512 275 4552 :
293 4494 378 4550 multi
392 4493 496 4568 vigiles
510 4492 716 4560 adhihent,sed
732 4492 788 4562 ipsi
803 4507 919 4563 quoque
933 4492 1000 4563 plus
1057 4490 1140 4562 quasi
1158 4507 1206 4545 rea
1219 4497 1295 4545 stare
1311 4490 1443 4562 pertidia.

167 4587 259 4658 ipsos
275 4583 372 4640 solent
386 4581 490 4638 timere
505 4581 640 4638 custodes
657 4597 663 4635 :
682 4578 765 4634 multi
787 4579 903 4636 delosso
933 4596 1003 4637 auro
1020 4597 1043 4662 ῃ
1371 4605 1487 4662 CApUp
1513 4608 1558 4665 Vp·

163 4673 337 4741 incubflssll
355 4687 460 4727 aurum
476 4687 577 4727 ⁸⁰l¹¹ffi
593 4669 649 4726 ⁵⁰¹>
667 4671 754 4737 lmus
777 4673 805 4724 et
824 4685 873 4723 ⁰⁰?
901 4685 1003 4724 ‘imum
1058 4696 1174 4765 tapetes
1187 4699 1218 4750 ia
1232 4697 1332 4750 itinere
1346 4696 1417 4752 videt
1430 4696 1457 4752 S.
1468 4699 1558 4754 luced.
1580 4701 1653 4756 idern
1679 4706 1764 4774 fratri
1791 4721 1883 4760 occur·

166 4763 333 4818 subterra.
351 4761 424 4816 Cave
435 4775 503 4834 ergo
519 4775 555 4815 ae
570 4762 598 4814 et
613 4762 645 4815 tu
661 4761 796 4815 cortuum
822 4761 906 4813 terrae
922 4757 1004 4814 vivus
1095 4783 1158 4821 reas
1172 4768 1268 4837 septies
1282 4767 1388 4822 adorat.
1405 4769 1527 4840 Dareique
1541 4773 1715 4830 concordiam
1730 4776 1764 4830 ct
1779 4791 1809 4830 eo
1835 4792 1883 4846 pc·

167 4849 315 4906 infodias.
328 4849 393 4905 Non
406 4865 474 4922 ergo
489 4847 552 4905 auri
577 4847 663 4903 istius
678 4846 825 4904 metuendi
842 4847 930 4902 sures.
954 4845 1006 4902 llle
1096 4840 1199 4892 litum
1214 4839 1244 4891 444
1255 4841 1352 4918 ,castrii
1366 4839 1477 4895 44044444·
1498 4842 1567 4909 04443
1580 4846 1674 4898 omnia
1689 4846 1755 4915 quid
1777 4847 1884 4918 sipiifi-

170 4939 232 4995 tibi
248 4938 397 4994 cavendus
412 4941 457 4994 εει
472 4937 625 5004 fenerator,
642 4934 692 5008 qui
717 4935 913 4992 substantiam
943 4935 1006 4992 aui·
1096 4913 1166 4976 mr
1182 4912 1317 4979 ‘'Femur-

171 5045 236 5084 mae
246 5031 316 5094 tuas,
327 5031 486 5093 scrutatur,
497 5025 522 5082 si
536 5042 594 5097 qua
604 5024 714 5098 peccati
725 5023 867 5097 gravioris
877 5041 1008 5081 aranon·
1097 5024 1142 5078 26.
1157 5023 1222 5079 llaec
1236 5040 1269 5079 co
1285 5039 1379 5096 usque
1395 5026 1515 5096 probata
1539 5033 1618 5096 sunt,
1635 5033 1668 5083 ut
1690 5030 1888 5102 proficiscenti

170 5116 316 5180 traxeris.
333 5115 383 5188 qui
399 5132 449 5172 cor
462 5119 546 5170 tuum
562 5112 686 5169 includit
710 5112 782 5181 solo,
807 5112 859 5184 qui
878 5113 1007 5169 animam
1063 5113 1118 5185 (48)
1134 5117 1235 5168 sancto
1251 5113 1341 5168 Jacob
1357 5113 1454 5186 angeli
1469 5115 1520 5170 Dei
1535 5123 1730 5174 occarrsrcnt.
1755 5118 1889 5193 Denique

218 5257 276 5330 (45)
293 5257 447 5314 centesima
461 5273 552 5314 usura
567 5261 612 5312 est
627 5271 685 5328 qua
701 5253 856 5311 feneratori
885 5253 1010 5328 singulis
1101 5255 1157 5326 (47)
1171 5253 1237 5309 Vet.
1258 5253 1328 5308 edit.
1359 5269 1425 5308 cum
1452 5271 1524 5309 mss.
1557 5257 1729 5315 nonnullis:
1757 5260 1890 5330 troadam

173 5329 424 5400 mensibuspars
445 5327 606 5384 centesima
624 5326 712 5383 sortis
742 5325 888 5394 solvitur;
921 5331 1012 5398 atque
1066 5333 1176 5382 tuarum
1190 5325 1326 5395 dereliqui
1348 5326 1507 5380 consortio:
1542 5327 1593 5383 illa
1621 5329 1722 5398 (vellat
1743 5348 1815 5388 mss.
1832 5334 1892 5390 ulto

173 5402 257 5458 adeo
274 5415 392 5456 summa
412 5399 516 5472 capitis
541 5416 591 5456 seu
607 5399 696 5455 sortis
724 5396 882 5453 centesimo
912 5413 1012 5454 mense
1066 5413 1122 5453 aon
1137 5397 1233 5452 dobeo.
1249 5393 1374 5465 Frigida.
1646 5428 1650 5436 .

172 5471 285 5530 usuris
305 5471 484 5544 adaquatur.
502 5471 533 5526 lu
549 5470 624 5526 hauc
639 5469 713 5525 libra
730 5469 765 5525 lla
785 5467 864 5524 Tabia
879 5467 1014 5526 ardenter
1103 5468 1158 5540 (48)
1176 5465 1466 5547 ltacunctimss.ac
1492 5467 1561 5524 edit.
1591 5477 1695 5543 prater
1724 5474 1807 5532 Rom.
1838 5475 1893 5533 hoc

171 5542 336 5603 invehitur
349 5543 535 5598 Ambrosius.
1069 5539 1185 5596 initiam
1202 5542 1306 5610 caprtrs
1320 5536 1437 5593 exhibet
1451 5538 1481 5593 in
1506 5555 1571 5596 eam
1596 5545 1731 5602 loturam.
1767 5551 1799 5603 [εἰ
1813 5547 1894 5605 lacot

220 5613 279 5688 (46)
294 5614 409 5680 Confer,
425 5615 521 5682 sodes,
537 5613 616 5669 hunc
628 5611 725 5670 locum
740 5626 808 5667 oum
823 5607 860 5666 iis
882 5625 946 5682 quae
974 5609 1015 5666 di·
1069 5612 1138 5668 odiit
1151 5611 1225 5666 viam
1238 5626 1249 5672 ,·
1263 5611 1288 5665 st
1301 5609 1451 5680 respiotcna
1465 5612 1538 5668 vidit
1551 5618 1643 5670 costra
1661 5617 1709 5673 liet
1731 5623 1843 5691 metes,
1868 5623 1897 5680 et

175 5691 297 5752 cuntur
314 5685 366 5748 lib.
383 5687 420 5747 Dc
433 5688 507 5764 Fopa
521 5685 628 5758 saecli,
645 5701 709 5764 cap,
725 5684 752 5756 t,
768 5695 850 5742 num.
867 5684 902 5744 22
928 5687 956 5742 st
979 5684 1016 5744 25
1070 5682 1245 5744 adnaverant
1263 5681 1398 5758 ennesii
1415 5681 1474 5741 Dei.
1489 5685 1687 5766 Proficiscere,
1705 5693 1764 5756 ete.
