4159 6184
275 337 335 398 7143
1005 331 1036 392 S.
1061 327 1248 394 tuuttttslr
1828 357 1833 366 ι
1894 340 1942 400 ῃ(

276 468 356 525 Dixit
369 465 448 521 enim
464 462 608 520 Dominus
624 478 631 518 ε
648 485 662 512 «ι
679 461 732 526 Qui
748 461 850 532 sititis,
864 460 904 518 ite
918 462 954 518 ad
980 477 1099 535 equam,
1115 464 1144 530 Α
1193 463 1238 519 35.
1255 466 1321 535 lpse
1334 462 1430 536 ligure
1441 459 1573 535 corporis
1588 461 1675 536 plene
1687 463 1840 536 gravitatis,
1863 468 1941 527 nultus

275 555 485 627 etquicunque
502 568 560 610 non
575 550 688 608 habetis
703 554 868 624 argentum,
890 551 929 607 ite
943 554 972 607 et
1000 551 1099 618 emite,
1156 550 1247 606 rubor
1259 551 1409 608 ebrietatis
1423 550 1621 608 circumtusus
1640 567 1728 624 genas
1742 553 1790 624 qui
1815 553 1943 614 intentum

274 641 715 712 ctbiblteetmenducatellso.
734 658 776 696 nv.
794 639 912 714 1).»Ει
934 639 1003 697 alibi
1032 641 1097 697 ait:
1155 638 1621 714 offendetaspectus,sedvultue
1645 644 1724 698 cesto
1751 642 1832 698 micet
1856 644 1943 716 pellere

275 729 677 804 «Dccequiserviuntmihi,
694 729 937 788 manducabunt:
953 745 1005 786 vos
1029 745 1098 786 vero
1155 730 1340 798 reverendus,
1375 745 1472 787 sermo
1504 729 1629 802 gravior,
1660 729 1760 787 oculus
1788 733 1945 802 vercundior,

274 821 421 882 esurietis.
437 821 509 878 Dece
523 819 574 892 qui
590 819 722 876 serviunt
736 819 820 888 mihi,
835 818 936 875 bibent
952 835 958 875 :
973 835 1024 875 vos
1046 834 1099 874 su·
1154 833 1275 890 gressus
1302 817 1437 874 stabilior
1468 822 1557 890 atque
1589 818 1774 886 moderatior,
1801 819 1945 894 plerumque

275 915 336 972 tem
352 909 457 976 sitietis
471 909 535 978 (iso.
551 924 615 974 nxv,
633 908 687 980 13).
705 929 720 958 »
735 907 788 974 Qui
804 923 855 964 vos
880 907 937 964 nisi
953 907 1004 980 qui
1031 910 1100 963 ante
1153 904 1233 961 enim
1246 906 1408 963 turbatiore
1421 906 1538 963 incessu
1551 907 1685 980 proditur
1697 908 1945 968 mutuemimcrun.

274 996 422 1074 potestis?
437 998 476 1054 De
491 997 600 1070 quibus
614 996 786 1069 supradixit
801 1013 808 1051 ι
827 1019 840 1048 ιι
858 995 1098 1053 Penestisdumc-
1153 991 1260 1050 Vultus
1274 994 1423 1064 intentior,
1439 999 1469 1051 et
1484 995 1605 1068 quidem
1621 997 1803 1070 cogitationis
1820 1013 1874 1054 soe
1886 1000 1946 1054 arbi-

274 1087 333 1144 niis
348 1101 493 1152 mensam,
509 1090 538 1142 et
552 1084 698 1157 implestis
713 1085 835 1141 fortune
849 1084 987 1158 poculum
1016 1085 1096 1154 (ibid.
1152 1085 1207 1150 ter,
1224 1086 1254 1138 et
1267 1083 1375 1139 tacitus
1390 1083 1487 1140 cordis
1502 1083 1656 1156 interpres,
1671 1089 1704 1140 ut
1718 1101 1809 1157 neque
1820 1086 1947 1144 tristitiem

277 1179 329 1245 tt).
347 1197 362 1226 s
379 1175 452 1248 Drgo
468 1175 492 1230 si
503 1175 545 1231 ad
561 1190 694 1232 mensem
709 1173 790 1230 illem
804 1173 1000 1230 venerabilem
1020 1175 1099 1246 jeju·
1154 1175 1301 1244 pretexet,
1317 1187 1413 1245 neque
1426 1171 1559 1230 solvatur
1573 1173 1633 1230 risu
1666 1175 1742 1232 m
1769 1175 1947 1232 incontinenti.

273 1266 323 1322 nie
337 1267 439 1322 sancte
453 1280 506 1320 nos
522 1264 706 1336 perducunt:
723 1263 748 1319 si
763 1262 818 1319 hac
847 1263 924 1318 lema
953 1261 1005 1319 ille
1034 1277 1099 1335 qua
1153 1259 1217 1316 Nou
1233 1261 1312 1317 enim
1327 1262 1512 1334 superlluum
1527 1261 1583 1319 hoc
1597 1267 1683 1335 putes
1699 1268 1801 1319 nostre
1815 1265 1948 1320 commoni·

273 1357 344 1412 eunt
358 1357 468 1412 sterne
478 1368 659 1410 mercemur:
669 1350 740 1425 quid
752 1352 789 1408 de
802 1351 839 1408 iis
850 1351 1023 1408 dubitemus
1034 1367 1098 1424 qua
1152 1347 1253 1418 tionis,
1268 1365 1337 1405 cum
1352 1348 1503 1422 Sapientia
1518 1350 1640 1407 dicatio
1662 1350 1836 1424 Evangelio:
1863 1375 1877 1402 «ι
1890 1352 1948 1408 uun

272 1444 303 1500 in
320 1460 376 1501 usu
391 1442 519 1502 humano
530 1444 610 1508 sunt,
628 1440 806 1514 quodetiam
823 1439 958 1498 suaviora
972 1440 1032 1496 brec
1047 1457 1099 1498 no·
1154 1441 1252 1494 eutem
1263 1438 1418 1510 jejunatis,
1432 1438 1522 1495 nolite
1537 1440 1599 1495 lleri
1619 1439 1697 1496 sicut
1710 1439 1859 1513 hypocrita
1868 1439 1948 1496 tristes

272 1533 319 1590 bis
334 1531 422 1591 saciet
433 1530 609 1604 jejunium?
1153 1525 1256 1597 (Moab.
1269 1543 1309 1594 vr,
1325 1527 1383 1599 ie).
1404 1548 1419 1578 »
1449 1528 1515 1586 Ideo
1529 1527 1604 1584 dixit
1630 1527 1805 1601 hypocritas,
1832 1545 1862 1586 eo
1887 1529 1948 1600 quod

308 1622 353 1678 34.
370 1621 433 1677 Non
451 1626 549 1676 autern
572 1619 668 1675 omnis
697 1619 790 1676 lomes
818 1617 997 1692 acceptabile
1019 1619 1098 1691 jeju·
1153 1614 1342 1672 simulatione
1357 1615 1483 1672 alienam
1498 1632 1653 1689 personam
1686 1617 1901 1687 induent,sicut
1925 1617 1948 1672 in

273 1711 355 1770 nium
372 1709 450 1778 lecit,
468 1709 520 1766 sed
535 1709 627 1766 lomes
643 1724 707 1781 quo
718 1708 768 1764 Dei
795 1708 901 1764 timore
925 1707 1095 1780 suscipitur.
1153 1719 1242 1760 scene
1256 1705 1306 1776 qui
1323 1704 1471 1777 tragedias
1486 1708 1606 1777 canunt,
1621 1722 1673 1779 pro
1688 1723 1788 1762 eorum
1800 1706 1879 1762 dictis
1893 1721 1950 1778 quo·

271 1799 451 1856 considere:
468 1797 698 1869 Ouedragcsimu
714 1797 770 1869 (23)
787 1797 855 1854 totis
869 1801 973 1869 preter
987 1796 1135 1904 Sabbo-B
1153 1809 1218 1848 rum
1235 1809 1376 1866 personas
1390 1799 1506 1867 gerunt,
1522 1798 1620 1851 motus
1635 1811 1705 1851 suos
1719 1795 1851 1860 excitent,
1864 1799 1894 1850 ut
1911 1798 1950 1850 eut

271 1893 335 1944 tum
351 1893 379 1944 et
393 1886 575 1944 Dominicam
586 1887 739 1958 jejunatur
754 1885 868 1942 dicbus.
885 1885 1096 1958 Hccjejunium
1150 1879 1326 1951 irascantur,
1342 1885 1394 1938 eut
1408 1886 1560 1951 moereant,
1576 1882 1620 1938 rel
1649 1883 1805 1940 exsultent.
1829 1883 1951 1939 affectant

271 1977 388 2034 Domini
404 1976 515 2049 pascha
524 1974 682 2033 concludit.
698 1974 784 2031 Venit
794 1976 858 2046 jam
874 1974 937 2031 dice
952 1990 1097 2032 resurrcc·
1150 1969 1230 2026 enim
1244 1969 1306 2037 isti,
1322 1975 1356 2027 ut
1366 1971 1502 2043 ieiunare
1519 1971 1684 2037 videantur,
1713 1972 1877 2029 hominibut
1901 1988 1950 2027 ¹1¹⁸·

271 2064 369 2136 tionis,
385 2065 571 2138 baptizentur
586 2063 670 2122 electi
691 2064 756 2134 (30),
773 2064 894 2120 veniunt
922 2063 958 2119 od
992 2063 1094 2135 ellare,
1150 2057 1197 2131 gis
1212 2074 1302 2132 quam
1322 2059 1380 2115 Deo
1407 2060 1558 2132 cupientes
1580 2060 1708 2133 probari,
1725 2061 1802 2134 quod
1829 2060 1951 2117 iaciebant

271 2154 419 2226 accipiunt
443 2157 673 2220 spcrementum,
702 2151 833 2208 sitientes
857 2151 927 2208 totis
954 2151 1096 2208 huuriunt
1150 2145 1254 2204 Judaei.

203 2233 205 2242 ’
270 2243 362 2300 venis.
380 2242 481 2298 Merito
494 2241 598 2296 dicunt
610 2240 719 2313 singuli
735 2239 834 2297 relecti
850 2238 974 2314 spirituli
989 2239 1097 2307 oibo‚et
1186 2237 1231 2291 36.
1247 2240 1282 2292 ut
1294 2237 1359 2294 ideo
1373 2237 1458 2294 nobis
1472 2237 1602 2294 dicitur:
1621 2261 1635 2290 α
1652 2239 1710 2296 Vos
1730 2243 1827 2297 autem
1838 2253 1898 2295 cum
1916 2237 1949 2308 je

270 2329 368 2404 spitsli
383 2334 475 2404 potu:
493 2351 507 2380 «
524 2327 634 2385 Parssti
651 2327 680 2384 in
696 2333 852 2402 conspectu
868 2345 1093 2386 mecmensam..
1146 2325 1273 2396 junctis,
1290 2327 1390 2400 ungite
1405 2331 1493 2400 caput
1506 2335 1648 2398 vestrum,
1662 2331 1691 2385 et
1709 2328 1815 2386 taciem
1845 2311 1950 2383 vestram

269 2424 298 2477 et
311 2418 448 2493 poculum
465 2423 548 2475 tuum
562 2417 708 2474 inebrians
736 2434 825 2490 quum
853 2417 1024 2492 preclarum
1049 2423 1095 2476 est
1150 2413 1253 2483 levate,
1270 2432 1306 2472 nc
1321 2417 1450 2488 pereatis
1463 2417 1635 2474 bominibus
1650 2417 1722 2490 quia
1740 2416 1886 2491 jejunetis,
1909 2413 1949 2470 ecl

270 2509 412 2581 cst·(Pecl.
426 2525 494 2576 xxu,
510 2509 538 2576 5)
555 2505 561 2560 l
580 2528 594 2558 o
609 2507 672 2562 Non
689 2505 751 2566 sole
770 2511 869 2564 eutem
880 2508 973 2564 lomes
989 2507 1094 2579 quoeri-
1149 2503 1228 2560 Patri
1243 2508 1337 2561 vestro
1354 2505 1404 2578 qui
1419 2510 1464 2562 est
1478 2505 1508 2560 in
1523 2507 1694 2564 abscondito
1712 2523 1719 2562 :
1741 2511 1771 2564 et
1797 2507 1876 2563 Peter
1899 2517 1949 2558 ves·

269 2605 327 2668 tur,
344 2598 394 2654 sed
411 2595 498 2671 plene
513 2595 670 2668 discipline
680 2596 798 2668 jejunii.
814 2596 944 2668 Denique
968 2595 1034 2652 eliis
1050 2596 1095 2651 di·
1148 2595 1193 2648 ter
1207 2593 1257 2665 qui
1272 2593 1350 2650 videl
1366 2595 1396 2649 in
1412 2594 1579 2666 absondito,
1595 2595 1698 2652 reddet
1711 2594 1795 2652 vobis
1818 2593 1890 2667 (ibid.
1911 2591 1947 2646 li·

269 2689 346 2742 citur
361 2703 368 2741 ι
386 2709 399 2738 u
417 2686 448 2742 ln
465 2685 569 2742 diebus
580 2685 761 2756 jejuniorum
773 2689 937 2742 vestrorum
957 2684 1094 2740 invenitis
1150 2682 1207 2752 18).
1229 2706 1243 2730 n
1258 2682 1332 2746 Quid
1347 2687 1392 2740 est
1404 2707 1419 2734 α
1434 2681 1538 2756 Ungite
1553 2688 1642 2758 ceput
1656 2691 1787 2742 vestrum
1798 2685 1812 2740 t
1822 2706 1836 2736 o
1858 2681 1907 2740 Sed
1929 2683 1951 2734 tt

269 2775 433 2838 voluntates
443 2779 566 2844 vestros,
583 2779 612 2830 et
625 2790 727 2831 omnes
742 2774 876 2830 subditos
891 2773 973 2830 vobis
988 2773 1094 2831 stimu-
1147 2769 1290 2826 luxuriosi
1310 2771 1411 2828 dicunt
1427 2771 1567 2828 :Vincet
1596 2773 1756 2846 unguentis
1784 2789 1837 2830 noe
1859 2768 1949 2842 replet·

268 2865 345 2923 letis.
361 2863 911 2935 AnadjudiciectrixesJejuuetiset
940 2862 1094 2934 percutitis
1147 2876 1225 2916 mus.
1242 2859 1395 2933 Unguento
1416 2859 1680 2934 cnimseungunt,
1694 2864 1748 2936 qui
1762 2860 1887 2935 corporei
1898 2857 1952 2914 odo

269 2953 376 3029 pugnis
391 2952 405 3007 3
420 2951 457 3008 Ut
467 2951 538 3024 quid
551 2949 623 3006 mihi
634 2949 857 3022 telejejunium,
870 2949 910 3006 ite
934 2954 967 3008 ut
990 2951 1091 3008 audie·
1147 2949 1188 3007 rie
1203 2950 1261 3021 (32)
1274 2949 1399 3023 gratiam
1414 2952 1560 3022 quarunt.
1572 2951 1628 3007 Sed
1645 2950 1696 3008 ille
1711 2954 1861 3026 unguente
1873 2945 1951 3004 libidi-

267 3039 685 3098 turinclumorevoxveetral
704 3038 766 3096 Non
789 3039 843 3096 hcc
864 3039 1012 3111 jejunium
1027 3056 1090 3113 ego,
1147 3039 1195 3096 nis
1206 3036 1372 3094 illecebram
1383 3055 1497 3095 movere
1508 3040 1789 3096 consueruntdliud
1804 3044 1848 3097 cet
1858 3035 1950 3095 sobrie·

268 3130 474 3204 clegi,etdiem
486 3129 523 3184 sd
534 3127 752 3186 humiliandum
763 3129 893 3188 animem
904 3145 989 3186 suem
1000 3129 1092 3185 homi·
1146 3127 1420 3200 tatieunguentum,
1435 3128 1471 3182 de
1494 3127 1638 3200 quo-dicit
1664 3129 1795 3186 Ecclesia
1821 3129 1857 3185 ad
1882 3141 1951 3198 spou-

267 3237 334 3278 ncm
347 3237 354 3276 :
366 3236 418 3276 occ
429 3219 454 3275 si
466 3219 564 3274 ilectas
575 3221 608 3274 ut
618 3216 762 3274 circulum
772 3216 879 3274 collum
901 3217 1088 3286 tuum‚cins·
1102 3205 1123 3272 G
1142 3233 1210 3274 sum
1224 3232 1314 3274 suum
1330 3232 1337 3273 :
1353 3215 1562 3290 «Unguentum
1576 3217 1761 3276 exinanitum
1775 3220 1952 3275 nomentum

268 3327 329 3368 rem
341 3309 429 3368 etiam
439 3305 602 3366 etcilicium
613 3306 901 3376 substernas‚necsic
911 3308 1097 3381 vocabitisJ'e-
1150 3307 1240 3377 (Cant.
1249 3323 1269 3372 1,
1285 3306 1311 3378 2)
1328 3328 1342 3356 o
1357 3306 1437 3362 aliud
1451 3305 1550 3362 oleum
1566 3323 1623 3380 quo
1639 3312 1722 3365 artus
1737 3307 1841 3364 anima
1853 3309 1953 3376 etqua·

263 3398 383 3471 junium
398 3399 561 3468 acceptum.
577 3396 639 3452 Nou
656 3393 871 3468 tulejcjunium
887 3413 940 3470 ego
955 3396 1039 3471 clegi,
1050 3398 1094 3453 di·
1149 3396 1218 3452 dam
1233 3396 1365 3451 membra
1378 3394 1584 3468 pinguescunt.
1601 3395 1683 3453 Unde
1704 3402 1735 3453 et
1759 3395 1849 3453 David
1874 3391 1951 3449 dicit:

268 3489 307 3544 cit
322 3485 465 3544 Dominus
479 3486 544 3554 (iso.
562 3503 640 3551 nutu,
650 3485 719 3556 3-5),
739 3486 847 3550 »Quod
867 3486 1015 3558 jejunium
1038 3488 1094 3543 im·
1149 3507 1163 3535 «
1180 3483 1420 3558 lmpiuguestiju
1434 3482 1496 3540 olco
1512 3489 1602 3558 ceput
1615 3503 1716 3542 meum
1731 3487 1820 3560 (Psoi.
1834 3481 1952 3550 1111,5l.»

268 3572 627 3650 probetur,uudivimus:
660 3589 737 3630 nuuc
767 3575 923 3632 audiamus
951 3576 1029 3648 quod
1057 3577 1096 3633 sit
1149 3577 1183 3630 at
1196 3573 1252 3630 hcc
1266 3577 1311 3630 est
1324 3572 1421 3630 oleum
1436 3572 1552 3640 letitia,
1570 3591 1628 3647 quo
1644 3581 1753 3632 unctus
1769 3578 1814 3632 est
1835 3571 1951 3628 Christus
1986 3592 1990 3599 ·

266 3663 426 3738 probabile.
443 3686 457 3714 ι(
473 3662 529 3718 Sed
549 3661 627 3720 solve
640 3679 759 3718 omnem
776 3662 993 3737 colligationem
1017 3665 1094 3738 inju·
1150 3662 1240 3718 uDeo
1254 3662 1348 3733 Patre,
1363 3667 1397 3716 ut
1412 3677 1469 3733 prs
1492 3662 1630 3719 omnibus
1653 3666 1718 3720 suis
1742 3663 1881 3720 emineret
1898 3675 1952 3714 con·

266 3753 352 3810 stitis
368 3757 425 3808 tue
442 3768 448 3809 :
466 3751 793 3824 dissolveobligetiones
807 3751 1001 3809 violentorum
1014 3769 1093 3810 com·
1148 3751 1288 3807 sortibus.
1306 3751 1364 3806 llcc
1374 3750 1460 3822 jubet
1483 3749 1555 3824 ungi
1574 3758 1662 3825 caput
1684 3757 1831 3820 nostrum,
1856 3754 1886 3805 ut
1903 3746 1952 3802 olco

267 3841 477 3910 mutationum,
493 3839 608 3895 dimitte
623 3839 789 3896 contractos
803 3839 832 3896 in
849 3841 1094 3910 remissionem,ct
1147 3838 1253 3895 letitie
1268 3839 1432 3896 obducetur
1446 3840 1544 3896 omnis
1559 3836 1700 3897 simulata
1714 3841 1845 3910 tristitia,
1868 3856 1900 3893 nc
1920 3835 1953 3890 ri·

268 3947 386 3988 omnem
400 3929 643 4001 conscriptionem
658 3928 791 4000 iniquom
809 3928 953 4002 dirumpe.
981 3931 1094 4004 Frange
1148 3927 1245 3984 deeris
1255 3927 1405 3999 jejunium
1419 3932 1504 3982 tuum
1521 3930 1645 3986 vendere
1660 3930 1841 3997 hominibus,
1864 3941 1897 3982 oc
1921 3923 1952 3976 vi·

264 4018 421 4077 essurienti
436 4021 639 4091 psoemtuum
656 4032 662 4072 :
679 4020 707 4073 et
722 4032 830 4089 egenos
864 4034 921 4074 non
951 4017 1094 4076 hebentes
1147 4017 1245 4074 deeris
1260 4016 1426 4074 contristari
1440 4017 1471 4072 in
1484 4018 1588 4074 anime
1604 4023 1660 4073 tue
1676 4013 1953 4075 suluteNemocnim

265 4113 376 4166 tectum
398 4149 405 4174 ,
422 4107 512 4162 induc
529 4107 556 4160 in
572 4106 695 4162 domurn
710 4110 791 4162 tunm
807 4124 814 4163 :
831 4109 860 4162 et
872 4107 897 4162 si
911 4105 1018 4164 videris
1035 4127 1092 4165 uu·
1147 4106 1242 4164 tristis
1262 4109 1429 4177 coronatur,
1445 4121 1531 4162 nemo
1554 4111 1677 4163 moestus
1691 4107 1863 4180 triumphet.
1889 4102 1954 4173 Ungi

265 4199 348 4264 dum,
364 4194 479 4268 cooperi
494 4211 561 4252 eum
577 4213 584 4252 ε
601 4199 629 4252 et
644 4194 821 4252 domesticos
835 4195 958 4252 seminis
968 4198 1011 4252 tui
1033 4215 1091 4254 non
1147 4213 1216 4270 ergo
1231 4199 1321 4268 ceput
1334 4199 1429 4265 tuum,
1446 4196 1496 4253 ubi
1507 4211 1615 4253 sensus
1630 4197 1774 4269 sapientis
1790 4200 1859 4253 sunt
1872 4213 1879 4262 ;
1893 4187 1953 4248 oculi

265 4285 410 4360 despicias
425 4285 505 4355 (ibid.
522 4286 593 4356 et).
610 4281 725 4339 »Vides
739 4300 803 4356 que
818 4285 931 4357 specics
946 4285 984 4341 sit
995 4288 1024 4341 et
1034 4285 1091 4342 lor·
1146 4284 1383 4357 enim'sepientis
1396 4285 1427 4340 in
1442 4285 1538 4358 capite
1563 4287 1637 4358 ejus.
1653 4286 1696 4342 Ad
1726 4285 1866 4359 mysteria
1888 4293 1954 4336 seca·

264 4371 876 4446 majejmrii,quiemeotishebitus(3l);
908 4377 941 4430 ut
965 4374 1089 4431 orationi
1146 4375 1188 4432 ris
1203 4375 1268 4448 (33),
1284 4379 1313 4430 et
1327 4374 1564 4442 nescisrdiscis,
1579 4391 1647 4431 cum
1666 4375 1760 4432 venis.
1792 4375 1827 4431 ut
1853 4365 1954 4430 remini·

264 4479 360 4530 vaces,
376 4467 406 4518 et
420 4461 449 4518 iu
464 4461 527 4534 lege
544 4461 595 4518 Dei
611 4461 658 4516 die
673 4477 707 4516 ec
723 4465 806 4518 nocte
822 4461 981 4520 mediteris.
1146 4479 1227 4521 scere
1241 4462 1315 4520 illud
1331 4480 1338 4519 :
1356 4487 1370 4514 «
1391 4462 1472 4519 Sicut
1490 4468 1674 4537 unguentum
1701 4464 1732 4520 in
1763 4463 1864 4536 capite,
1891 4453 1953 4530 quod

301 4585 357 4658 (29)
372 4585 495 4641 Advorte
510 4583 565 4640 hor
580 4583 643 4640 loco
658 4590 783 4641 veterem
800 4585 1027 4645 Mediolanensis
1041 4590 1093 4646 ilc-
1109 4579 1132 4644 Ι)
1148 4587 1255 4644 luisset
1266 4585 1430 4660 judicatus,
1446 4586 1543 4660 ipsum
1559 4586 1589 4643 in
1604 4588 1762 4644 illectorem
1774 4587 1901 4644 ordinem
1921 4595 1954 4634 re·

265 4656 618 4715 clesioeccnsuetudinem
636 4672 693 4712 uon
713 4657 869 4728 jejunandi
900 4659 1037 4730 Subbato,
1067 4666 1096 4718 et
1150 4660 1290 4716 serebant.
1309 4658 1385 4714 Sunt
1399 4657 1488 4713 ctiam
1523 4659 1554 4713 ui
1581 4659 1809 4716 catechumenos
1829 4657 1889 4714 eliis
1913 4667 1953 4706 oc·

265 4749 299 4788 su
324 4729 472 4786 eresdcm
494 4726 802 4786 reconsolenostrem
830 4729 860 4784 in
877 4729 955 4787 hunc
984 4731 1094 4789 librum
1150 4731 1281 4788 minibus
1295 4734 1476 4797 recenseant,
1493 4675 1558 4786 ilios
1583 4730 1732 4802 siquidem
1754 4730 1899 4791 audientes,
1918 4737 1953 4793 tc·

265 4805 288 4859 Α
312 4801 515 4858 monitionem.
1149 4804 1333 4873 nuflcdcotes,
1348 4802 1507 4870 substratos,
1536 4801 1642 4866 clectos,
1670 4807 1851 4874 competentes
1870 4791 1953 4868 epod·

300 4873 357 4947 (30)
371 4873 467 4938 diecti,
483 4869 592 4943 gradus
608 4867 654 4924 bic
680 4873 742 4926 eret
756 4870 830 4926 inter
859 4872 1093 4932 catechumenos.
1150 4873 1221 4929 lant.
1238 4873 1310 4929 Vide
1325 4872 1350 4928 si
1363 4872 1445 4928 lubet
1458 4872 1610 4944 Albaspin.
1627 4873 1657 4929 in
1672 4873 1739 4946 Opt.
1748 4873 1842 4929 Milev.
1852 4863 1952 4938 Jcseph·

264 4945 379 5002 Etenim
409 4942 544 5023 quemuis
573 4942 725 4996 omnesad
749 4943 930 5014 baptismum
946 4947 1095 5004 candidati
1149 4945 1293 5001 Vieecom.
1309 4942 1360 5000 lib.
1375 4961 1407 5010 11,
1422 4960 1486 5017 cap.
1503 4947 1531 5009 2,
1547 4949 1576 5000 et
1590 4943 1674 5000 elios.

264 5016 414 5072 communi
434 5029 554 5071 nomine
568 5018 742 5068 vocarentur
765 5014 976 5082 catechumeni,
1006 5019 1097 5075 variis
1186 5017 1242 5087 (31)
1260 5016 1330 5072 Mes.
1347 5014 1469 5087 aliquot,
1483 5018 1549 5088 quio
1565 5015 1659 5072 obdito
1672 5019 1787 5087 probet.
1816 5013 1877 5070 Edit
1900 5011 1951 5063 Am.

264 5092 362 5146 tamen
375 5087 450 5143 inter
465 5102 496 5143 se
506 5089 545 5168 ¹ut
559 5083 711 5166 gradibus,
731 5084 769 5140 ite
785 5090 813 5139 et
828 5086 976 5143 vocabulis
992 5089 1096 5173 distin3
1151 5092 1180 5143 et
1194 5087 1271 5170 lira,
1288 5088 1470 5169 quiclmentes
1485 5087 1593 5142 obditos
1602 5087 1710 5160 probet,
1725 5087 1831 5145 Melius
1845 5097 1909 5140 mss.
1921 5080 1953 5132 tl·

263 5159 447 5288 iiiiiitiiiin
459 5155 1096 5311 3iiiliiiicsoiuociuiilieuiniiiiiiiriciriiroiiedeii
1151 5159 1339 5302 quiiteldiidiii
1350 5162 1528 5302 iinireexsiupui
1540 5231 1648 5302 corpori
1661 5228 1762 5286 odor-ie.
1781 5229 1882 5284 Contre
1894 5233 1951 5276 mss·
2018 5252 2019 5255 =

265 5302 413 5358 obtinebat
429 5319 436 5357 :
458 5317 524 5356 mox
539 5299 622 5356 luctis
637 5298 871 5370 abJuretronrbus
887 5302 922 5358 sd
938 5318 1037 5360 sacres
1048 5303 1098 5360 ad·
1152 5318 1265 5367 omoes,
1281 5303 1331 5382 qui
1344 5301 1466 5372 corporei
1480 5300 1581 5367 odoris,
1596 5306 1650 5357 etc.
1902 5365 1907 5375 ι

266 5371 666 5438 mittebaturcutecbeses,sc
677 5375 739 5426 tum
754 5371 876 5443 propriu
887 5374 1097 5432 catechumenus
1187 5373 1243 5445 (33)
1260 5373 1309 5428 llic
1332 5371 1467 5428 innuitur
1494 5372 1698 5430 cautissimum
1721 5370 1796 5428 illud
1820 5368 1950 5445 silentium

266 5443 435 5499 dicebatur:
453 5460 519 5500 eum
537 5442 642 5498 deinde
658 5440 754 5498 solitis
765 5458 798 5498 ex
822 5443 913 5500 iatum
925 5445 1096 5503 exorcismis
1173 5461 1210 5500 uo
1225 5443 1318 5500 sancti
1334 5443 1434 5500 Patres
1449 5442 1588 5514 mysteria
1605 5445 1802 5516 quadremus
1848 5445 1953 5507 recipite

266 5515 410 5597 initiatum
438 5511 652 5570 nominabant:
670 5459 1095 5589 posuauiicumalosnapu-
1151 5462 1340 5573 inchoristie
1353 5514 1549 5592 cognitionem
1568 5457 1952 5573 murnumcnoscciareeon·

266 5585 1095 5735 tlttl‘tllsttttlttttdttlllltmlttitltlt
1151 5591 1316 5648 '‘W“
