4159 6184
308 270 386 336 {091
1040 273 1075 335 S.
1096 264 1286 337 elleaosu
1897 283 1952 348 lota

305 414 404 463 evitem
428 405 463 461 ad
484 403 640 461 verborum
665 401 892 477 prolapsionem,
921 420 985 477 que
1014 422 1073 462 non
1099 422 1133 461 ex
1148 407 1174 473 Α
1190 407 1337 463 allectum.
1353 404 1507 462 Premebat
1519 417 1629 474 nomm,
1644 401 1788 461 claudebat
1808 413 1889 479 portu
1904 432 1951 473 uui,-

304 494 448 552 sententia
475 496 585 563 nostra,
612 493 663 550 sed
692 493 804 567 impetu
832 494 959 567 quodam
989 498 1017 551 et
1044 510 1135 550 cursu
1189 493 1317 562 silentio,
1333 491 1573 569 praetendebatis
1591 508 1624 549 eo
1639 492 1821 565 patientissi
1839 499 1951 560 taciturni-

302 582 442 656 loquendi
458 582 633 657 plerumque
649 580 815 639 funduntur
825 600 832 639 :
844 582 923 656 quod
935 581 1135 656 periculosum
1188 584 1258 640 tatis
1272 583 1413 659 vigilabat
1426 581 1582 639 custodia:
1599 598 1635 637 ne
1650 580 1781 639 inimicus
1800 584 1916 662 ohrepret,
1928 610 1952 649 rs

302 688 369 729 esse
389 671 533 745 Propheta
559 684 739 744 cognoscens
762 672 803 727 ait
819 688 826 727 z
843 695 857 721 u
874 671 990 729 Credidi
1016 674 1136 745 propter
1189 672 1224 729 de
1240 672 1377 730 claustris
1391 671 1452 729 orie
1465 686 1558 744 vagus
1571 668 1679 742 aliquis
1699 687 1788 728 sermo
1806 680 1831 729 et
1854 676 1951 739 incentu

302 761 382 833 quod
405 759 522 817 locutus
549 776 616 817 sum
642 759 729 831 (Paci.
754 778 819 825 cxv,
845 761 899 834 10).
918 761 1043 833 »Supra
1065 761 1133 816 lun·
1188 760 1288 820 exiret.
1305 762 1371 818 ldeo
1387 759 1489 817 lortior
1502 763 1547 816 est
1560 758 1684 833 petiens,
1701 759 1748 832 qui
1762 776 1791 817 se
1807 761 1887 835 ipsum
1904 784 1952 825 cor·

304 849 477 906 dementum
502 864 571 921 ergo
597 848 715 905 virtutis
740 865 795 905 vox
817 852 882 907 tuta
905 855 966 918 est3
982 849 1046 905 sine
1066 849 1132 906 iuu-
1189 849 1273 919 tinet,
1290 866 1381 923 quam
1397 848 1447 922 qui
1462 847 1551 905 urbes
1565 846 1651 917 capit.
1666 846 1766 905 dusius
1779 848 1833 923 ipse
1845 851 1890 909 sibi
1901 854 1952 911 clau

303 938 452 1005 dumento,
486 936 610 993 lubrice.
651 937 718 993 ldeo
759 938 844 1010 quasi
885 938 1013 1013 quodam
1056 938 1133 993 tuba
1188 941 1354 1004 strumosi,
1372 933 1762 1009 ipsesibipervigilcustos.

301 1042 374 1083 eouo
408 1024 564 1099 Scriptura
605 1024 710 1081 divine
750 1026 862 1085 electus
901 1026 1046 1101 interpres
1085 1024 1134 1082 in·
1221 1027 1249 1081 7.
1266 1028 1339 1084 Cum
1354 1024 1410 1083 eibi
1436 1039 1505 1097 ergo
1528 1026 1591 1096 ipse
1615 1024 1807 1097 pretenderet
1825 1026 1951 1099 loquebator

301 1113 438 1189 crepuit:
457 1136 471 1165 a
486 1114 579 1171 Corde
604 1113 733 1171 creditur
757 1116 793 1172 ad
816 1116 988 1188 justitiam:
1012 1131 1061 1171 ore
1081 1130 1133 1170 au·
1187 1114 1218 1171 in
1233 1132 1287 1172 suo
1310 1116 1396 1172 corde
1412 1131 1419 1169 :
1436 1135 1451 1165 a
1467 1112 1553 1170 Posui
1579 1111 1622 1167 ori
1648 1128 1712 1169 meo
1735 1114 1882 1184 craneum,
1901 1119 1951 1176 dun

300 1206 360 1287 tqm
376 1202 519 1260 confessio
535 1202 568 1257 fit
587 1203 624 1258 ad
648 1202 774 1259 salutem
794 1206 881 1273 (Rom.
898 1222 927 1273 x,
943 1202 998 1273 l0).
1017 1226 1032 1253 »
1048 1201 1135 1259 Fides
1187 1204 1322 1261 consistit
1345 1206 1481 1277 peccator
1507 1202 1662 1259 adversum
1687 1217 1742 1257 me.
1756 1221 1770 1254 ι
1786 1204 1856 1261 Adest
1865 1223 1952 1278 sempe

301 1290 482 1349 credentium
512 1290 683 1365 principalis
712 1295 768 1361 est,
797 1292 941 1350 conleasio
971 1289 1133 1349 exsecutio·
1188 1291 1337 1359 inimicus,
1354 1290 1424 1364 qnia
1446 1305 1563 1363 semper
1586 1288 1751 1346 insidiatur.
1766 1289 1819 1347 Ctsi
1834 1291 1951 1351 illomnon

302 1381 361 1438 nis.
1186 1379 1279 1449 vides,
1302 1380 1385 1437 adest
1401 1396 1409 1436 z
1424 1378 1478 1437 etsi
1501 1377 1586 1435 illum
1614 1396 1674 1436 non
1699 1378 1795 1447 sentis,
1813 1379 1949 1439 incursatt'

337 1471 365 1529 5.
380 1469 531 1534 Quomodo
549 1469 640 1540 igitur
656 1468 841 1543 proposuerit
853 1473 975 1526 sanctus
989 1466 1134 1541 propheta
1188 1486 1246 1525 non
1261 1468 1353 1538 vides,
1369 1467 1480 1525 videnti
1495 1468 1578 1526 crede
1596 1484 1603 1523 :
1620 1490 1634 1519 a
1652 1466 1810 1534 Constituit,
1822 1468 1950 1543 inquitpec

300 1558 403 1628 David,
417 1563 469 1615 aut
483 1563 601 1631 propter
614 1556 685 1630 quid
702 1558 849 1615 custodire
863 1558 925 1614 vias
937 1574 1016 1623 suaa,
1033 1555 1134 1613 audie·
1186 1562 1268 1614 octor
1289 1558 1445 1614 adversum
1461 1572 1516 1612 me.
1535 1578 1549 1606 »
1564 1556 1619 1624 Qui
1634 1555 1712 1611 videt
1734 1560 1866 1629 peccatum
1883 1575 1949 1627 sunu,

300 1664 368 1704 mus
385 1665 409 1704 :a
427 1646 464 1704 Ut
478 1663 547 1713 non,
564 1645 670 1719 inquit.
687 1646 858 1719 delinquam
873 1647 902 1701 in
919 1644 1021 1720 lingua
1035 1661 1131 1701 mea.»
1185 1646 1265 1703 videt
1279 1645 1367 1702 etiam
1388 1649 1569 1719 peecatorem
1593 1643 1651 1701 sibi
1675 1644 1704 1700 in
1727 1644 1761 1700 iis
1782 1662 1838 1717 qua
1857 1648 1949 1720 guerit

301 1736 332 1793 Si
347 1736 403 1792 hoc
417 1738 499 1791 cavet
514 1733 702 1807 Propheta,tu
713 1750 770 1789 non
782 1734 886 1791 caveai
901 1734 930 1791 si
947 1733 1001 1790 hoc
1013 1734 1131 1801 metuit,
1146 1770 1171 1835 B
1186 1733 1368 1792 illudentem.
1385 1735 1438 1801 Qui
1454 1738 1551 1791 autem
1567 1737 1746 1807 peccatorem
1765 1734 1906 1806 prevident
1916 1752 1949 1807 po

300 1824 331 1879 ia
347 1839 405 1896 quo
421 1822 472 1879 Dei
488 1821 582 1895 gratia
597 1821 783 1895 loquebatur,
801 1826 832 1877 tu
857 1839 915 1879 non
939 1822 1057 1888 metuis,
1080 1824 1129 1893 qui
1186 1827 1244 1881 leet
1257 1825 1348 1880 vitare
1363 1828 1524 1896 peccatum.
1541 1822 1667 1879 Videbat
1681 1820 1767 1878 David
1781 1822 1949 1879 consistensi-

299 1912 409 1969 erroris
423 1911 513 1968 verba
528 1928 585 1968 non
603 1911 724 1984 relegis,
748 1915 777 1967 et
800 1910 994 1968 theatralibus
1019 1927 1130 1967 sermo·
1184 1928 1303 1968 versum
1327 1928 1359 1968 se
1383 1916 1578 1985 peccatorem3
1593 1911 1712 1984 quando
1733 1910 1819 1967 Semel
1840 1911 1950 1967 maledice·

300 2000 389 2058 nibus
404 1999 579 2057 delectaris?
593 2000 634 2055 'lu
652 2015 711 2055 uon
727 2000 911 2066 relbrmidaa,
924 2000 969 2056 cui
986 1999 1129 2072 scriptum
1184 2002 1235 2058 bat
1250 2006 1278 2058 et
1290 1999 1440 2080 lapidabat
1456 2017 1553 2074 regem
1569 2017 1671 2070 suum,
1687 2004 1716 2056 et
1728 1999 1856 2057 clamabat
1869 2018 1875 2056 :
1888 2021 1896 2047 ι
1909 1999 1949 2065 lii,

298 2094 345 2145 est
359 2088 388 2148 in
415 2088 580 2163 Evangelio,
596 2088 666 2162 quie
681 2087 758 2145 SM
773 2104 825 2160 pro
840 2088 919 2144 omni
935 2088 1028 2144 otioso
1042 2088 1129 2145 verbo
1184 2091 1229 2146 vir
1242 2090 1420 2162 sanguinum
1437 2092 1474 2161 (ll
1488 2092 1550 2161 liep.
1565 2106 1624 2159 xvi,
1638 2092 1678 2159 7).
1696 2088 1815 2161 »Neque
1832 2088 1892 2144 enim
1909 2092 1950 2143 aa

299 2176 444 2235 rationem
471 2194 503 2234 es
527 2178 698 2233 redditurus
726 2176 833 2246 (llctlb.
857 2194 907 2247 sn,
934 2176 1012 2248 36))i
1027 2174 1058 2232 Si
1078 2192 1130 2248 pro
1185 2183 1350 2253 prereptus
1363 2180 1447 2245 torel,
1463 2183 1495 2234 ut
1510 2195 1562 2235 nec
1576 2178 1653 2235 tanti
1669 2178 1745 2252 regis
1770 2176 1951 2234 mundano

299 2266 393 2322 otioso
409 2266 496 2322 verbo
512 2264 675 2338 periculum
690 2268 745 2333 est,
762 2264 983 2337 quantomagis
1002 2281 1054 2337 pro
1070 2264 1130 2321 cri·
1184 2272 1310 2336 veretur,
1327 2283 1379 2323 nec
1394 2271 1540 2323 armatum
1559 2268 1625 2339 ejus
1640 2266 1755 2323 timeret
1767 2266 1951 2332 exercitantum

300 2354 438 2410 minosol
451 2352 513 2409 Non
529 2370 615 2409 omne
629 2351 708 2426 quod
724 2353 894 2419 otiosum,et
908 2352 1102 2409 criminosum
1120 2370 1127 2409 :
1185 2373 1262 2413 unus
1278 2357 1314 2413 de
1328 2356 1455 2413 exercitu
1479 2356 1544 2426 ejus
1568 2355 1777 2412 conviciantem
1792 2352 1906 2428 potuisset
1919 2369 1950 2407 oc·

299 2443 453 2499 sedemus
473 2443 551 2515 quod
576 2458 633 2498 non
660 2442 854 2509 l'ruotuosum,
872 2441 1069 2513 periculosum
1085 2443 1128 2498 at·
1184 2446 1294 2512 cidere;
1315 2445 1365 2502 sed
1391 2452 1538 2501 amentem
1562 2444 1699 2499 diabolus
1723 2444 1829 2509 iecerat,
1850 2440 1889 2515 qui
1906 2456 1950 2497 ena

299 2529 561 2605 quoeradicabile;
591 2531 688 2587 omnis
716 2531 796 2587 enim
825 2531 911 2587 arbor
939 2530 1129 2587 conlacione
1183 2533 1354 2607 impellebat
1368 2534 1404 2589 ad
1421 2540 1555 2589 mortem.
1572 2532 1639 2589 ldco
1652 2532 1739 2588 {levid
1753 2534 1950 2588 adversusaucto·

299 2622 442 2687 fructum,
458 2620 618 2687 excidetur,
634 2624 662 2676 et
678 2618 818 2693 inignem
834 2618 1053 2675 mitteturCum
1070 2636 1131 2675 mo
1183 2638 1245 2694 rem
1270 2622 1365 2695 magis
1389 2621 1584 2695 praeliabatur,
1602 2637 1693 2693 qnam
1719 2619 1867 2677 ministrum
1886 2632 1949 2691 pene-

298 2712 384 2765 velur
409 2708 537 2775 animus,
563 2708 727 2781 exagitetur
750 2707 972 2764 stimulantibus
993 2707 1129 2764 adversa·
1184 2712 1338 2785 quebatur.
1354 2711 1428 2778 Quid
1445 2710 1523 2766 enim
1539 2710 1733 2781 magnetudo
1746 2704 1949 2765 homiueinralrdc

303 2795 366 2865 riis,
387 2796 635 2870 obstrepentibus,
662 2795 866 2861 illudentibus,
891 2795 1129 2864 criminantibus,
1184 2801 1260 2860 8ss
1276 2798 1425 2863 vindicari,
1443 2815 1529 2871 quem
1554 2799 1589 2854 ad
1615 2797 1744 2855 furorem
1771 2796 1836 2853 alter
1857 2793 1949 2868 arphat

306 2885 414 2943 excidit
437 2887 557 2942 verbum
580 2884 803 2953 commotionie;
839 2884 903 2940 ideo
928 2883 1077 2941 silentium
1102 2887 1131 2941 et
1183 2891 1213 2963 iu
1229 2891 1314 2961 cujus
1338 2904 1407 2944 nece
1431 2892 1564 2959 peccator
1587 2886 1741 2943 habuisset
1761 2880 1950 2943 vuluntatisrie

298 2978 397 3031 tutum
414 2978 459 3031 est
472 2978 501 3031 et
515 2974 664 3041 decorum,
680 2974 759 3047 quod
781 2977 877 3031 servat
899 2990 967 3029 cum
988 2973 1130 3045 gravitate
1183 2964 1282 3034 ctum?
1296 2976 1358 3033 Non
1373 2975 1470 3049 gladio
1486 2974 1691 3045 diabolua,sed
1706 2975 1789 3031 verbo
1802 2970 1950 3031 balaneion

298 3062 455 3119 cautelam.
472 3063 545 3128 Quid
575 3064 653 3119 enim
682 3061 884 3132 labianostra,
910 3060 967 3117 nisi
994 3060 1128 3133 quadam
1184 3068 1249 3123 ideo
1264 3068 1359 3122 taceat
1372 3064 1475 3137 lingua
1490 3064 1632 3133 hominis,
1649 3064 1700 3121 Dei
1715 3064 1832 3120 Verbum
1845 3062 1949 3132 loquum.

300 3157 401 3209 nostra
423 3151 540 3211 vinnula
563 3151 652 3207 erint?
676 3150 808 3223 Denique
835 3149 961 3205 vinculis
981 3148 1128 3205 labiorum
1144 3134 1165 3202 C
1184 3156 1313 3227 Denique
1328 3158 1354 3209 et
1370 3152 1504 3209 Christus
1531 3152 1649 3210 iacebat
1675 3157 1742 3210 ania
1763 3150 1837 3208 Pilati
1846 3146 1950 3222 judicium

299 3240 419 3297 suo'rum
436 3241 643 3313 unusquisque
659 3238 950 3312 constringiturldro
961 3236 1079 3311 sapiens
1094 3236 1125 3292 in
1179 3244 1368 3309 constitutus,
1386 3247 1419 3297 ut
1443 3241 1528 3298 uobis
1549 3242 1635 3299 daret
1656 3241 1778 3298 sormam
1791 3236 1893 3304 usundi,
1905 3233 1952 3305 qaia

298 3334 430 3402 tempore
446 3332 531 3395 tacet,
545 3331 574 3384 et
587 3343 686 3383 secum
703 3327 765 3399 ipse
780 3326 946 3382 considerat
967 3342 1025 3399 quo
1049 3332 1125 3382 tem-
1181 3333 1281 3406 lingua
1292 3331 1423 3403 corporis
1437 3330 1531 3387 facilis
1546 3334 1592 3386 est
1607 3330 1646 3387 ad
1662 3346 1796 3395 errorem,
1809 3323 1914 3401 proclivis
1927 3318 1952 3375 ad

300 3433 370 3490 pora
387 3416 466 3488 loqui
481 3416 596 3471 debeat.
609 3414 649 3470 Dc
663 3431 721 3487 quo
737 3414 874 3488 preclare
889 3415 951 3487 ipse
966 3412 1123 3471 Salomon:
1180 3421 1387 3493 liquaminum
1400 3423 1499 3476 autam
1510 3422 1539 3475 et
1549 3418 1599 3491 qui
1612 3423 1744 3476 iuuentus
1759 3408 1954 3489 luquautm,aicnt

299 3525 312 3554 c
331 3502 420 3559 Labie
435 3502 576 3575 sapientis
592 3501 710 3575 alligata
725 3506 795 3559 sunt
810 3502 958 3560 intellectu
970 3505 1062 3577 (Pron.
1078 3522 1125 3570 xv,
1180 3510 1294 3582 Moyses
1319 3508 1369 3581 qui
1393 3507 1491 3564 stabat
1514 3507 1670 3576 attonitus,
1688 3512 1717 3564 et
1729 3506 1838 3570 tacebat,
1850 3499 1887 3556 cui
1900 3495 1954 3552 dixit

296 3592 326 3646 7.
343 3612 357 3642 a
382 3590 503 3659 Quando
531 3607 600 3665 ergo
626 3591 718 3660 vides,
749 3591 1124 3665 illudentibus'protervis.
1179 3599 1284 3654 tacenti
1311 3603 1386 3653 Deua
1402 3602 1440 3651 5«
1457 3593 1532 3662 Quid
1555 3594 1669 3656 clamas
1693 3596 1729 3653 ad
1755 3611 1797 3651 me
1819 3587 1895 3663 (aad.
1913 3600 1954 3650 1¹2.

298 3678 460 3753 sapientem
478 3684 584 3745 tacere,
602 3679 648 3737 dic
664 3697 670 3736 :
687 3680 798 3755 Ligavit
812 3680 867 3737 isto
881 3680 1031 3737 intellectu
1049 3681 1126 3737 labia
1181 3689 1249 3758 15J»
1272 3686 1309 3742 Ut
1332 3686 1559 3756 speluncaque
1587 3684 1685 3741 tacuit
1709 3685 1739 3740 iu
1765 3677 1882 3756 periculis
1902 3671 1951 3736 soie,

298 3784 370 3837 sua;
388 3767 442 3824 hoc
458 3772 512 3833 est,
525 3768 684 3840 prudenter
696 3772 827 3834 tacebas
843 3768 986 3824 labiorum
1004 3784 1124 3824 suorum
1179 3783 1207 3829 el
1237 3772 1376 3830 Dominus
1403 3770 1551 3828 exaudivit
1577 3789 1655 3829 eam.
1683 3774 1757 3847 llrgo
1782 3765 1880 3827 etiamsi
1896 3762 1954 3817 inte

296 3854 422 3913 vinculis
436 3854 583 3929 alligetur.
601 3856 703 3913 Posuit
717 3856 759 3913 ori
776 3873 829 3913 suo
845 3858 1019 3924 custodiam,
1034 3856 1126 3929 sepsit
1179 3863 1299 3919 verbum
1316 3862 1364 3919 Dei
1380 3860 1431 3931 sit3
1447 3865 1477 3917 et
1490 3861 1604 3920 tacebis
1617 3862 1649 3919 in
1664 3862 1715 3919 Dei
1730 3860 1820 3924 verbo,
1837 3860 1861 3913 et
1878 3850 1952 3907 tacius

297 3961 384 4002 auree
413 3962 482 4001 suas
512 3944 746 4017 spinis,voctem
771 3945 906 4001 adhibuit
930 3944 1042 4001 loribus
1067 3945 1126 4001 oris
1179 3948 1700 4020 ulumahls‚utaudiarisaChristo.

299 4035 357 4099 eui,
374 4038 471 4091 servat
484 4032 656 4101 thesaurum
673 4034 769 4090 cordis
785 4033 831 4089 sui
848 4038 876 4090 et
891 4038 1046 4107 argeutum
1067 4032 1124 4089 elo·
1214 4042 1241 4096 8.
1258 4039 1397 4097 Meditare
1412 4056 1481 4114 ergo
1498 4057 1562 4113 qua
1577 4039 1689 4096 Christi
1712 4043 1791 4110 eunt,
1811 4050 1864 4109 que
1884 4038 1954 4085 secum

298 4121 361 4195 quii
390 4121 447 4189 sui,
469 4124 501 4177 ut
527 4120 726 4178 examinatum
755 4126 784 4178 et
808 4127 977 4195 purgatum,
1008 4122 1125 4195 quando
1181 4128 1380 4185 meditabatur
1394 4128 1537 4201 propheta
1552 4128 1696 4197 David,in
1712 4145 1768 4202 quo
1783 4143 1815 4184 ea
1826 4128 1955 4197 quaestum

252 4206 258 4213 ’
301 4210 634 4285 oportet,prolerat;ne
664 4211 822 4284 quisquam
847 4212 994 4284 priuslur
1015 4212 1125 4283 inejus
1177 4218 1208 4273 iu
1224 4218 1280 4275 hoo
1293 4215 1408 4291 psalmo
1423 4217 1599 4274 meditatum
1614 4233 1681 4274 esse
1705 4216 1826 4282 sedicit,
1840 4206 1956 4267 uulua

300 4304 351 4356 aut
366 4300 552 4373 perturbator
566 4300 721 4373 irrumpat,
737 4304 766 4356 et
780 4300 815 4357 ad
837 4318 886 4357 cos
902 4302 1047 4374 captivum
1067 4307 1125 4377 tra3
1177 4305 1293 4363 locutus
1308 4309 1352 4362 est
1366 4304 1510 4362 Christus.
1527 4306 1574 4361 Sic
1588 4307 1670 4363 enim
1684 4306 1822 4379 scriptum
1835 4304 1870 4358 est
1880 4314 1903 4351 ιι
1914 4290 1957 4361 llil

295 4387 357 4453 hai,
374 4387 482 4461 qulbus
497 4388 607 4461 flagitia
622 4405 676 4445 sua
691 4389 810 4445 venditi·
1179 4400 1279 4452 antem
1302 4411 1369 4451 cum
1395 4395 1425 4450 in
1452 4394 1550 4467 aliquo
1566 4394 1640 4451 mihi
1657 4394 1773 4451 molesti
1792 4396 1867 4454 esset,
1884 4381 1956 4439 iudue-

332 4476 359 4530 o.
375 4474 571 4532 Medilahatur
584 4478 678 4535 ludas
693 4477 842 4535 Christum
859 4479 990 4545 vendere,
1007 4480 1058 4535 sed
1079 4494 1123 4534 re·
1138 4502 1162 4566 D
1178 4485 1246 4541 bam
1257 4483 1424 4552 mecilicio;
1440 4488 1468 4539 et
1482 4483 1680 4541 humiliabam
1702 4484 1731 4540 in
1749 4480 1853 4556 jejunio
1865 4473 1957 4531 animm

295 4563 417 4621 uocabat
432 4580 499 4619 cum
515 4569 598 4621 tanta
612 4565 727 4621 Domini
742 4567 847 4641 gralia,
862 4572 891 4623 et
910 4568 1043 4641 quadam
1070 4584 1123 4640 pa·
1179 4590 1286 4640 meam,
1304 4577 1332 4629 et
1362 4572 1454 4628 oratio
1481 4588 1546 4629 meu
1573 4571 1603 4627 iu
1634 4572 1705 4629 sinu
1734 4588 1795 4628 meo
1820 4560 1958 4625 courerlellr

295 4657 385 4708 ternae
400 4650 593 4708 delinimenta
610 4653 737 4725 pietalis,
753 4654 862 4727 quibus
878 4654 958 4711 iuror
973 4656 1037 4729 ejus
1053 4654 1124 4710 mol·
1179 4663 1264 4734 (Psol.
1281 4678 1377 4727 xxxiv,
1394 4660 1450 4731 13.)
1467 4683 1481 4711 ι)
1497 4660 1570 4727 Quid
1585 4666 1631 4718 aar
1651 4662 1681 4717 iu
1704 4661 1813 4733 utiquo!
1833 4652 1894 4722 Quia
1910 4650 1956 4700 lull

295 4740 444 4799 liabetur:
462 4757 515 4797 nco
541 4742 687 4815 erupisset
709 4742 739 4798 in
764 4741 869 4811 scelus,
887 4743 942 4800 nisi
965 4761 995 4801 se
1021 4745 1050 4799 in
1075 4759 1126 4799 cor
1180 4750 1306 4808 maxima
1333 4753 1386 4806 aut
1410 4766 1589 4807 sermonen
1613 4729 1957 4824 opportunusclabituravl

296 4831 372 4903 ejus,
384 4829 454 4903 quia
470 4829 617 4886 Christum
634 4829 734 4886 lallare
751 4846 781 4887 se
794 4830 926 4903 putabat,
939 4830 1125 4888 adversarius
1179 4838 1301 4894 alieuius
1328 4842 1475 4908 mouetur3
1493 4838 1612 4911 quando
1631 4837 1677 4893 vel
1704 4837 1734 4894 ῑῃ
1755 4834 1845 4893 d0101u
1857 4818 1957 4897 aliquod

295 4920 496 4977 demersisset.
509 4918 571 4973 Non
598 4935 665 4989 ergo
692 4918 809 4976 dubites
825 4921 942 4991 quando
958 4921 1049 4993 aliqui
1070 4920 1123 4976 tihi
1179 4926 1299 4982 tristitia
1314 4943 1430 4990 sumus,
1445 4925 1490 4983 vel
1506 4926 1710 4998 indignatione
1731 4926 1840 4983 animos
1852 4905 1955 4989 agrarii,

298 5007 415 5065 molesti
439 5012 510 5087 supt
537 5008 643 5063 volenti
672 5009 945 5079 servarejustiliarn
974 5010 1125 5066 ministros
1180 5015 1225 5072 val
1240 5014 1391 5089 aliquibus
1415 5015 1668 5073 sollicitudinibus
1692 4994 1956 5091 impeditur,auttlii·

294 5112 359 5152 ease
376 5094 458 5152 illiue
469 5094 645 5170 nequissimi
660 5094 831 5169 peccatoris,
849 5097 900 5169 qui
915 5098 1049 5155 omnium
1070 5117 1125 5159 au·
1180 5104 1396 5179 captationibus
1411 5108 1581 5177 occupatur.
1596 5104 1651 5173 Qui
1676 5104 1766 5179 igitur
1789 5090 1904 5158 molesti?
1917 5086 1954 5142 lc·

297 5187 359 5241 otor
386 5188 431 5241 est
461 5183 650 5257 flagitiorum.
676 5183 800 5241 Videbat
827 5185 917 5242 David
945 5188 1126 5261 propheticis
1181 5210 1263 5249 mum
1285 5193 1321 5249 de
1340 5191 1405 5266 ipso
1421 5193 1704 5267 auctorepecoatiet
1718 5189 1823 5265 angelis
1837 5168 1954 5242 saisiret·

298 5272 400 5338 oculis,
418 5274 594 5346 agnoscebat
608 5274 673 5345 ejus
690 5272 830 5347 liguram
855 5272 920 5330 ideo
944 5277 1070 5346 tacebat,
1090 5297 1126 5338 ne
1180 5281 1253 5357 lige;
1270 5282 1376 5339 deindo
1390 5282 1426 5339 de
1441 5281 1479 5339 iis
1494 5284 1544 5356 qui
1568 5282 1684 5340 malunt
1707 5294 1841 5355 sequaces
1853 5271 1952 5345 ejus&

296 5358 377 5418 illius
394 5361 501 5419 laceret
523 5362 714 5433 voluntatem,
739 5362 791 5435 qui
817 5362 1012 5422 interturbare
1036 5369 1127 5440 gestit
1181 5371 1249 5444 (80),
1266 5387 1355 5444 quam
1369 5370 1489 5429 Christi.
1508 5372 1673 5446 impellitur
1688 5386 1770 5438 uxor,
1783 5370 1814 5423 ut
1833 5343 1950 5420 cuculli

334 5588 391 5673 (80)
407 5589 477 5651 Cod.
493 5592 564 5671 lteg.
580 5597 610 5656 et
629 5592 678 5654 alii
694 5598 821 5675 quatuor
836 5610 903 5655 cum
920 5600 981 5657 ant.
998 5596 1081 5673 edit,
1097 5600 1129 5664 in
1148 5616 1254 5682 mam,
1265 5604 1315 5687 qai
1326 5604 1437 5669 metm
1450 5619 1479 5669 so
1489 5620 1555 5669 vm
1567 5604 1624 5689 ajat
1635 5620 1702 5669 m.
