4159 6184
161 323 219 392 bbb
613 327 729 394 ursus
751 328 801 393 DE
822 327 929 396 BONO
949 326 1109 397 Moeris.
1124 365 1164 379 -
1178 329 1411 400 acuculam.
1803 324 1865 396 tte

160 462 248 522 etiam
263 459 295 520 in
310 459 444 537 pluribus
458 459 523 520 aliis
539 459 803 532 lucubrationibus,
819 467 854 522 ut
868 467 939 537 puta
953 466 1170 524 Commentario
1186 466 1215 523 in
1231 465 1341 525 bucam
1357 467 1421 541 (lib.
1439 465 1482 541 ιι),
1497 462 1626 528 meando
1640 461 1716 524 libro
1739 461 1775 524 de
1794 463 1864 540 Spi-

159 552 216 609 ritu
231 555 334 610 sancto
350 551 427 626 (cap.
445 553 485 623 7),
497 552 633 610 Oratione
648 553 684 609 de
699 552 787 609 Obitu
803 552 902 610 fratris
917 554 1012 627 Satyri
1036 555 1127 628 (cirea
1147 556 1227 628 Ωιι),
1254 558 1290 612 ad
1314 561 1478 640 extremqm
1500 557 1585 630 epist.
1611 556 1647 613 ad
1669 554 1863 613 orontianum

159 641 258 716 (epist.
279 641 336 714 38),
351 658 438 714 quem
454 645 488 697 ut
503 642 634 716 diligenti
649 642 781 714 ejusdem
797 640 921 699 lectione
936 644 1133 701 substantiam
1157 644 1260 700 animae
1285 644 1448 718 spiritalem
1473 649 1561 718 atque
1580 645 1777 702 immortalem
1799 660 1864 702 esse

158 735 326 805 cognoscat,
339 730 523 790 adhortatur.

188 821 344 878 Moventur
357 819 487 893 plerique
503 836 606 878 omncs
620 819 758 876 neoterici
774 821 851 893 quod
869 824 988 879 sanctus
1004 822 1105 878 doctor
1121 823 1240 879 adeum
1256 823 1378 879 modum
1392 821 1508 880 locutus
1524 822 1612 880 luerit
1627 824 1663 880 de
1677 822 1751 878 libro
1773 836 1862 894 quem

155 909 284 967 omnies
299 913 380 982 parts
395 910 595 984 apocryphum
610 925 675 966 esse
695 913 860 978 autumant,
887 911 916 966 id
942 914 995 979 est,
1022 912 1118 982 cuyus,
1145 914 1178 966 ut
1201 911 1294 980 aiunt,
1311 928 1369 967 non
1390 915 1506 968 tantum
1529 912 1673 968 obscurus
1696 915 1807 979 auctor,
1835 913 1864 967 et
1935 933 1941 951 .

154 998 265 1072 Spiritu
281 1001 384 1056 sancto
399 998 526 1055 dictante
541 997 695 1071 scripsisse
720 1015 777 1054 non
800 998 949 1055 creditur:
967 999 1123 1055 sedetiam
1149 1000 1235 1071 cujus
1260 1000 1386 1056 obscura
1409 1000 1439 1055 in
1464 1000 1592 1057 Ecclesia
1610 999 1782 1068 auctoritem
1797 1003 1863 1055 tum

154 1089 222 1160 quia
236 1087 321 1144 nullo
334 1103 465 1159 uuquam
478 1103 587 1144 canone
603 1086 646 1143 vel
662 1087 739 1158 apud
754 1087 880 1158 ludens,
891 1088 936 1143 vel
952 1087 982 1142 in
998 1086 1126 1143 Ecclesia
1141 1091 1265 1160 recepta,
1283 1089 1331 1156 sit,
1347 1088 1399 1145 sed
1418 1088 1568 1145 communi
1583 1088 1701 1145 Patrum
1716 1103 1862 1143 consensu

154 1177 277 1248 reiecta;
294 1179 358 1233 tum
373 1175 443 1248 quia
455 1175 526 1232 varii
543 1177 572 1231 in
588 1176 820 1249 cureperiuntur
844 1193 968 1244 errores,
990 1177 1156 1250 cujusmodi
1171 1183 1226 1244 est,
1243 1179 1319 1250 quod
1336 1179 1372 1234 de
1387 1179 1553 1235 animarum
1567 1177 1777 1250 promptuariis
1791 1192 1859 1232 nar·

154 1269 196 1322 rai
210 1270 240 1322 et
255 1263 376 1322 similia.
392 1262 436 1320 llli
451 1265 569 1336 quidem
585 1264 751 1336 Hieronymi
776 1265 978 1321 auctoritatem
999 1266 1123 1336 jactant,
1140 1265 1191 1337 qui
1216 1265 1357 1322 adversus
1381 1264 1571 1338 Vigilantiam
1593 1266 1759 1338 disputans,
1775 1280 1862 1322 eum·

152 1355 216 1412 dem
233 1353 324 1428 quasi
339 1354 375 1410 ab
387 1353 515 1410 Ecclesia
527 1353 650 1409 minime
669 1356 818 1426 receptum
843 1354 988 1426 repudiat,
1005 1354 1140 1428 quamvis
1169 1355 1300 1410 nondum
1325 1355 1381 1411 sibi
1405 1354 1525 1425 lectum,
1541 1371 1609 1411 cum
1628 1355 1689 1411 hac
1710 1353 1863 1411 scriberet.

151 1445 194 1500 Sic
210 1442 358 1500 animilia
374 1459 381 1497 ι
399 1444 435 1499 Tu
448 1443 567 1513 uigilans
580 1441 693 1508 dormis,
714 1442 891 1498 simonicae
911 1443 1019 1511 scribis,
1034 1451 1061 1499 ct
1075 1446 1204 1516 proponis
1225 1443 1297 1499 mibi
1320 1444 1423 1498 libram
1447 1444 1642 1516 apocryphum,
1667 1444 1717 1516 qui
1740 1444 1791 1499 aab
1814 1456 1864 1498 no·

151 1534 224 1590 cane
238 1533 407 1591 Esdroectc
420 1539 446 1587 et
459 1548 476 1587 c
489 1530 627 1588 similibus
643 1533 698 1587 tuis
717 1533 819 1603 beqitor
821 1573 945 1587 .....
966 1549 1107 1604 qacmcqc
1130 1533 1235 1588 tibrum
1256 1548 1400 1604 nunquam
1424 1533 1488 1602 ieci.
1514 1532 1585 1602 Quid
1606 1534 1681 1588 enim
1702 1547 1809 1589 neccsse
1830 1533 1862 1587 in

153 1641 252 1680 meac
265 1637 383 1690 sumere,
400 1620 470 1692 quod
483 1622 601 1678 Ecclesia
615 1637 671 1678 non
686 1623 800 1693 recipit?
817 1620 919 1676 Adhuc
938 1621 1142 1677 vehementius
1165 1620 1222 1678 clio
1249 1620 1312 1677 loco
1337 1621 1442 1692 (Epist.
1463 1621 1499 1677 ad
1515 1620 1684 1679 Dominion.
1703 1624 1731 1677 et
1745 1621 1861 1695 Rogat.)

154 1731 207 1772 uon
220 1716 340 1772 tautum
356 1711 386 1767 in
401 1714 540 1783 quartum
555 1709 712 1778 invehitur,
728 1711 778 1766 sed
796 1709 883 1766 etiam
895 1710 924 1765 in
940 1710 1071 1777 tertium,
1088 1725 1156 1765 eum
1171 1713 1270 1765 tamen
1286 1709 1306 1764 ii
1321 1710 1372 1781 qui
1388 1714 1523 1767 sanctum
1538 1709 1617 1767 bunc
1632 1710 1662 1766 in
1677 1725 1711 1767 ιι
1724 1708 1861 1784 opinione

155 1804 256 1860 ducem
274 1805 449 1874 sequuntur,
466 1799 534 1856 huic
549 1799 624 1856 libro
641 1815 776 1856 essenon
793 1802 944 1872 tantopere
958 1798 1090 1856 intensos
1105 1798 1271 1854 exhibeant.
1284 1799 1406 1855 Addunt
1429 1798 1564 1856 nonnulli
1588 1813 1776 1870 nequaquam
1797 1813 1861 1854 ma-

156 1908 243 1966 gnum
258 1890 344 1946 illum
363 1889 496 1955 Esdram,
513 1889 640 1945 scribam
655 1905 688 1945 ac
703 1888 776 1961 legis
791 1888 951 1954 doctorem,
968 1889 1054 1960 cujus
1069 1886 1188 1944 tertium
1203 1903 1268 1944 essa
1292 1887 1460 1962 opinantur,
1477 1887 1573 1961 quarti
1596 1890 1743 1943 auctorem
1758 1883 1860 1955 videri,

159 1983 203 2038 sed
219 1980 313 2037 alium
330 1978 546 2052 cognominem.

189 2071 253 2126 Non
268 2068 426 2124 defuerunt
440 2070 538 2122 tamen
555 2065 606 2138 qui
619 2066 656 2121 de
671 2065 726 2121 hoc
741 2082 827 2139 opere
842 2065 955 2138 aquius
970 2066 1185 2138 benigniusque
1196 2066 1375 2137 judicarent.
1392 2065 1505 2123 Etenim
1520 2083 1554 2123 ec
1568 2083 1628 2123 uon
1642 2065 1737 2123 solum
1752 2063 1860 2121 erroris

162 2158 227 2216 nihil
252 2156 394 2214 contineri
419 2155 632 2220 existimarunt,
659 2155 709 2210 sed
735 2155 824 2211 etiam
848 2155 1053 2212 auctoritatem
1077 2157 1142 2227 ejus
1171 2156 1349 2229 precipuum
1373 2173 1437 2214 esse
1461 2156 1492 2212 in
1516 2154 1656 2224 Ecclesia,
1672 2153 1781 2228 quippe
1795 2169 1860 2226 que

164 2243 296 2302 nonnulla
310 2243 378 2300 inde
393 2243 482 2315 petita
497 2241 633 2315 precibus
649 2242 711 2298 suis
727 2242 882 2298 inseruerit
898 2243 938 2310 (in
955 2243 1047 2299 Missa
1061 2243 1116 2299 ier.
1135 2245 1153 2298 3
1168 2244 1330 2300 Pentecost.
1347 2247 1376 2300 et
1401 2243 1432 2299 in
1456 2244 1539 2300 iestis
1564 2244 1678 2313 Mart),
1694 2246 1723 2299 et
1743 2239 1860 2315 quomi-

165 2351 213 2391 nus
234 2333 308 2389 illud
324 2333 361 2389 ad
381 2331 490 2388 calcem
514 2330 674 2387 bibliorum
699 2331 899 2400 excuderetur,
926 2349 983 2388 non
1012 2333 1206 2405 prohibuerit.
1227 2333 1303 2398 Quin
1330 2334 1419 2390 etiam
1442 2334 1580 2390 eumdem
1605 2333 1686 2389 hunc
1707 2331 1785 2388 inter
1808 2347 1859 2387 ca·

166 2423 275 2479 nonicas
289 2419 469 2493 descriptum
486 2420 515 2475 in
530 2419 711 2491 quibusdam
726 2419 839 2492 antiqui
854 2421 906 2476 aevi
922 2438 997 2477 mss.
1018 2421 1145 2493 reperire
1159 2426 1275 2490 estnon
1288 2425 1387 2478 tamen
1402 2423 1433 2477 in
1448 2423 1598 2491 omnibus,
1613 2439 1667 2478 nec
1680 2421 1744 2478 siue
1759 2418 1860 2477 discri-

167 2511 235 2568 mine
248 2509 359 2583 aliquo.
378 2509 512 2580 Namque
525 2507 555 2563 in
571 2510 698 2580 quodam
716 2512 881 2580 pervetusto
897 2509 996 2565 codice
1017 2513 1068 2582 qui
1084 2514 1184 2567 nostre
1199 2509 1229 2566 iu
1245 2510 1424 2566 Bibliotheca
1451 2515 1629 2578 asservatur,
1653 2509 1814 2582 compactis
1829 2508 1860 2564 ia

168 2617 248 2655 unum
264 2596 529 2655 duobuscanonicis
559 2595 642 2651 libris
657 2595 764 2664 Esdrae,
782 2597 928 2652 secundus
952 2614 967 2652 a
989 2597 1084 2669 primo
1099 2598 1192 2671 capite
1207 2599 1331 2671 hujusce
1359 2599 1456 2672 quarti
1478 2600 1570 2656 sumit
1593 2598 1755 2665 exordium,
1779 2597 1859 2654 haud

166 2687 243 2744 dubie
257 2687 325 2760 quia
339 2687 404 2758 ejus
420 2683 493 2740 illud
506 2685 622 2740 initium
639 2688 683 2740 est
699 2701 705 2740 :
724 2685 803 2742 tiber
817 2685 910 2743 Esdrac
921 2685 1063 2758 propbeta
1080 2687 1212 2743 secundia
1229 2692 1313 2743 :tum
1338 2704 1373 2744 ex
1395 2689 1460 2759 ejus
1482 2692 1570 2759 atque
1593 2686 1672 2744 tertii
1695 2685 1764 2743 libri
1780 2685 1859 2757 capi·

165 2775 235 2833 libus
247 2778 323 2833 inter
337 2792 370 2832 se
385 2774 545 2848 permistis,
562 2777 688 2847 quatuor
702 2773 792 2830 libelli
808 2774 1013 2831 coniiciuntur.
1034 2775 1228 2832 Doctissimus
1244 2777 1346 2844 Faber,
1362 2776 1501 2833 Ludovici
1516 2777 1582 2833 Xlll
1595 2776 1855 2850 preceptoribpisi·

165 2865 276 2922 accord.
293 2863 417 2935 Berotai,
436 2863 593 2936 quemdam
608 2863 741 2934 ejusdem
757 2863 853 2934 quarti
869 2862 936 2919 libri
960 2864 1106 2921 mesdeo
1129 2865 1297 2938 discrepare
1320 2866 1356 2922 ab
1380 2865 1506 2922 editione
1530 2865 1730 2937 deprehendit,
1756 2868 1788 2920 ut
1809 2879 1859 2920 va-

163 2954 216 3010 rias
230 2955 291 3026 ejus
306 2952 447 3009 lectiones
461 2951 540 3007 card.
556 2953 680 3008 Baronio
694 2952 936 3009 transmittendas
960 2956 1087 3027 putaret.
1104 2956 1171 3020 Ouae
1195 2955 1350 3011 diversitas
1373 2955 1447 3011 iorte
1471 2955 1501 3010 in
1525 2971 1614 3011 causa
1636 2957 1692 3021 est,
1707 2970 1761 3009 cur
1783 2969 1859 3009 nou-

162 3042 285 3100 nullaab
300 3040 455 3098 Ambrosio
469 3041 618 3098 excedam
642 3040 718 3097 libro
743 3042 832 3096 citata
855 3041 884 3096 in
908 3042 984 3097 edito
1010 3041 1131 3098 minime
1154 3042 1348 3115 reperiantur.
1374 3042 1512 3099 inventus
1536 3046 1581 3099 est
1603 3042 1731 3114 denique
1758 3045 1860 3098 auctor

162 3131 275 3203 quidam
290 3131 382 3202 hujus
397 3129 501 3195 aetatis,
518 3129 567 3202 qui
585 3129 658 3186 duos
672 3129 794 3186 ultimos
808 3129 951 3187 librorum
966 3129 1062 3186 Esdrae
1077 3130 1231 3186 canonicos
1247 3130 1398 3186 acclivius
1422 3130 1604 3187 auctoritatis
1629 3146 1694 3187 asse
1718 3130 1858 3196 crederet,

159 3219 288 3293 hancque
303 3235 389 3276 suam
405 3218 574 3291 opinionem
600 3218 688 3274 etiam
714 3219 821 3292 scripto
844 3219 962 3274 firmare
986 3218 1128 3275 niteretur
1152 3218 1286 3288 (Gencbr,
1304 3217 1403 3275 Circe.
1428 3217 1448 3274 l.
1475 3236 1506 3287 u,
1531 3219 1567 3275 ad
1594 3236 1642 3275 cn.
1659 3219 1762 3274 mundi
1776 3219 1853 3289 368).

158 3307 261 3365 Verum
278 3307 423 3381 quidquid
439 3308 504 3378 ejus
519 3306 560 3362 rei
576 3305 623 3372 sit,
638 3311 754 3363 constat
769 3323 826 3362 non
842 3306 938 3362 solum
954 3324 989 3363 ex
1003 3306 1133 3379 antiquis
1154 3306 1288 3363 Patribus
1310 3307 1498 3365 Ambrosium
1513 3308 1555 3365 ita
1569 3308 1707 3365 sensisse.
1723 3306 1857 3363 Clemens

156 3395 367 3454 Alexandrinus
383 3395 445 3465 (lib.
461 3412 491 3451 ιιι
508 3395 625 3464 Strcm.)
640 3395 762 3451 Esdram
782 3394 869 3451 citato
884 3400 988 3467 quarto
1004 3394 1085 3451 illius
1101 3393 1175 3450 libro
1192 3396 1363 3467 prophetam
1379 3395 1629 3469 sclutat,eumque
1643 3412 1712 3465 nou,
1728 3393 1857 3452 absimili

157 3485 241 3542 modo
255 3489 356 3542 auctor
369 3483 471 3557 Operis
485 3483 560 3557 imp.
581 3500 670 3557 super
684 3483 851 3538 Matthaum
868 3481 968 3540 laudat
983 3483 1050 3556 (loc.
1071 3500 1136 3555 sup.
1153 3483 1227 3554 cit),
1244 3500 1277 3540 ac
1292 3485 1412 3540 demum
1428 3486 1464 3541 ad
1478 3486 1613 3542 eumdem
1627 3485 1757 3544 alludere
1776 3484 1858 3541 vide·

155 3579 205 3630 tur
219 3575 380 3648 Cyprianus
394 3574 458 3644 (Ad.
474 3572 627 3644 Demetr.).

166 3731 170 3736 1
189 3663 369 3736 Quapropter
385 3661 557 3734 neutiquam
572 3661 657 3718 nobis
672 3661 781 3716 mirum
795 3661 920 3727 videtur,
937 3660 1014 3732 qued
1029 3658 1202 3716 Ambrosius
1227 3660 1294 3716 libri
1318 3677 1407 3733 quem
1431 3662 1508 3719 bona
1532 3663 1599 3729 lide,
1615 3666 1648 3719 ut
1662 3679 1697 3719 ex
1711 3661 1777 3720 aliis
1791 3662 1858 3734 ejus

157 3750 452 3808 commentationibus
467 3752 555 3823 patet,
572 3766 624 3822 pro
640 3748 779 3805 canonico
803 3748 939 3818 habebat,
962 3748 1010 3804 hic
1034 3748 1238 3805 auctoritatem
1263 3751 1520 3819 commendaverit,
1545 3750 1747 3822 extuleritque.
1765 3751 1797 3806 ld
1819 3749 1861 3806 si·

158 3841 284 3910 quidem,
299 3845 332 3896 ut
346 3840 410 3912 ipse
424 3839 587 3912 profitetur,
599 3854 633 3894 eo
648 3835 770 3894 consilio
785 3837 945 3903 factitabat,
966 3841 998 3892 ut
1018 3837 1142 3910 gentiles
1166 3837 1217 3908 qui
1244 3836 1392 3894 Christum
1411 3841 1534 3910 ejusque
1552 3837 1714 3912 discipulas
1736 3840 1860 3909 acceptas

160 3927 304 3985 aPiatone
328 3932 357 3985 et
380 3926 440 3984 illis
465 3925 649 4000 philosophis
671 3943 731 3982 sune
755 3925 893 3981 doctrinm
917 3925 1141 3993 insimulabant,
1157 3926 1304 3982 mendacii
1328 3932 1472 4001 argueret,
1489 3943 1557 3984 oum
1586 3927 1687 3999 ipsum
1710 3924 1861 3982 Platonem

159 4015 253 4086 potius
266 4018 301 4074 ab
316 4017 420 4086 Esdrs,
436 4014 561 4088 aliisque
576 4013 685 4072 nostris
701 4014 869 4070 auctoribus
886 4018 1053 4071 mutuatum
1068 4014 1212 4087 quidquid
1228 4015 1297 4071 boni
1312 4017 1348 4073 ds
1369 4021 1448 4072 statu
1471 4015 1637 4072 animarum
1653 4017 1860 4087 postmortem

161 4101 301 4174 docuerat,
317 4103 439 4176 planum
456 4103 575 4159 iaceret.
595 4102 727 4159 Ethnicis
742 4117 816 4158 nova
830 4118 888 4157 non
903 4105 966 4159 erat
979 4102 1150 4172 hujusmodi
1175 4102 1352 4160 criminatio.
1382 4103 1483 4160 Celsus
1507 4119 1572 4159 eam
1587 4101 1705 4176 Origeui
1721 4100 1812 4174 (Orig.
1833 4099 1855 4157 l.

160 4201 303 4258 ancona.
330 4193 410 4265 Cels.)
434 4191 536 4250 multia
558 4196 625 4248 aute
649 4191 735 4247 annis
758 4190 788 4246 iu
817 4191 919 4247 eodem
943 4207 1065 4263 prorsus
1088 4194 1262 4263 argumento
1286 4191 1456 4263 objectaret.
1483 4191 1556 4248 Cum
1586 4194 1685 4248 cutem
1712 4188 1860 4248 Ambrosii

162 4281 336 4353 temporibus
352 4280 448 4338 adbuc
464 4296 521 4337 non
536 4295 642 4353 parum
656 4278 766 4335 valeret
780 4277 950 4335 idololatriae
966 4294 1055 4350 quam
1071 4278 1265 4350 Symmachus
1280 4279 1453 4336 auctoritate
1474 4297 1529 4336 sua
1551 4279 1698 4348 tuebatur,
1719 4279 1862 4353 putentia,

163 4367 279 4426 dubium
291 4387 349 4426 non
365 4373 411 4426 est
425 4367 497 4440 quin
512 4372 582 4423 tunc
597 4367 699 4424 eadem
724 4365 873 4422 calumnia
893 4370 1031 4422 renovata
1053 4366 1150 4422 luerit.
1166 4367 1328 4430 Ouodcirca
1341 4368 1463 4424 minime
1485 4368 1592 4424 mirum
1607 4368 1764 4439 videbitur,
1781 4369 1806 4425 si
1824 4369 1861 4424 ad

164 4457 377 4515 conuellendum
395 4457 591 4524 mendacium,
608 4455 687 4528 quod
703 4454 834 4510 funditus
850 4454 1046 4511 Christianam
1071 4455 1159 4510 tidem
1183 4470 1316 4512 eversum
1341 4457 1412 4522 ibat,
1427 4458 1459 4514 S.
1488 4458 1588 4513 doctor
1613 4462 1793 4531 quantopere
1812 4474 1861 4515 va·

164 4541 228 4611 luit,
241 4546 390 4618 scriptoris
403 4545 495 4616 hujus
508 4543 711 4600 auctoritatem
726 4542 905 4616 praedicauit.
925 4542 1014 4616 Atqui
1030 4541 1088 4599 alia
1103 4560 1219 4616 quoque
1234 4543 1316 4599 addit
1330 4560 1479 4601 sacrarum
1495 4546 1670 4618 paginarum
1680 4545 1862 4616 testimonia,

166 4630 266 4702 quibus
280 4634 387 4690 invicte
402 4631 538 4705 superbis
550 4631 610 4688 illis
625 4631 784 4706 gentilibus
799 4631 981 4687 demonstret
997 4630 1146 4687 Platonem
1174 4636 1202 4687 et
1224 4633 1371 4688 Socratem
1386 4650 1474 4689 suum
1498 4649 1533 4690 ea
1554 4634 1620 4691 istis
1643 4634 1863 4708 limpidissimis

165 4720 287 4779 veritatis
299 4721 429 4779 lontibus
444 4719 539 4777 muita
550 4719 696 4788 hausisse,
714 4737 778 4792 quae
793 4725 895 4792 postca
906 4719 962 4793 ipsi
976 4719 1070 4776 diluto
1084 4721 1230 4776 variarum
1246 4720 1412 4778 fabularum
1428 4739 1509 4779 coenc
1524 4724 1719 4796 corruperint.
1738 4725 1779 4780 De
1796 4722 1860 4778 Pla·

167 4811 233 4865 tcnc
246 4810 360 4883 quidem
378 4811 450 4867 adeo
463 4813 601 4867 constans
615 4813 660 4866 est
673 4825 741 4865 eum
757 4809 829 4864 benc
845 4809 939 4866 multa
957 4809 1017 4865 sive
1032 4826 1067 4865 en
1082 4809 1173 4866 sacris
1188 4810 1349 4879 codicibus,
1365 4816 1398 4867 ut
1420 4811 1468 4868 hic
1489 4814 1572 4870 docet
1592 4812 1773 4880 Ambrosius,
1790 4810 1861 4879 sive,
1926 4835 1930 4843 ·

170 4899 199 4949 ut
212 4897 306 4956 solunt
320 4899 381 4966 alii,
399 4916 416 4955 a
432 4898 604 4973 Pythagora,
620 4898 670 4971 qui
686 4902 715 4954 et
730 4899 792 4970 ipse
806 4899 922 4955 iudans
938 4899 1086 4970 sapientes
1102 4899 1243 4969 audierat,
1261 4899 1409 4968 didicisse,
1426 4906 1459 4957 ut
1473 4901 1626 4974 vulgatum
1648 4899 1735 4956 tuerit
1749 4899 1784 4955 de
1798 4899 1862 4971 ipsc

169 4981 238 5043 illud
252 4987 385 5045 Numenii
396 4987 581 5061 Pythagorici
596 4987 707 5043 dictum
725 5005 731 5043 :
748 4996 832 5060 Τίγάρ
849 4995 899 5045 ἐπι
914 4996 1017 5045 Πλάτων
1026 4996 1044 5055 i,
1055 4995 1161 5056 Mate-q
1174 4997 1317 5056 misitne,
