4159 6184
164 311 224 373 90t
722 311 919 376 isoscele
938 311 1161 376 PROPHETAE
1183 309 1314 376 uelle.
1810 315 1869 376 902

165 446 247 520 quod
263 443 321 502 ait:
338 468 352 495 «
369 446 403 504 la
415 445 615 521 quadruplum
630 445 765 504 restituet
779 446 869 520 (ibid).
886 469 901 497 ι
915 446 991 511 Qua·
1005 450 1033 514 Α
1047 446 1187 504 Similiter
1215 450 1244 503 el
1270 446 1347 504 lacta
1373 445 1451 504 bone
1478 445 1635 502 manifesta
1657 449 1737 502 sunt.
1759 446 1871 504 Luceni

165 534 415 610 druplatureuim
430 536 620 602 ressurrectio
639 539 835 603 mortuorum,
851 535 991 592 sicutdo
1046 536 1124 592 enim
1141 535 1394 608 operevirtutum,
1410 536 1439 591 et
1453 533 1609 609 splendore
1633 533 1825 605 meritorum,
1842 539 1871 593 et

162 628 213 682 cet
226 622 385 699 Apostolus
399 623 519 682 diceus:
538 647 550 676 ι
568 623 737 682 seminetur
748 623 779 680 in
794 624 991 698 corruptione,
1047 639 1110 696 qum
1127 623 1211 681 aliter
1225 640 1257 682 ee
1273 623 1391 692 habent,
1409 623 1549 680 abscondi
1566 641 1623 680 uon
1640 629 1775 699 possunt.
1796 626 1871 700 Ergo

163 713 305 789 surgitis
320 713 558 789 incorruption03
572 712 782 773 seminatoris
796 713 991 788 ignobilitate,
1046 711 1116 770 talia
1131 729 1189 771 non
1203 716 1355 788 teguntur,
1370 730 1427 770 non
1444 713 1601 770 obumbret
1615 729 1648 770 ec
1662 713 1790 772 charitas
1807 730 1871 787 que

164 801 263 876 surgit
276 801 307 858 in
316 801 411 877 gloria
422 821 429 873 ;
440 802 646 862 seminaturin
657 802 839 871 infirmitate,
850 801 947 877 surgit
960 801 991 859 in
1047 801 1140 876 operit
1154 801 1375 860 multitudinem
1391 806 1587 876 pcccatorum,
1604 819 1661 860 non
1671 803 1766 876 operit
1780 802 1871 860 bono·

163 891 275 948 virtute
295 891 458 949 seminatur
481 909 588 967 corpus
611 891 749 961 animale,
776 891 992 967 surgitcorpua
1045 907 1112 952 rum
1128 908 1249 966 operum
1264 891 1370 968 gratia
1385 907 1443 948 uon
1454 891 1608 949 abscondit
1618 890 1760 948 virtutum
1771 891 1872 950 multi·

165 979 299 1055 spiritale
321 980 347 1054 (l
374 979 439 1038 Cor.
463 998 512 1049 xv,
535 982 639 1056 mi).
654 1001 670 1034 e
695 981 841 1040 Reatiluet
860 981 947 1055 pleae
960 981 991 1037 in
1047 981 1129 1050 tudo,
1146 982 1198 1039 sed
1222 981 1307 1056 quasi
1332 981 1413 1038 nuda
1433 983 1462 1038 et
1484 983 1593 1038 inlecta
1614 981 1790 1054 produntur.
1807 981 1870 1038 Non

165 1068 731 1144 quadruplumagnametiemillomcde
747 1074 912 1145 quopctest
927 1070 991 1143 jam
1046 1069 1125 1128 enini
1149 1076 1194 1129 cet
1218 1071 1248 1128 in
1272 1071 1309 1128 iis
1335 1071 1385 1146 qui
1409 1069 1504 1127 dicet:
1523 1092 1537 1122 ιι
1551 1069 1612 1128 Sub
1636 1070 1743 1128 umbra
1757 1069 1871 1128 alarum

165 1158 257 1216 bomo
271 1158 387 1217 dicere:
404 1181 419 1209 «
435 1159 467 1216 Si
481 1159 528 1217 cui
543 1159 655 1234 aliquid
671 1159 789 1229 abstuli,
806 1160 897 1217 reddo
917 1176 992 1232 qua·
1046 1162 1164 1217 tuerum
1189 1165 1307 1236 prolege
1332 1178 1378 1218 me
1404 1161 1490 1234 (Paci.
1518 1177 1575 1232 ιιι,
1592 1159 1631 1233 8).
1650 1183 1664 1212 o
1689 1159 1766 1218 Crux
1794 1159 1872 1217 enim

166 1248 306 1322 druplum
321 1251 332 1319 (
346 1253 410 1306 tac:
425 1266 483 1318 xix,
499 1249 538 1323 8).
557 1270 571 1300 r
586 1249 664 1307 ⁰88
679 1248 890 1308 convenienter
903 1247 991 1308 etiem
1046 1247 1162 1306 Domini
1177 1265 1279 1308 omnes
1295 1251 1390 1307 abolet
1406 1255 1493 1324 alque
1506 1248 1660 1308 abscondit
1674 1257 1798 1308 errores.

166 1337 240 1394 illud
256 1337 381 1412 adjecit:
398 1361 412 1389 ι
429 1339 502 1406 Quia
518 1355 577 1396 uon
593 1338 722 1414 pepercit
736 1339 774 1412 (li
784 1342 849 1411 dep.
859 1339 960 1411 ιιιι,6);
976 1360 991 1388 »
1081 1339 1126 1396 25.
1142 1339 1213 1404 Quis
1228 1339 1318 1414 igitur
1335 1341 1429 1414 magis
1445 1339 1560 1414 operuit
1573 1344 1603 1398 et
1617 1341 1688 1397 texit
1702 1357 1791 1413 quam
1807 1357 1873 1398 een-

165 1444 224 1484 ncn
241 1426 322 1484 enim
336 1427 465 1502 pepercit
479 1427 536 1485 sibi
551 1427 700 1496 Christus,
716 1431 750 1485 ut
763 1427 902 1485 omnibus
920 1428 993 1484 aub-
1046 1431 1111 1486 ctus
1126 1429 1227 1499 David,
1245 1429 1295 1502 qui
1305 1433 1334 1486 et
1345 1429 1414 1486 alibi
1430 1430 1471 1486 ait
1482 1447 1488 1484 :
1499 1432 1531 1486 El
1542 1429 1800 1488 inumdrcclnrum
1813 1438 1873 1487 luc-

165 1515 290 1574 reniret.
1046 1534 1110 1574 rum
1124 1521 1243 1592 speravi,
1258 1517 1342 1576 donec
1355 1523 1476 1576 trnnecct
1487 1520 1623 1591 iniquiter
1634 1519 1722 1592 (Paul.
1734 1536 1790 1588 cvr,
1803 1519 1870 1593 21);

202 1606 249 1661 23.
268 1605 394 1678 ideoque
407 1605 520 1663 dictem
535 1611 613 1664 esta
636 1605 760 1665 Domino
784 1606 855 1664 lesu
876 1606 992 1664 Christo
1046 1607 1414 1676 etsicdileaitilominum
1427 1607 1872 1684 utnimiacbcritetepeocslum

166 1695 204 1751 ad
221 1710 338 1751 servum
354 1710 442 1751 snum
458 1695 559 1764 David,
574 1699 607 1751 ut
621 1694 794 1769 mysterium
809 1694 990 1753 declararet:
1046 1713 1132 1753 omne
1146 1701 1258 1769 tegeret
1268 1696 1568 1770 etqneubecondcrrt.
1583 1697 1698 1753 Etenim
1711 1698 1734 1755 si
1752 1701 1873 1755 sanctus

166 1809 182 1837 e
196 1783 341 1851 Quoniam
354 1787 386 1840 tu
403 1783 458 1840 bcc
473 1783 567 1842 iecisti
582 1783 613 1842 in
629 1783 752 1853 occulto,
767 1788 797 1842 et
810 1801 864 1858 ego
886 1784 990 1842 faciam
1046 1785 1123 1842 084
1144 1785 1296 1858 apostolus
1319 1785 1420 1841 Petrus
1443 1784 1559 1858 lapsum
1584 1801 1671 1842 sunm
1689 1785 1873 1843 confessione

167 1873 475 1930 bccverbumcoraur
504 1873 584 1930 omni
610 1873 709 1942 lsrael,
734 1876 764 1930 et
785 1873 816 1930 io
834 1879 990 1947 conspectu
1046 1874 1347 1944 charitatisabclevit,
1378 1879 1405 1929 et
1424 1873 1470 1929 illo
1500 1874 1695 1949 interrogatus
1719 1873 1874 1934 aDomino

167 1962 243 2019 solis
265 1961 355 2034 bujus
371 1963 408 2035 (ll
427 1964 490 2034 dep.
516 1962 638 2036 xn,12).
655 1985 670 2012 ι
695 1962 731 2018 iit
755 1962 850 2035 primo
872 1963 992 2036 quidem
1046 1963 1161 2020 dicente
1177 1963 1202 2020 ci
1217 1964 1320 2020 tentio:
1339 1985 1352 2014 ιι
1368 1964 1468 2018 Simon
1483 1963 1618 2034 Joeunis,
1629 1980 1712 2021 anias
1723 1979 1769 2020 me
1783 1963 1872 2038 (loen.

168 2051 304 2111 nesciens
318 2055 546 2122 recrementum,
560 2054 725 2109 commotos
740 2057 786 2108 est
807 2051 898 2109 David
917 2051 993 2108 indi·
1048 2071 1106 2124 inu,
1123 2054 1177 2126 16),
1195 2058 1227 2109 ut
1241 2070 1328 2126 quem
1340 2053 1425 2110 terlio
1440 2057 1604 2126 negaverat,
1621 2053 1706 2111 tertio
1723 2054 1871 2124 fateretur,

167 2141 319 2217 gestione,
334 2141 385 2198 sed
401 2157 459 2197 non
475 2143 583 2198 erravit
597 2141 712 2198 ellectu.
729 2139 833 2199 Pontes
857 2157 924 2199 vero
942 2142 993 2199 ubi
1049 2147 1136 2215 atquc
1148 2142 1190 2199 ita
1201 2142 1277 2199 trino
1291 2143 1417 2215 quodem
1430 2141 1595 2199 dilectionis
1604 2141 1747 2200 velamine
1756 2142 1872 2216 lapsum

167 2230 306 2304 cognorit
319 2230 493 2304 mysterium
508 2246 662 2304 magnum,
686 2245 828 2304 magnum
852 2230 931 2288 enim
946 2247 993 2288 ea·
1048 2232 1131 2288 trine
1147 2229 1310 2306 negationis
1324 2231 1532 2288 absconderet:
1546 2231 1570 2288 si
1581 2232 1651 2306 quie
1665 2231 1756 2290 semel
1771 2233 1874 2290 Petrus

168 2321 356 2377 crementum
367 2317 667 2391 cbriatietlioclesiae,
677 2318 780 2376 rideas
790 2319 993 2378 remissionem
1050 2319 1138 2390 licvit,
1154 2320 1268 2376 venium
1285 2320 1453 2394 reportavit,
1469 2323 1581 2394 quanto
1597 2321 1691 2395 magis
1705 2320 1807 2389 David,
1823 2320 1873 2395 qui

168 2408 302 2464 futuram
316 2406 449 2464 omnium
466 2411 662 2482 peccatorum,
673 2407 836 2483 previdens
851 2407 994 2483 fulgorem
1050 2408 1166 2466 levabat
1180 2425 1231 2484 per
1245 2408 1379 2482 singulas
1394 2415 1494 2466 noctes
1505 2408 1613 2467 lectum
1626 2427 1727 2481 auum,
1741 2413 1770 2468 et
1784 2410 1875 2483 lacry·

167 2497 272 2572 gratie
287 2513 339 2570 per
351 2484 499 2553 lavacrum
522 2495 761 2570 regenerationis,
771 2501 801 2554 et
817 2497 995 2555 infusionem
1051 2498 1108 2554 mis
1122 2502 1249 2556 stratum
1265 2514 1354 2554 suum
1370 2498 1484 2572 rigebat
1495 2500 1552 2568 ;cui
1567 2504 1651 2556 erant
1665 2499 1799 2573 lacryma
1814 2517 1873 2557 rue

168 2585 301 2660 Spiritus
314 2585 420 2655 sancti,
436 2585 476 2642 nit
491 2602 614 2643 securus
636 2586 746 2644 venies:
763 2609 778 2637 ι
804 2586 921 2644 Peccavi
940 2587 996 2645 Do·
1051 2585 1136 2660 penis
1151 2584 1198 2641 die
1212 2601 1245 2641 ac
1268 2588 1361 2652 nocte,
1385 2585 1434 2658 qui
1459 2584 1587 2642 cinerem
1611 2591 1752 2659 tanquam
1768 2604 1874 2660 panem

172 2676 256 2733 mino
283 2675 363 2747 (ibid.
393 2675 489 2748 13);»
519 2678 552 2732 ut
575 2678 604 2732 et
626 2673 689 2748 ipse
711 2676 741 2731 in
765 2691 867 2734 eorum
886 2676 997 2734 veniret
1051 2674 1258 2742 manducabat,
1275 2678 1304 2730 et
1318 2677 1420 2746 potum
1436 2690 1524 2730 suurn
1539 2689 1607 2730 cum
1622 2674 1692 2731 lietu
1708 2673 1875 2733 miscebat?

171 2764 366 2834 consortium,
396 2764 504 2837 quibus
532 2763 625 2837 culpe
654 2763 791 2823 remissio
819 2767 995 2840 proveniret.
1052 2761 1164 2819 Etenim
1180 2761 1205 2818 si
1219 2762 1343 2834 ejusqui
1353 2761 1705 2836 conversusingcmuerit,
1718 2763 1876 2823 miseretur

171 2852 308 2910 Adverlis
323 2853 572 2925 quemadmodum
596 2857 749 2926 peccatum
774 2855 923 2929 proprium
944 2856 998 2914 de·
1051 2851 1138 2908 Jesus
1154 2851 1177 2908 si
1191 2870 1198 2920 ;
1214 2855 1334 2907 Petrum
1349 2851 1464 2924 aspexit
1475 2855 1503 2908 el
1519 2849 1567 2907 ille
1579 2851 1657 2908 llevil
1667 2871 1676 2908 .·
1686 2858 1795 2926 quanto
1811 2871 1875 2911 me-

173 2941 355 3015 ploraverit?
367 2940 439 3007 Quis
454 2940 545 3015 igitur
559 2941 683 2998 miretur
697 2941 723 2999 ci
738 2958 804 3000 esse
817 2942 999 3003 dimissum?
1053 2940 1098 3014 gis
1110 2939 1160 3014 qul
1177 2939 1227 2995 dlu
1242 2939 1330 3009 flevit,
1343 2944 1526 3013 &eonspeolu
1538 2939 1654 2998 Domini
1668 2958 1726 2999 non
1738 2943 1876 3001 recessit?

496 3047 613 3105 cgppp
630 3048 678 3106 up,
1053 3029 1175 3103 Negavit
1189 3029 1300 3097 Petrus,
1317 3034 1345 3084 el
1361 3045 1418 3085 non
1433 3029 1520 3095 flevit,
1545 3029 1615 3102 quia
1638 3047 1695 3087 non
1712 3040 1876 3106 respexerat

173 3161 264 3214 gono,
277 3159 303 3212 ,p
316 3155 402 3212 mag„
417 3154 467 3212 go,
480 3157 556 3212 ime,
568 3171 597 3212 ,e
621 3155 742 3227 differre,
764 3157 835 3230 qm
857 3159 921 3215 mos
954 3176 997 3217 w·
1053 3119 1150 3185 lesus,
1167 3119 1283 3192 negavit
1297 3117 1438 3186 secundo,
1454 3121 1482 3174 et
1496 3119 1653 3188 ncnllevit,
1665 3121 1801 3194 quianon
1818 3141 1876 3181 res·

209 3234 271 3284 coto
284 3230 444 3299 mouentur,
461 3226 508 3282 lice
520 3227 699 3299 praeoedant3
713 3231 739 3284 pr
757 3229 857 3301 quim
870 3231 997 3302 ,pm-p„
1011 3190 1033 3258 (l
1052 3212 1171 3280 pexerat
1183 3207 1327 3264 Dominus
1343 3225 1349 3276 ;
1363 3207 1476 3278 negavit
1485 3207 1581 3275 tertio,
1594 3209 1720 3283 respexit
1733 3211 1830 3282 lesus,
1846 3216 1875 3271 ct

209 3299 544 3371 Decidpeccclumeeam
558 3299 667 3354 texerit.
993 3348 997 3358 ,
1053 3297 1152 3353 statim
1174 3296 1262 3363 licvit,
1287 3299 1315 3352 et
1339 3295 1418 3352 llevit
1442 3298 1594 3355 amerisse.
1623 3298 1688 3356 ldcc
1712 3300 1798 3358 David
1824 3304 1875 3376 qni

209 3389 256 3443 24.
272 3387 356 3444 Nunc
370 3385 591 3444 cousideremns
604 3403 693 3461 opera
706 3388 890 3461 ejusquibus
904 3391 1000 3462 potuit
1053 3401 1169 3458 semper
1184 3385 1282 3457 itabat,
1298 3385 1431 3441 dicebat:
1449 3409 1464 3436 «ι
1480 3384 1561 3442 Oculi
1577 3387 1633 3442 mei
1646 3404 1761 3463 semper
1771 3392 1807 3448 ad
1825 3394 1875 3449 Dc

173 3481 275 3550 tegere
290 3479 453 3550 peccatum.
469 3475 585 3532 Etenim
599 3475 670 3549 quia
684 3491 742 3533 non
753 3481 850 3550 potest
860 3478 924 3535 sine
935 3496 1000 3553 pec·
1053 3475 1167 3530 minum
1182 3473 1268 3544 (Peri.
1285 3489 1358 3541 xrrv,
1377 3474 1431 3546 li).
1449 3496 1463 3524 a
1479 3475 1534 3539 Oui
1552 3491 1670 3550 semper
1692 3478 1844 3537 videbatur
1858 3498 1876 3538 a

174 3569 242 3621 cato
257 3580 322 3622 esee
344 3563 475 3623 humana
499 3564 653 3638 fragilitas,
676 3566 839 3623 cavendum
862 3583 899 3625 ne
913 3568 1000 3642 plura
1053 3563 1178 3629 Christo,
1192 3560 1324 3619 dicebat:
1343 3584 1357 3612 «
1373 3562 1427 3618 Per
1439 3563 1534 3620 exitus
1549 3581 1693 3636 equarum
1718 3568 1875 3627 descende-

173 3657 294 3728 pecceta
308 3653 378 3723 sint,
394 3669 482 3727 quam
502 3670 590 3727 opera
613 3653 766 3710 iirtutum.
790 3654 872 3720 Quod
891 3673 1000 3732 magne
1054 3654 1122 3706 runt
1136 3649 1212 3707 oculi
1229 3648 1286 3704 mei
1297 3649 1375 3723 (Psoi
1386 3665 1503 3718 cxxviii,
1520 3651 1593 3725 136).
1611 3674 1626 3702 »

172 3744 201 3800 vi
218 3742 369 3816 sapientie
384 3760 444 3801 sua
458 3746 580 3800 sanctus
593 3743 704 3800 Paulus
718 3745 863 3818 expressit
881 3747 996 3805 dicens:
1089 3741 1132 3796 2⁶·
1147 3739 1202 3796 Sed
1214 3739 1278 3811 l'flffl
1294 3737 1382 3794 ellam
1398 3739 1475 3794 lecln
1484 3740 1549 3811 ⁰1³⁸
1560 3742 1790 3802 ⁰⁰⁰⁵ld0l⁰fflu⁸·
1804 3746 1875 3812 Quis

175 3833 408 3897 «Quorumdam
431 3832 587 3890 homiuum
611 3835 730 3906 peccata
755 3833 913 3892 manifeste
929 3841 1001 3895 aunt
1054 3830 1269 3886 contentarum
1279 3825 1366 3884 laude
1376 3827 1618 3885 virtutumuuius
1628 3829 1761 3887 criminis
1771 3833 1875 3890 obum-

174 3921 371 3996 precedentis
386 3923 422 3979 ad
433 3921 591 3995 Jndicium,
608 3922 752 3994 quosdam
766 3926 865 3980 numm
879 3928 909 3981 et
929 3927 998 3983 auh.
1053 3919 1152 3975 breret
1166 3916 1332 3973 invidiam?
1354 3915 1456 3973 Divino
1480 3915 1590 3974 electus
1614 3920 1757 3979 examine.
1774 3922 1874 3980 stetim

174 4013 343 4084 sequuntur
356 4014 381 4081 (l
395 4012 462 4068 iim
477 4028 507 4080 v,
520 4012 578 4083 24),
593 4033 608 4061 a
622 4010 677 4068 boc
701 4014 756 4082 eat,
778 4029 837 4070 nou
851 4013 1000 4073 invenitur
1053 4006 1187 4080 probavit
1200 4005 1356 4080 indignum
1372 4021 1403 4061 ee
1417 4009 1499 4061 tanto
1514 4023 1571 4064 non
1587 4023 1651 4065 esse
1661 4008 1786 4080 judicio.
1803 4015 1874 4068 Pro-

174 4101 335 4174 quisquam
351 4098 483 4156 illibatus
497 4117 514 4156 e
527 4098 632 4173 culpa;
648 4099 738 4157 babet
756 4100 824 4174 quia
845 4102 923 4160 bona
937 4119 999 4160 me.
1053 4095 1142 4152 cessit
1157 4095 1185 4150 in
1202 4093 1347 4166 praelium,
1370 4103 1399 4149 el
1419 4095 1634 4166 trepidantibus
1654 4099 1775 4167 celeris,
1793 4100 1875 4158 eolus

174 4189 243 4257 rita,
259 4187 349 4245 babet
369 4192 399 4244 et
419 4188 489 4245 vitia
518 4191 606 4261 atque
630 4193 758 4262 peccata.
782 4189 887 4248 Omnia
902 4192 999 4263 itaque
1053 4182 1234 4257 allophylum
1250 4182 1363 4240 celiam
1377 4183 1531 4240 verborum
1543 4185 1736 4256 laetandast
1750 4188 1887 4248 immani*

174 4282 278 4335 nostra
292 4277 376 4351 quasi
392 4277 423 4334 in
437 4275 778 4351 trutinapondmntur:
796 4278 819 4335 st
840 4279 926 4336 honis
940 4280 997 4354 igi.
1052 4273 1182 4345 corporis
1197 4272 1273 4329 mole
1283 4271 1454 4342 terribilem,
1466 4279 1657 4331 concurrente
1668 4275 1756 4334 simul
1769 4279 1826 4336 tide
1841 4297 1875 4337 ac

172 4370 224 4422 tur
251 4365 337 4423 iactis
352 4370 471 4439 peccata
502 4365 737 4440 pependerant,
765 4367 934 4438 precedunt
961 4369 998 4425 nd
1053 4361 1349 4434 virtuteprostravit.
1363 4359 1875 4426 Uniuslortitudofaotscstuniver-

167 4453 338 4528 judiciem
353 4459 479 4529 vergunt
493 4455 572 4512 enim
588 4459 704 4528 peccate
720 4455 804 4528 quasi
828 4456 858 4512 in
878 4457 999 4529 promn-
1053 4467 1154 4507 sorum
1166 4450 1297 4506 victoria.
1314 4448 1497 4518 Conlocetur,
1514 4451 1537 4507 si
1551 4450 1655 4523 placet,
1668 4455 1877 4526 privatumcri·

174 4544 259 4611 dum,
271 4546 397 4618 vergunt
409 4560 474 4617 quse
489 4543 647 4601 manifesta
659 4547 731 4600 sunt
744 4543 788 4600 vel
812 4545 941 4617 pondere
955 4552 998 4605 at·
1014 4557 1038 4622 1)
1054 4555 1132 4606 men,
1148 4543 1177 4596 el
1191 4538 1360 4612 lrlumpbus
1375 4538 1526 4596 omnium:
1544 4556 1623 4598 mors
1638 4543 1728 4601 unius
1742 4550 1770 4601 et
1784 4547 1878 4604 tentoss

173 4648 232 4705 que
247 4632 405 4690 acerbitate
418 4632 462 4690 vel
476 4631 676 4690 mullitudine.
696 4632 871 4697 «Quosdam
890 4640 999 4709 autem,
1055 4645 1121 4684 rum
1137 4644 1211 4702 quoa
1225 4627 1359 4685 liberavit
1372 4644 1389 4685 e
1404 4633 1507 4697 morte,
1522 4631 1581 4688 vita
1596 4632 1782 4706 populorum.

173 4720 284 4794 inquit,
300 4725 330 4778 et
343 4721 556 4794 summumne,
572 4744 586 4773 e
601 4722 657 4779 1100
668 4725 723 4790 egi,
738 4738 789 4779 θος
813 4722 863 4795 qui
887 4740 919 4781 ω
933 4741 999 4799 ⁰8⁰·
1089 4719 1135 4774 27.
1153 4717 1313 4774 Veniamus
1327 4717 1363 4773 ad
1379 4717 1446 4775 elie.
1460 4719 1586 4776 lneidies
1598 4721 1763 4793 patiebatur
1773 4736 1874 4794 aroge,

173 4809 237 4864 rint
250 4809 359 4876 sobrie,
375 4810 426 4867 sed
442 4808 599 4883 fragilitats
612 4809 789 4867 conditionis
799 4811 933 4869 dederint
946 4814 999 4870 ali·
1053 4807 1143 4862 Vlilm
1158 4807 1222 4875 ⁶1⁰⁵
1238 4806 1387 4878 querebat
1409 4809 1588 4882 &lingueret
1613 4811 1661 4866 sad
1683 4807 1876 4882 dlSPOSlilffllss

172 4898 295 4971 quaudo
310 4896 399 4954 etiam
414 4898 506 4954 errori
521 4897 629 4968 iocum,
644 4899 720 4956 bona
734 4899 812 4957 lecta
821 4903 998 4974 precedunt,
1055 4895 1152 4951 divina
1167 4895 1197 4949 in
1212 4895 1276 4967 ejus
1291 4910 1340 4950 rex
1355 4898 1530 4969 potestatem
1554 4896 1690 4964 traditus,
1713 4911 1780 4951 curn
1795 4898 1875 4952 totus

173 4983 256 5042 mala
269 4991 443 5060 sequuntur.
462 4986 498 5043 ili
513 4986 704 5055 honestiores,
719 4989 771 5046 sed
785 4993 885 5046 temen
903 4991 999 5047 bomi—
1055 4987 1167 5057 pateret
1177 4984 1213 5040 ad
1223 4983 1341 5052 vulnus.
1354 4984 1482 5040 stillulis
1495 4983 1582 5040 sociis
1594 4983 1684 5040 Davld
1695 4987 1815 5041 ⁵8n0l11⁸
1830 5001 1875 5041 os

174 5091 229 5132 nes
244 5074 321 5149 lapsi
337 5074 494 5132 levioribus
516 5075 597 5133 vitiis
620 5079 649 5132 et
673 5077 790 5135 erratis.
816 5079 890 5153 drgo
901 5081 999 5152 Juatos
1055 5071 1146 5129 currit
1160 5073 1227 5145 (13),
1240 5077 1269 5129 et
1283 5090 1300 5128 a
1314 5089 1434 5146 corpore
1449 5072 1569 5145 perituri
1581 5069 1688 5128 vulnus
1709 5071 1817 5129 lethale
1831 5089 1875 5130 re·

172 5166 344 5237 sequuntur
358 5167 486 5237 peccata,
501 5181 559 5222 non
574 5169 722 5239 preeunt;
746 5165 873 5238 injustos
892 5183 999 5242 praece·
1054 5162 1252 5218 toreitdicens
1262 5161 1368 5218 :Nolite
1375 5159 1645 5234 tangereGbristum
1656 5161 1802 5234 Dominill
1807 5163 1869 5235 dep.

174 5254 263 5311 dunt
280 5251 505 5326 Preponderant
518 5257 710 5326 peccataque
721 5258 862 5329 vergunt;
874 5272 1001 5329 sequun—
1054 5267 1130 5307 xxiv.
1145 5251 1184 5324 7).
1202 5249 1379 5316 Quinetiam
1395 5249 1506 5305 inimici
1528 5248 1608 5305 illius
1631 5249 1712 5307 ultus
1735 5255 1780 5307 est
1795 5268 1872 5309 mor·

173 5348 227 5401 tur
239 5345 338 5398 eutem
354 5342 380 5399 ei
395 5359 459 5416 qua
474 5346 553 5399 recte
566 5342 643 5400 iacta
657 5347 737 5407 aunt.
762 5344 849 5417 quasi
869 5347 999 5418 quodam
1053 5345 1124 5408 tem,
1134 5338 1270 5396 tlebiliter
1279 5339 1353 5395 satis
1362 5337 1522 5410 deploravit
1533 5338 1735 5409 interitum,et
1744 5342 1875 5399 debitum

171 5429 347 5508 preludieio
375 5435 561 5506 peccatorem
587 5432 780 5507 praeentiam
808 5439 997 5508 praegravata.
1054 5427 1332 5502 sibiimperiumdiu
1342 5425 1466 5494 distulit,
1475 5427 1671 5500 quodeciebat
1691 5430 1748 5488 lieo
1759 5435 1877 5488 auctore

210 5566 282 5640 (13).
298 5565 342 5624 lte
355 5565 425 5624 edit.
441 5565 508 5625 Gill.
525 5582 558 5625 ac
573 5565 739 5625 idumeum
763 5564 857 5623 multo
871 5565 1000 5625 maxime
1054 5564 1142 5623 sociis
1155 5563 1380 5645 Deridnsenetua
1393 5565 1529 5621 occurrit.
1546 5585 1561 5614 a
1577 5564 1646 5622 Mes.
1663 5564 1786 5641 aliquot,
1804 5589 1815 5618 ι
1834 5581 1878 5624 se·

175 5642 262 5718 parte
272 5653 345 5699 mer.
361 5638 436 5703 ledit.
451 5653 519 5700 rere
533 5639 597 5698 dm
614 5641 702 5718 atquc
715 5637 793 5714 lire,
814 5642 967 5716 separetur
982 5655 1000 5702 e
1053 5641 1175 5718 paratus
1190 5635 1278 5697 accire
1292 5633 1384 5696 David
1399 5638 1501 5696 seooto
1512 5636 1648 5706 occurrit.
1668 5656 1679 5688 ι
