<?xml version="1.0" encoding="UTF-8"?>
<!DOCTYPE html PUBLIC "-//W3C//DTD XHTML 1.0 Transitional//EN"
    "http://www.w3.org/TR/xhtml1/DTD/xhtml1-transitional.dtd">
<html xmlns="http://www.w3.org/1999/xhtml" xml:lang="en" lang="en">
 <head>
  <title>
</title>
<meta http-equiv="Content-Type" content="text/html;charset=utf-8" />
  <meta name='ocr-system' content='tesseract 3.04.00' />
  <meta name='ocr-capabilities' content='ocr_page ocr_carea ocr_par ocr_line ocrx_word'/>
</head>
<body>
  <div class='ocr_page' id='page_1' title='image "./patrologiaecurs31goog_0080.png"; bbox 0 0 4159 6184; ppageno 0'>
   <div class='ocr_carea' id='block_1_1' title="bbox 202 336 256 403">
    <p class='ocr_par' dir='ltr' id='par_1_1' title="bbox 202 336 256 403">
     <span class='ocr_line' id='line_1_1' title="bbox 202 336 256 403; baseline 0.074 -3"><span class='ocrx_word' id='word_1_1' title='bbox 202 336 256 403; x_wconf 78' lang='lat' dir='ltr'><strong>lat</strong></span> 
     </span>
    </p>
   </div>
   <div class='ocr_carea' id='block_1_2' title="bbox 930 336 1176 402">
    <p class='ocr_par' dir='ltr' id='par_1_2' title="bbox 930 336 1176 402">
     <span class='ocr_line' id='line_1_2' title="bbox 930 336 1176 402; baseline 0.012 -3"><span class='ocrx_word' id='word_1_2' title='bbox 930 338 962 399; x_wconf 86' lang='lat' dir='ltr'><strong>S.</strong></span> <span class='ocrx_word' id='word_1_3' title='bbox 986 336 1176 402; x_wconf 71' lang='lat' dir='ltr'><strong>succesit</strong></span> 
     </span>
    </p>
   </div>
   <div class='ocr_carea' id='block_1_3' title="bbox 1853 334 1911 397">
    <p class='ocr_par' dir='ltr' id='par_1_3' title="bbox 1853 334 1911 397">
     <span class='ocr_line' id='line_1_3' title="bbox 1853 334 1911 397; baseline 0.034 -3"><span class='ocrx_word' id='word_1_4' title='bbox 1853 334 1911 397; x_wconf 75' lang='lat'><strong>{52</strong></span> 
     </span>
    </p>
   </div>
   <div class='ocr_carea' id='block_1_4' title="bbox 196 466 1910 549">
    <p class='ocr_par' dir='ltr' id='par_1_4' title="bbox 196 466 1910 549">
     <span class='ocr_line' id='line_1_4' title="bbox 196 466 1910 549; baseline -0.002 -18"><span class='ocrx_word' id='word_1_5' title='bbox 196 474 291 532; x_wconf 79' lang='lat' dir='ltr'><strong>neruis</strong></span> <span class='ocrx_word' id='word_1_6' title='bbox 314 474 378 548; x_wconf 78' lang='lat' dir='ltr'><strong>(leo.</strong></span> <span class='ocrx_word' id='word_1_7' title='bbox 399 491 420 543; x_wconf 87' lang='lat' dir='ltr'><strong>r,</strong></span> <span class='ocrx_word' id='word_1_8' title='bbox 444 472 500 546; x_wconf 83' lang='lat' dir='ltr'><strong>tu).</strong></span> <span class='ocrx_word' id='word_1_9' title='bbox 524 474 560 533; x_wconf 72' lang='lat' dir='ltr'><strong>dt</strong></span> <span class='ocrx_word' id='word_1_10' title='bbox 588 471 733 549; x_wconf 81' lang='lat' dir='ltr'><strong>precipue</strong></span> <span class='ocrx_word' id='word_1_11' title='bbox 762 474 883 530; x_wconf 86' lang='lat' dir='ltr'><strong>sanctus</strong></span> <span class='ocrx_word' id='word_1_12' title='bbox 907 470 998 529; x_wconf 77' lang='lat' dir='ltr'><strong>David</strong></span> <span class='ocrx_word' id='word_1_13' title='bbox 1016 487 1023 529; x_wconf 77' lang='grc' dir='ltr'><em>τ</em></span> <span class='ocrx_word' id='word_1_14' title='bbox 1039 473 1068 541; x_wconf 71' lang='lat' dir='ltr'>A</span> <span class='ocrx_word' id='word_1_15' title='bbox 1083 472 1258 545; x_wconf 84' lang='lat' dir='ltr'><strong>humililate,</strong></span> <span class='ocrx_word' id='word_1_16' title='bbox 1270 472 1391 548; x_wconf 84' lang='lat' dir='ltr'><strong>diligere</strong></span> <span class='ocrx_word' id='word_1_17' title='bbox 1401 468 1670 531; x_wconf 84' lang='lat' dir='ltr'><strong>mansuetudinem.</strong></span> <span class='ocrx_word' id='word_1_18' title='bbox 1682 466 1757 537; x_wconf 82' lang='lat' dir='ltr'><strong>Quid</strong></span> <span class='ocrx_word' id='word_1_19' title='bbox 1773 471 1910 527; x_wconf 87' lang='lat' dir='ltr'><strong>naturam</strong></span> 
     </span>
    </p>
   </div>
   <div class='ocr_carea' id='block_1_5' title="bbox 163 562 1034 2592">
    <p class='ocr_par' dir='ltr' id='par_1_5' title="bbox 163 562 1034 2592">
     <span class='ocr_line' id='line_1_5' title="bbox 197 562 1023 636; baseline -0.002 -17"><span class='ocrx_word' id='word_1_20' title='bbox 197 562 296 620; x_wconf 76' lang='lat' dir='ltr'><strong>Desine</strong></span> <span class='ocrx_word' id='word_1_21' title='bbox 310 581 327 620; x_wconf 89' lang='lat' dir='ltr'><strong>o</strong></span> <span class='ocrx_word' id='word_1_22' title='bbox 340 564 426 635; x_wconf 86' lang='lat' dir='ltr'><strong>male,</strong></span> <span class='ocrx_word' id='word_1_23' title='bbox 443 569 468 621; x_wconf 87' lang='lat' dir='ltr'><strong>el</strong></span> <span class='ocrx_word' id='word_1_24' title='bbox 481 567 527 636; x_wconf 75' lang='lat' dir='ltr'><strong>[cc</strong></span> <span class='ocrx_word' id='word_1_25' title='bbox 540 565 639 621; x_wconf 86' lang='lat' dir='ltr'><strong>bouum</strong></span> <span class='ocrx_word' id='word_1_26' title='bbox 653 563 738 635; x_wconf 79' lang='lat' dir='ltr'><strong>(Paul.</strong></span> <span class='ocrx_word' id='word_1_27' title='bbox 756 579 855 627; x_wconf 76' lang='lat' dir='ltr'><strong>xxxin,</strong></span> <span class='ocrx_word' id='word_1_28' title='bbox 874 562 932 631; x_wconf 81' lang='lat'>15);</span> <span class='ocrx_word' id='word_1_29' title='bbox 950 578 1023 634; x_wconf 90' lang='lat' dir='ltr'><strong>quo·</strong></span> 
     </span>
     <span class='ocr_line' id='line_1_6' title="bbox 199 651 1027 727; baseline -0.002 -20"><span class='ocrx_word' id='word_1_30' title='bbox 199 653 287 709; x_wconf 92' lang='lat' dir='ltr'><strong>modo</strong></span> <span class='ocrx_word' id='word_1_31' title='bbox 302 669 371 727; x_wconf 87' lang='lat' dir='ltr'><strong>ergo</strong></span> <span class='ocrx_word' id='word_1_32' title='bbox 389 654 414 711; x_wconf 94' lang='lat' dir='ltr'><strong>ei</strong></span> <span class='ocrx_word' id='word_1_33' title='bbox 436 653 554 710; x_wconf 89' lang='lat' dir='ltr'><strong>initium</strong></span> <span class='ocrx_word' id='word_1_34' title='bbox 571 670 587 708; x_wconf 89' lang='lat' dir='ltr'><strong>a</strong></span> <span class='ocrx_word' id='word_1_35' title='bbox 602 652 726 707; x_wconf 83' lang='lat' dir='ltr'><strong>Domino</strong></span> <span class='ocrx_word' id='word_1_36' title='bbox 742 651 869 707; x_wconf 79' lang='lat' dir='ltr'><strong>damus?</strong></span> <span class='ocrx_word' id='word_1_37' title='bbox 884 652 939 706; x_wconf 84' lang='lat' dir='ltr'><strong>Sed</strong></span> <span class='ocrx_word' id='word_1_38' title='bbox 966 651 1027 706; x_wconf 81' lang='lat' dir='ltr'><strong>lucc</strong></span> 
     </span>
     <span class='ocr_line' id='line_1_7' title="bbox 200 740 1028 813; baseline 0 -18"><span class='ocrx_word' id='word_1_39' title='bbox 200 740 300 813; x_wconf 88' lang='lat' dir='ltr'><strong>opinio</strong></span> <span class='ocrx_word' id='word_1_40' title='bbox 328 743 427 800; x_wconf 79' lang='lat' dir='ltr'><strong>feralis</strong></span> <span class='ocrx_word' id='word_1_41' title='bbox 456 758 556 799; x_wconf 88' lang='lat' dir='ltr'><strong>eornm</strong></span> <span class='ocrx_word' id='word_1_42' title='bbox 586 740 636 811; x_wconf 91' lang='lat' dir='ltr'><strong>qui</strong></span> <span class='ocrx_word' id='word_1_43' title='bbox 669 742 899 812; x_wconf 86' lang='lat' dir='ltr'><strong>perturbandam</strong></span> <span class='ocrx_word' id='word_1_44' title='bbox 930 740 1028 796; x_wconf 82' lang='lat' dir='ltr'><strong>Eccle-</strong></span> 
     </span>
     <span class='ocr_line' id='line_1_8' title="bbox 201 829 1027 905; baseline 0.005 -20"><span class='ocrx_word' id='word_1_45' title='bbox 201 829 276 887; x_wconf 91' lang='lat' dir='ltr'><strong>siam</strong></span> <span class='ocrx_word' id='word_1_46' title='bbox 301 834 484 905; x_wconf 87' lang='lat' dir='ltr'><strong>putaverunt.</strong></span> <span class='ocrx_word' id='word_1_47' title='bbox 500 830 572 885; x_wconf 92' lang='lat' dir='ltr'><strong>llinc</strong></span> <span class='ocrx_word' id='word_1_48' title='bbox 594 830 767 898; x_wconf 83' lang='lat' dir='ltr'><strong>Marcianas,</strong></span> <span class='ocrx_word' id='word_1_49' title='bbox 784 829 852 886; x_wconf 91' lang='lat' dir='ltr'><strong>hinc</strong></span> <span class='ocrx_word' id='word_1_50' title='bbox 867 829 1027 889; x_wconf 79' lang='lat' dir='ltr'><strong>Valentini·</strong></span> 
     </span>
     <span class='ocr_line' id='line_1_9' title="bbox 202 918 1027 993; baseline -0.004 -17"><span class='ocrx_word' id='word_1_51' title='bbox 202 918 272 977; x_wconf 89' lang='lat' dir='ltr'><strong>binc</strong></span> <span class='ocrx_word' id='word_1_52' title='bbox 287 924 385 993; x_wconf 89' lang='lat' dir='ltr'><strong>pestes</strong></span> <span class='ocrx_word' id='word_1_53' title='bbox 399 918 455 974; x_wconf 80' lang='lat' dir='ltr'><strong>ille</strong></span> <span class='ocrx_word' id='word_1_54' title='bbox 477 918 703 975; x_wconf 74' lang='lat' dir='ltr'><strong>Manichaeorum</strong></span> <span class='ocrx_word' id='word_1_55' title='bbox 727 920 842 976; x_wconf 81' lang='lat' dir='ltr'><strong>funesta</strong></span> <span class='ocrx_word' id='word_1_56' title='bbox 858 924 1027 975; x_wconf 84' lang='lat' dir='ltr'><strong>sanctorum</strong></span> 
     </span>
     <span class='ocr_line' id='line_1_10' title="bbox 204 1008 1028 1081; baseline -0.001 -15"><span class='ocrx_word' id='word_1_57' title='bbox 204 1010 352 1066; x_wconf 91' lang='lat' dir='ltr'><strong>mentibus</strong></span> <span class='ocrx_word' id='word_1_58' title='bbox 364 1011 547 1063; x_wconf 79' lang='lat' dir='ltr'><strong>tentaverant</strong></span> <span class='ocrx_word' id='word_1_59' title='bbox 567 1008 673 1065; x_wconf 85' lang='lat' dir='ltr'><strong>interra</strong></span> <span class='ocrx_word' id='word_1_60' title='bbox 690 1009 833 1081; x_wconf 87' lang='lat' dir='ltr'><strong>conlegia.</strong></span> <span class='ocrx_word' id='word_1_61' title='bbox 844 1008 917 1073; x_wconf 83' lang='lat' dir='ltr'><strong>Quid</strong></span> <span class='ocrx_word' id='word_1_62' title='bbox 943 1009 1028 1065; x_wconf 90' lang='lat' dir='ltr'><strong>nobis</strong></span> 
     </span>
     <span class='ocr_line' id='line_1_11' title="bbox 204 1094 1029 1169; baseline -0.002 -16"><span class='ocrx_word' id='word_1_63' title='bbox 204 1097 234 1153; x_wconf 92' lang='lat' dir='ltr'><strong>in</strong></span> <span class='ocrx_word' id='word_1_64' title='bbox 250 1097 313 1169; x_wconf 91' lang='lat' dir='ltr'><strong>ipsc</strong></span> <span class='ocrx_word' id='word_1_65' title='bbox 327 1094 438 1152; x_wconf 89' lang='lat' dir='ltr'><strong>lumine</strong></span> <span class='ocrx_word' id='word_1_66' title='bbox 451 1095 516 1151; x_wconf 82' lang='lat' dir='ltr'><strong>vite</strong></span> <span class='ocrx_word' id='word_1_67' title='bbox 538 1096 674 1153; x_wconf 87' lang='lat' dir='ltr'><strong>tenebras</strong></span> <span class='ocrx_word' id='word_1_68' title='bbox 699 1098 802 1153; x_wconf 86' lang='lat' dir='ltr'><strong>mortis</strong></span> <span class='ocrx_word' id='word_1_69' title='bbox 825 1096 1029 1169; x_wconf 75' lang='lat' dir='ltr'><strong>inquirimus?</strong></span> 
     </span>
     <span class='ocr_line' id='line_1_12' title="bbox 203 1184 1027 1259; baseline 0 -16"><span class='ocrx_word' id='word_1_70' title='bbox 203 1185 353 1257; x_wconf 87' lang='lat' dir='ltr'><strong>Scriptura</strong></span> <span class='ocrx_word' id='word_1_71' title='bbox 379 1184 479 1241; x_wconf 84' lang='lat' dir='ltr'><strong>divina</strong></span> <span class='ocrx_word' id='word_1_72' title='bbox 505 1185 631 1242; x_wconf 83' lang='lat' dir='ltr'><strong>sulutem</strong></span> <span class='ocrx_word' id='word_1_73' title='bbox 659 1186 800 1259; x_wconf 79' lang='lat' dir='ltr'><strong>suggerit,</strong></span> <span class='ocrx_word' id='word_1_74' title='bbox 816 1186 880 1242; x_wconf 81' lang='lat' dir='ltr'><strong>vite</strong></span> <span class='ocrx_word' id='word_1_75' title='bbox 909 1187 1027 1243; x_wconf 87' lang='lat' dir='ltr'><strong>odorem</strong></span> 
     </span>
     <span class='ocr_line' id='line_1_13' title="bbox 202 1273 1029 1347; baseline 0.001 -17"><span class='ocrx_word' id='word_1_76' title='bbox 202 1274 321 1347; x_wconf 75' lang='lat' dir='ltr'><strong>fragrat,</strong></span> <span class='ocrx_word' id='word_1_77' title='bbox 338 1276 371 1329; x_wconf 92' lang='lat' dir='ltr'><strong>ut</strong></span> <span class='ocrx_word' id='word_1_78' title='bbox 384 1273 555 1330; x_wconf 83' lang='lat' dir='ltr'><strong>suavitatem</strong></span> <span class='ocrx_word' id='word_1_79' title='bbox 572 1273 671 1347; x_wconf 89' lang='lat' dir='ltr'><strong>legens</strong></span> <span class='ocrx_word' id='word_1_80' title='bbox 687 1275 795 1347; x_wconf 88' lang='lat' dir='ltr'><strong>capias,</strong></span> <span class='ocrx_word' id='word_1_81' title='bbox 811 1292 868 1331; x_wconf 95' lang='lat' dir='ltr'><strong>non</strong></span> <span class='ocrx_word' id='word_1_82' title='bbox 884 1281 917 1339; x_wconf 79' lang='lat' dir='ltr'><strong>ut¹</strong></span> <span class='ocrx_word' id='word_1_83' title='bbox 932 1275 1029 1347; x_wconf 81' lang='lat' dir='ltr'><strong>preci-</strong></span> 
     </span>
     <span class='ocr_line' id='line_1_14' title="bbox 202 1360 1027 1437; baseline 0.002 -19"><span class='ocrx_word' id='word_1_84' title='bbox 202 1360 267 1437; x_wconf 91' lang='lat' dir='ltr'><strong>pitii</strong></span> <span class='ocrx_word' id='word_1_85' title='bbox 284 1362 442 1420; x_wconf 76' lang='lat' dir='ltr'><strong>discrimen</strong></span> <span class='ocrx_word' id='word_1_86' title='bbox 458 1362 600 1420; x_wconf 82' lang='lat' dir='ltr'><strong>incurras</strong></span> <span class='ocrx_word' id='word_1_87' title='bbox 619 1364 798 1437; x_wconf 80' lang='lat' dir='ltr'><strong>Simpliciter</strong></span> <span class='ocrx_word' id='word_1_88' title='bbox 811 1364 912 1437; x_wconf 70' lang='lat' dir='ltr'><strong>legen</strong></span> <span class='ocrx_word' id='word_1_89' title='bbox 929 1364 1027 1433; x_wconf 90' lang='lat' dir='ltr'><strong>homo,</strong></span> 
     </span>
     <span class='ocr_line' id='line_1_15' title="bbox 202 1451 1027 1526; baseline 0.002 -18"><span class='ocrx_word' id='word_1_90' title='bbox 202 1468 260 1509; x_wconf 90' lang='lat' dir='ltr'><strong>non</strong></span> <span class='ocrx_word' id='word_1_91' title='bbox 282 1451 335 1508; x_wconf 88' lang='lat' dir='ltr'><strong>tibi</strong></span> <span class='ocrx_word' id='word_1_92' title='bbox 360 1452 424 1525; x_wconf 89' lang='lat' dir='ltr'><strong>ipse</strong></span> <span class='ocrx_word' id='word_1_93' title='bbox 447 1452 558 1508; x_wconf 81' lang='lat' dir='ltr'><strong>lorcam</strong></span> <span class='ocrx_word' id='word_1_94' title='bbox 588 1470 695 1525; x_wconf 81' lang='lat' dir='ltr'><strong>pravus</strong></span> <span class='ocrx_word' id='word_1_95' title='bbox 718 1453 862 1526; x_wconf 82' lang='lat' dir='ltr'><strong>interpres</strong></span> <span class='ocrx_word' id='word_1_96' title='bbox 886 1454 1027 1511; x_wconf 83' lang='lat' dir='ltr'><strong>effodias:</strong></span> 
     </span>
     <span class='ocr_line' id='line_1_16' title="bbox 197 1536 1026 1615; baseline 0.001 -16"><span class='ocrx_word' id='word_1_97' title='bbox 197 1540 329 1614; x_wconf 60' lang='lat' dir='ltr'><strong>‘slmplas</strong></span> <span class='ocrx_word' id='word_1_98' title='bbox 345 1558 441 1599; x_wconf 88' lang='lat' dir='ltr'><strong>sermo</strong></span> <span class='ocrx_word' id='word_1_99' title='bbox 456 1536 587 1614; x_wconf 72' lang='lat' dir='ltr'><strong>estquis</strong></span> <span class='ocrx_word' id='word_1_100' title='bbox 602 1545 666 1615; x_wconf 72' lang='lat' dir='ltr'><strong>fecit</strong></span> <span class='ocrx_word' id='word_1_101' title='bbox 680 1545 747 1599; x_wconf 84' lang='lat' dir='ltr'><strong>lleus</strong></span> <span class='ocrx_word' id='word_1_102' title='bbox 761 1545 858 1600; x_wconf 76' lang='lat' dir='ltr'><strong>caelum</strong></span> <span class='ocrx_word' id='word_1_103' title='bbox 872 1548 899 1600; x_wconf 88' lang='lat' dir='ltr'><strong>et</strong></span> <span class='ocrx_word' id='word_1_104' title='bbox 914 1548 1026 1600; x_wconf 84' lang='lat' dir='ltr'><strong>terram.</strong></span> 
     </span>
     <span class='ocr_line' id='line_1_17' title="bbox 203 1631 1030 1705; baseline 0.001 -17"><span class='ocrx_word' id='word_1_105' title='bbox 203 1631 283 1688; x_wconf 82' lang='lat' dir='ltr'><strong>Fecit</strong></span> <span class='ocrx_word' id='word_1_106' title='bbox 297 1632 374 1702; x_wconf 93' lang='lat' dir='ltr'><strong>quod</strong></span> <span class='ocrx_word' id='word_1_107' title='bbox 390 1647 447 1687; x_wconf 94' lang='lat' dir='ltr'><strong>non</strong></span> <span class='ocrx_word' id='word_1_108' title='bbox 470 1635 541 1700; x_wconf 90' lang='lat' dir='ltr'><strong>erat,</strong></span> <span class='ocrx_word' id='word_1_109' title='bbox 558 1649 617 1689; x_wconf 93' lang='lat' dir='ltr'><strong>non</strong></span> <span class='ocrx_word' id='word_1_110' title='bbox 633 1633 794 1705; x_wconf 87' lang='lat' dir='ltr'><strong>quoderat.</strong></span> <span class='ocrx_word' id='word_1_111' title='bbox 812 1635 844 1689; x_wconf 78' lang='lat' dir='ltr'><strong>lit</strong></span> <span class='ocrx_word' id='word_1_112' title='bbox 869 1642 942 1689; x_wconf 84' lang='lat' dir='ltr'><strong>terro</strong></span> <span class='ocrx_word' id='word_1_113' title='bbox 967 1637 1030 1689; x_wconf 82' lang='lat' dir='ltr'><strong>crat</strong></span> 
     </span>
     <span class='ocr_line' id='line_1_18' title="bbox 203 1719 1028 1792; baseline 0.004 -17"><span class='ocrx_word' id='word_1_114' title='bbox 203 1720 362 1787; x_wconf 82' lang='lat' dir='ltr'><strong>invisibilis,</strong></span> <span class='ocrx_word' id='word_1_115' title='bbox 378 1736 412 1776; x_wconf 86' lang='lat' dir='ltr'><strong>ex</strong></span> <span class='ocrx_word' id='word_1_116' title='bbox 437 1735 495 1792; x_wconf 89' lang='lat' dir='ltr'><strong>quo</strong></span> <span class='ocrx_word' id='word_1_117' title='bbox 520 1719 596 1777; x_wconf 85' lang='lat' dir='ltr'><strong>iacta</strong></span> <span class='ocrx_word' id='word_1_118' title='bbox 617 1725 671 1792; x_wconf 88' lang='lat' dir='ltr'><strong>cst,</strong></span> <span class='ocrx_word' id='word_1_119' title='bbox 688 1725 766 1791; x_wconf 73' lang='lat' dir='ltr'><strong>erat,</strong></span> <span class='ocrx_word' id='word_1_120' title='bbox 790 1724 819 1777; x_wconf 90' lang='lat' dir='ltr'><strong>ot</strong></span> <span class='ocrx_word' id='word_1_121' title='bbox 841 1726 905 1779; x_wconf 86' lang='lat' dir='ltr'><strong>eret</strong></span> <span class='ocrx_word' id='word_1_122' title='bbox 927 1722 1028 1778; x_wconf 89' lang='lat' dir='ltr'><strong>invisi·</strong></span> 
     </span>
     <span class='ocr_line' id='line_1_19' title="bbox 203 1807 1034 1882; baseline 0.004 -19"><span class='ocrx_word' id='word_1_123' title='bbox 203 1807 281 1876; x_wconf 90' lang='lat' dir='ltr'><strong>bilis,</strong></span> <span class='ocrx_word' id='word_1_124' title='bbox 298 1808 368 1881; x_wconf 91' lang='lat' dir='ltr'><strong>quia</strong></span> <span class='ocrx_word' id='word_1_125' title='bbox 391 1810 559 1865; x_wconf 73' lang='lat' dir='ltr'><strong>exundabat</strong></span> <span class='ocrx_word' id='word_1_126' title='bbox 583 1826 669 1882; x_wconf 86' lang='lat' dir='ltr'><strong>aqua,</strong></span> <span class='ocrx_word' id='word_1_127' title='bbox 686 1812 714 1865; x_wconf 90' lang='lat' dir='ltr'><strong>ct</strong></span> <span class='ocrx_word' id='word_1_128' title='bbox 735 1810 882 1881; x_wconf 88' lang='lat' dir='ltr'><strong>operiebat</strong></span> <span class='ocrx_word' id='word_1_129' title='bbox 908 1816 983 1879; x_wconf 84' lang='lat' dir='ltr'><strong>eam‘,</strong></span> <span class='ocrx_word' id='word_1_130' title='bbox 1000 1826 1034 1877; x_wconf 62' lang='lat' dir='ltr'><strong>cu</strong></span> 
     </span>
     <span class='ocr_line' id='line_1_20' title="bbox 205 1898 1030 1973; baseline 0.002 -20"><span class='ocrx_word' id='word_1_131' title='bbox 205 1898 289 1953; x_wconf 87' lang='lat' dir='ltr'><strong>crant</strong></span> <span class='ocrx_word' id='word_1_132' title='bbox 305 1912 393 1969; x_wconf 90' lang='lat' dir='ltr'><strong>super</strong></span> <span class='ocrx_word' id='word_1_133' title='bbox 407 1912 471 1953; x_wconf 90' lang='lat' dir='ltr'><strong>eam</strong></span> <span class='ocrx_word' id='word_1_134' title='bbox 487 1898 613 1953; x_wconf 78' lang='lat' dir='ltr'><strong>tenebre</strong></span> <span class='ocrx_word' id='word_1_135' title='bbox 629 1900 798 1972; x_wconf 82' lang='lat' dir='ltr'><strong>superluse,</strong></span> <span class='ocrx_word' id='word_1_136' title='bbox 816 1900 886 1973; x_wconf 88' lang='lat' dir='ltr'><strong>quis</strong></span> <span class='ocrx_word' id='word_1_137' title='bbox 900 1901 1030 1956; x_wconf 92' lang='lat' dir='ltr'><strong>nondum</strong></span> 
     </span>
     <span class='ocr_line' id='line_1_21' title="bbox 204 1984 1032 2058; baseline 0.002 -18"><span class='ocrx_word' id='word_1_138' title='bbox 204 1987 267 2041; x_wconf 86' lang='lat' dir='ltr'><strong>crat</strong></span> <span class='ocrx_word' id='word_1_139' title='bbox 278 1984 378 2041; x_wconf 89' lang='lat' dir='ltr'><strong>lumea</strong></span> <span class='ocrx_word' id='word_1_140' title='bbox 395 1984 462 2050; x_wconf 91' lang='lat' dir='ltr'><strong>diei,</strong></span> <span class='ocrx_word' id='word_1_141' title='bbox 479 1985 610 2041; x_wconf 90' lang='lat' dir='ltr'><strong>nondum</strong></span> <span class='ocrx_word' id='word_1_142' title='bbox 633 1984 705 2043; x_wconf 90' lang='lat' dir='ltr'><strong>solis</strong></span> <span class='ocrx_word' id='word_1_143' title='bbox 725 1986 836 2054; x_wconf 89' lang='lat' dir='ltr'><strong>radius,</strong></span> <span class='ocrx_word' id='word_1_144' title='bbox 849 1986 899 2058; x_wconf 92' lang='lat' dir='ltr'><strong>qui</strong></span> <span class='ocrx_word' id='word_1_145' title='bbox 915 1987 989 2043; x_wconf 90' lang='lat' dir='ltr'><strong>solet</strong></span> <span class='ocrx_word' id='word_1_146' title='bbox 1003 1990 1032 2043; x_wconf 89' lang='lat' dir='ltr'><strong>et</strong></span> 
     </span>
     <span class='ocr_line' id='line_1_22' title="bbox 206 2071 1031 2148; baseline 0.001 -18"><span class='ocrx_word' id='word_1_147' title='bbox 206 2073 261 2130; x_wconf 88' lang='lat' dir='ltr'><strong>sub</strong></span> <span class='ocrx_word' id='word_1_148' title='bbox 277 2071 362 2145; x_wconf 85' lang='lat' dir='ltr'><strong>aquis</strong></span> <span class='ocrx_word' id='word_1_149' title='bbox 373 2072 663 2131; x_wconf 78' lang='lat' dir='ltr'><strong>latentiadeclararot</strong></span> <span class='ocrx_word' id='word_1_150' title='bbox 676 2075 749 2142; x_wconf 87' lang='lat' dir='ltr'><strong>Quid</strong></span> <span class='ocrx_word' id='word_1_151' title='bbox 763 2091 830 2147; x_wconf 87' lang='lat' dir='ltr'><strong>crgo</strong></span> <span class='ocrx_word' id='word_1_152' title='bbox 841 2076 944 2132; x_wconf 84' lang='lat' dir='ltr'><strong>dicunt</strong></span> <span class='ocrx_word' id='word_1_153' title='bbox 954 2075 1031 2148; x_wconf 89' lang='lat' dir='ltr'><strong>quod</strong></span> 
     </span>
     <span class='ocr_line' id='line_1_23' title="bbox 163 2156 1030 2229; baseline 0 -9"><span class='ocrx_word' id='word_1_154' title='bbox 163 2156 167 2161; x_wconf 63' lang='grc'><em>’</em></span> <span class='ocrx_word' id='word_1_155' title='bbox 204 2162 283 2220; x_wconf 90' lang='lat' dir='ltr'><strong>Deus</strong></span> <span class='ocrx_word' id='word_1_156' title='bbox 298 2162 436 2219; x_wconf 90' lang='lat' dir='ltr'><strong>creaverit</strong></span> <span class='ocrx_word' id='word_1_157' title='bbox 451 2162 572 2229; x_wconf 88' lang='lat' dir='ltr'><strong>malum,</strong></span> <span class='ocrx_word' id='word_1_158' title='bbox 584 2180 652 2220; x_wconf 92' lang='lat' dir='ltr'><strong>cum</strong></span> <span class='ocrx_word' id='word_1_159' title='bbox 668 2180 702 2221; x_wconf 83' lang='lat' dir='ltr'><strong>ex</strong></span> <span class='ocrx_word' id='word_1_160' title='bbox 716 2164 871 2220; x_wconf 84' lang='lat' dir='ltr'><strong>contrariis</strong></span> <span class='ocrx_word' id='word_1_161' title='bbox 887 2170 916 2220; x_wconf 90' lang='lat' dir='ltr'><strong>et</strong></span> <span class='ocrx_word' id='word_1_162' title='bbox 930 2165 1030 2220; x_wconf 88' lang='lat' dir='ltr'><strong>adver·</strong></span> 
     </span>
     <span class='ocr_line' id='line_1_24' title="bbox 206 2249 1030 2325; baseline 0 -17"><span class='ocrx_word' id='word_1_163' title='bbox 206 2249 248 2309; x_wconf 88' lang='lat' dir='ltr'><strong>sis</strong></span> <span class='ocrx_word' id='word_1_164' title='bbox 262 2251 521 2325; x_wconf 87' lang='lat' dir='ltr'><strong>nequaquamsibi</strong></span> <span class='ocrx_word' id='word_1_165' title='bbox 537 2253 657 2309; x_wconf 85' lang='lat' dir='ltr'><strong>adverse</strong></span> <span class='ocrx_word' id='word_1_166' title='bbox 672 2253 868 2325; x_wconf 80' lang='lat' dir='ltr'><strong>generantur?</strong></span> <span class='ocrx_word' id='word_1_167' title='bbox 879 2254 936 2309; x_wconf 90' lang='lat' dir='ltr'><strong>Nee</strong></span> <span class='ocrx_word' id='word_1_168' title='bbox 952 2252 1030 2309; x_wconf 90' lang='lat' dir='ltr'><strong>enim</strong></span> 
     </span>
     <span class='ocr_line' id='line_1_25' title="bbox 203 2339 1030 2414; baseline 0 -17"><span class='ocrx_word' id='word_1_169' title='bbox 203 2339 265 2397; x_wconf 84' lang='lat' dir='ltr'><strong>vita</strong></span> <span class='ocrx_word' id='word_1_170' title='bbox 279 2344 403 2396; x_wconf 86' lang='lat' dir='ltr'><strong>mortem</strong></span> <span class='ocrx_word' id='word_1_171' title='bbox 427 2346 556 2414; x_wconf 88' lang='lat' dir='ltr'><strong>generat,</strong></span> <span class='ocrx_word' id='word_1_172' title='bbox 573 2357 626 2398; x_wconf 90' lang='lat' dir='ltr'><strong>nec</strong></span> <span class='ocrx_word' id='word_1_173' title='bbox 650 2341 699 2397; x_wconf 85' lang='lat' dir='ltr'><strong>lux</strong></span> <span class='ocrx_word' id='word_1_174' title='bbox 714 2342 859 2397; x_wconf 87' lang='lat' dir='ltr'><strong>tenebras.</strong></span> <span class='ocrx_word' id='word_1_175' title='bbox 874 2342 936 2398; x_wconf 91' lang='lat' dir='ltr'><strong>Non</strong></span> <span class='ocrx_word' id='word_1_176' title='bbox 952 2340 1030 2397; x_wconf 91' lang='lat' dir='ltr'><strong>enim</strong></span> 
     </span>
     <span class='ocr_line' id='line_1_26' title="bbox 206 2428 1031 2504; baseline -0.001 -17"><span class='ocrx_word' id='word_1_177' title='bbox 206 2428 282 2487; x_wconf 89' lang='lat' dir='ltr'><strong>sicut</strong></span> <span class='ocrx_word' id='word_1_178' title='bbox 297 2429 510 2487; x_wconf 76' lang='lat' dir='ltr'><strong>mutabilitates</strong></span> <span class='ocrx_word' id='word_1_179' title='bbox 527 2432 696 2497; x_wconf 82' lang='lat' dir='ltr'><strong>affectuum,</strong></span> <span class='ocrx_word' id='word_1_180' title='bbox 710 2430 751 2487; x_wconf 90' lang='lat' dir='ltr'><strong>ita</strong></span> <span class='ocrx_word' id='word_1_181' title='bbox 763 2430 850 2486; x_wconf 86' lang='lat' dir='ltr'><strong>eliam</strong></span> <span class='ocrx_word' id='word_1_182' title='bbox 868 2430 1031 2504; x_wconf 87' lang='lat' dir='ltr'><strong>generatio·</strong></span> 
     </span>
     <span class='ocr_line' id='line_1_27' title="bbox 206 2518 1033 2592; baseline 0 -19"><span class='ocrx_word' id='word_1_183' title='bbox 206 2534 276 2574; x_wconf 90' lang='lat' dir='ltr'><strong>aum</strong></span> <span class='ocrx_word' id='word_1_184' title='bbox 294 2518 514 2592; x_wconf 81' lang='lat' dir='ltr'><strong>progressiones</strong></span> <span class='ocrx_word' id='word_1_185' title='bbox 531 2524 611 2576; x_wconf 90' lang='lat' dir='ltr'><strong>suat.</strong></span> <span class='ocrx_word' id='word_1_186' title='bbox 630 2518 686 2575; x_wconf 80' lang='lat' dir='ltr'><strong>lllre</strong></span> <span class='ocrx_word' id='word_1_187' title='bbox 702 2536 736 2575; x_wconf 81' lang='lat' dir='ltr'><strong>cn</strong></span> <span class='ocrx_word' id='word_1_188' title='bbox 751 2520 905 2575; x_wconf 86' lang='lat' dir='ltr'><strong>contrariis</strong></span> <span class='ocrx_word' id='word_1_189' title='bbox 920 2518 950 2574; x_wconf 91' lang='lat' dir='ltr'><strong>in</strong></span> <span class='ocrx_word' id='word_1_190' title='bbox 966 2536 1033 2575; x_wconf 91' lang='lat' dir='ltr'><strong>uon-</strong></span> 
     </span>
    </p>
   </div>
   <div class='ocr_carea' id='block_1_6' title="bbox 1083 559 1918 1791">
    <p class='ocr_par' dir='ltr' id='par_1_6' title="bbox 1083 559 1918 1791">
     <span class='ocr_line' id='line_1_28' title="bbox 1086 559 1914 635; baseline -0.005 -14"><span class='ocrx_word' id='word_1_191' title='bbox 1086 582 1218 631; x_wconf 89' lang='lat' dir='ltr'><strong>accusas,</strong></span> <span class='ocrx_word' id='word_1_192' title='bbox 1239 582 1255 621; x_wconf 99' lang='lat' dir='ltr'><strong>o</strong></span> <span class='ocrx_word' id='word_1_193' title='bbox 1280 563 1389 620; x_wconf 78' lang='lat' dir='ltr'><strong>bomo?</strong></span> <span class='ocrx_word' id='word_1_194' title='bbox 1410 562 1503 619; x_wconf 83' lang='lat' dir='ltr'><strong>Habet</strong></span> <span class='ocrx_word' id='word_1_195' title='bbox 1525 561 1578 618; x_wconf 91' lang='lat' dir='ltr'><strong>illa</strong></span> <span class='ocrx_word' id='word_1_196' title='bbox 1596 560 1677 618; x_wconf 75' lang='lat' dir='ltr'><strong>velut</strong></span> <span class='ocrx_word' id='word_1_197' title='bbox 1700 559 1914 635; x_wconf 88' lang='lat' dir='ltr'><strong>impedimenta</strong></span> 
     </span>
     <span class='ocr_line' id='line_1_29' title="bbox 1086 649 1914 725; baseline -0.004 -17"><span class='ocrx_word' id='word_1_198' title='bbox 1086 654 1232 725; x_wconf 81' lang='lat' dir='ltr'><strong>quedem,</strong></span> <span class='ocrx_word' id='word_1_199' title='bbox 1243 655 1423 709; x_wconf 89' lang='lat' dir='ltr'><strong>senectutem</strong></span> <span class='ocrx_word' id='word_1_200' title='bbox 1440 655 1468 707; x_wconf 92' lang='lat' dir='ltr'><strong>el</strong></span> <span class='ocrx_word' id='word_1_201' title='bbox 1480 650 1693 707; x_wconf 84' lang='lat' dir='ltr'><strong>infirmitatem.</strong></span> <span class='ocrx_word' id='word_1_202' title='bbox 1706 649 1762 706; x_wconf 86' lang='lat' dir='ltr'><strong>Sed</strong></span> <span class='ocrx_word' id='word_1_203' title='bbox 1778 652 1914 705; x_wconf 88' lang='lat' dir='ltr'><strong>senectus</strong></span> 
     </span>
     <span class='ocr_line' id='line_1_30' title="bbox 1086 736 1916 815; baseline -0.005 -18"><span class='ocrx_word' id='word_1_204' title='bbox 1086 743 1150 815; x_wconf 91' lang='lat' dir='ltr'><strong>ipsa</strong></span> <span class='ocrx_word' id='word_1_205' title='bbox 1164 741 1193 797; x_wconf 90' lang='lat' dir='ltr'><strong>in</strong></span> <span class='ocrx_word' id='word_1_206' title='bbox 1210 742 1296 797; x_wconf 89' lang='lat' dir='ltr'><strong>bonis</strong></span> <span class='ocrx_word' id='word_1_207' title='bbox 1311 742 1444 798; x_wconf 89' lang='lat' dir='ltr'><strong>moribus</strong></span> <span class='ocrx_word' id='word_1_208' title='bbox 1466 740 1591 807; x_wconf 92' lang='lat' dir='ltr'><strong>dulcior,</strong></span> <span class='ocrx_word' id='word_1_209' title='bbox 1602 739 1632 794; x_wconf 89' lang='lat' dir='ltr'><strong>ia</strong></span> <span class='ocrx_word' id='word_1_210' title='bbox 1649 738 1781 796; x_wconf 87' lang='lat' dir='ltr'><strong>consiliis</strong></span> <span class='ocrx_word' id='word_1_211' title='bbox 1803 736 1916 805; x_wconf 90' lang='lat' dir='ltr'><strong>utilior,</strong></span> 
     </span>
     <span class='ocr_line' id='line_1_31' title="bbox 1086 826 1916 901; baseline -0.005 -14"><span class='ocrx_word' id='word_1_212' title='bbox 1086 832 1122 887; x_wconf 93' lang='lat' dir='ltr'><strong>ad</strong></span> <span class='ocrx_word' id='word_1_213' title='bbox 1140 828 1335 886; x_wconf 88' lang='lat' dir='ltr'><strong>constantiam</strong></span> <span class='ocrx_word' id='word_1_214' title='bbox 1358 829 1517 886; x_wconf 80' lang='lat' dir='ltr'><strong>subeunde</strong></span> <span class='ocrx_word' id='word_1_215' title='bbox 1533 828 1638 885; x_wconf 89' lang='lat' dir='ltr'><strong>mortis</strong></span> <span class='ocrx_word' id='word_1_216' title='bbox 1659 826 1799 901; x_wconf 87' lang='lat' dir='ltr'><strong>paratior,</strong></span> <span class='ocrx_word' id='word_1_217' title='bbox 1816 826 1852 883; x_wconf 92' lang='lat' dir='ltr'><strong>ad</strong></span> <span class='ocrx_word' id='word_1_218' title='bbox 1872 842 1916 883; x_wconf 91' lang='lat' dir='ltr'><strong>re·</strong></span> 
     </span>
     <span class='ocr_line' id='line_1_32' title="bbox 1084 917 1915 993; baseline -0.005 -18"><span class='ocrx_word' id='word_1_219' title='bbox 1084 920 1255 993; x_wconf 88' lang='lat' dir='ltr'><strong>primendas</strong></span> <span class='ocrx_word' id='word_1_220' title='bbox 1271 919 1408 975; x_wconf 87' lang='lat' dir='ltr'><strong>libidines</strong></span> <span class='ocrx_word' id='word_1_221' title='bbox 1424 918 1536 974; x_wconf 83' lang='lat' dir='ltr'><strong>sortior.</strong></span> <span class='ocrx_word' id='word_1_222' title='bbox 1549 917 1838 989; x_wconf 84' lang='lat' dir='ltr'><strong>lufirmitcsquoquc</strong></span> <span class='ocrx_word' id='word_1_223' title='bbox 1852 932 1915 972; x_wconf 89' lang='lat' dir='ltr'><strong>cor·</strong></span> 
     </span>
     <span class='ocr_line' id='line_1_33' title="bbox 1084 1004 1914 1081; baseline -0.004 -18"><span class='ocrx_word' id='word_1_224' title='bbox 1084 1008 1174 1081; x_wconf 90' lang='lat' dir='ltr'><strong>poris,</strong></span> <span class='ocrx_word' id='word_1_225' title='bbox 1191 1007 1336 1065; x_wconf 80' lang='lat' dir='ltr'><strong>sobrietas</strong></span> <span class='ocrx_word' id='word_1_226' title='bbox 1358 1008 1466 1064; x_wconf 74' lang='lat' dir='ltr'><strong>neentis</strong></span> <span class='ocrx_word' id='word_1_227' title='bbox 1487 1011 1542 1064; x_wconf 89' lang='lat' dir='ltr'><strong>ost.</strong></span> <span class='ocrx_word' id='word_1_228' title='bbox 1559 1006 1641 1063; x_wconf 91' lang='lat' dir='ltr'><strong>Unde</strong></span> <span class='ocrx_word' id='word_1_229' title='bbox 1666 1006 1706 1062; x_wconf 90' lang='lat' dir='ltr'><strong>ait</strong></span> <span class='ocrx_word' id='word_1_230' title='bbox 1729 1004 1914 1077; x_wconf 84' lang='lat' dir='ltr'><strong>apostolus:</strong></span> 
     </span>
     <span class='ocr_line' id='line_1_34' title="bbox 1084 1094 1914 1170; baseline -0.004 -16"><span class='ocrx_word' id='word_1_231' title='bbox 1084 1098 1152 1154; x_wconf 85' lang='lat' dir='ltr'><strong>Cum</strong></span> <span class='ocrx_word' id='word_1_232' title='bbox 1165 1098 1303 1169; x_wconf 70' lang='lat' dir='ltr'><strong>infirmor,</strong></span> <span class='ocrx_word' id='word_1_233' title='bbox 1319 1106 1385 1154; x_wconf 81' lang='lat' dir='ltr'><strong>tunc</strong></span> <span class='ocrx_word' id='word_1_234' title='bbox 1405 1101 1501 1170; x_wconf 80' lang='lat' dir='ltr'><strong>polens</strong></span> <span class='ocrx_word' id='word_1_235' title='bbox 1515 1113 1578 1152; x_wconf 82' lang='lat' dir='ltr'><strong>aum</strong></span> <span class='ocrx_word' id='word_1_236' title='bbox 1593 1096 1629 1168; x_wconf 85' lang='lat' dir='ltr'><strong>(ll</strong></span> <span class='ocrx_word' id='word_1_237' title='bbox 1643 1095 1703 1153; x_wconf 83' lang='lat' dir='ltr'><strong>Cor.</strong></span> <span class='ocrx_word' id='word_1_238' title='bbox 1716 1112 1768 1161; x_wconf 84' lang='lat' dir='ltr'><strong>xn,</strong></span> <span class='ocrx_word' id='word_1_239' title='bbox 1784 1094 1840 1168; x_wconf 86' lang='grc'>40).</span> <span class='ocrx_word' id='word_1_240' title='bbox 1858 1095 1914 1151; x_wconf 88' lang='lat' dir='ltr'><strong>lta·</strong></span> 
     </span>
     <span class='ocr_line' id='line_1_35' title="bbox 1087 1181 1916 1260; baseline -0.004 -18"><span class='ocrx_word' id='word_1_241' title='bbox 1087 1204 1144 1260; x_wconf 93' lang='lat' dir='ltr'><strong>quc</strong></span> <span class='ocrx_word' id='word_1_242' title='bbox 1160 1204 1218 1243; x_wconf 91' lang='lat' dir='ltr'><strong>non</strong></span> <span class='ocrx_word' id='word_1_243' title='bbox 1234 1185 1450 1253; x_wconf 77' lang='lat' dir='ltr'><strong>invirtutibus,</strong></span> <span class='ocrx_word' id='word_1_244' title='bbox 1467 1184 1517 1241; x_wconf 92' lang='lat' dir='ltr'><strong>sed</strong></span> <span class='ocrx_word' id='word_1_245' title='bbox 1534 1184 1757 1243; x_wconf 85' lang='lat' dir='ltr'><strong>infirmitatibus</strong></span> <span class='ocrx_word' id='word_1_246' title='bbox 1771 1181 1916 1258; x_wconf 83' lang='lat' dir='ltr'><strong>gloriaba-</strong></span> 
     </span>
     <span class='ocr_line' id='line_1_36' title="bbox 1083 1271 1913 1349; baseline -0.004 -17"><span class='ocrx_word' id='word_1_247' title='bbox 1083 1280 1142 1332; x_wconf 89' lang='lat' dir='ltr'><strong>tur.</strong></span> <span class='ocrx_word' id='word_1_248' title='bbox 1159 1276 1343 1349; x_wconf 84' lang='lat' dir='ltr'><strong>Responsum</strong></span> <span class='ocrx_word' id='word_1_249' title='bbox 1368 1290 1486 1347; x_wconf 93' lang='lat' dir='ltr'><strong>qucque</strong></span> <span class='ocrx_word' id='word_1_250' title='bbox 1507 1273 1639 1330; x_wconf 89' lang='lat' dir='ltr'><strong>divinum</strong></span> <span class='ocrx_word' id='word_1_251' title='bbox 1665 1271 1782 1329; x_wconf 78' lang='lat' dir='ltr'><strong>refulsit</strong></span> <span class='ocrx_word' id='word_1_252' title='bbox 1796 1271 1913 1329; x_wconf 91' lang='lat' dir='ltr'><strong>oraculo</strong></span> 
     </span>
     <span class='ocr_line' id='line_1_37' title="bbox 1084 1361 1915 1437; baseline -0.002 -16"><span class='ocrx_word' id='word_1_253' title='bbox 1084 1364 1220 1432; x_wconf 89' lang='lat' dir='ltr'><strong>salutari;</strong></span> <span class='ocrx_word' id='word_1_254' title='bbox 1238 1364 1307 1437; x_wconf 90' lang='lat' dir='ltr'><strong>quia</strong></span> <span class='ocrx_word' id='word_1_255' title='bbox 1321 1364 1415 1421; x_wconf 85' lang='lat' dir='ltr'><strong>virtus</strong></span> <span class='ocrx_word' id='word_1_256' title='bbox 1438 1363 1468 1419; x_wconf 92' lang='lat' dir='ltr'><strong>in</strong></span> <span class='ocrx_word' id='word_1_257' title='bbox 1491 1361 1663 1419; x_wconf 88' lang='lat' dir='ltr'><strong>infirmitate</strong></span> <span class='ocrx_word' id='word_1_258' title='bbox 1677 1365 1915 1419; x_wconf 84' lang='lat' dir='ltr'><strong>consummatur.</strong></span> 
     </span>
     <span class='ocr_line' id='line_1_38' title="bbox 1084 1452 1917 1526; baseline -0.002 -17"><span class='ocrx_word' id='word_1_259' title='bbox 1084 1452 1138 1511; x_wconf 87' lang='lat' dir='ltr'><strong>llla</strong></span> <span class='ocrx_word' id='word_1_260' title='bbox 1165 1454 1293 1510; x_wconf 86' lang='lat' dir='ltr'><strong>cavenda</strong></span> <span class='ocrx_word' id='word_1_261' title='bbox 1317 1453 1434 1526; x_wconf 88' lang='lat' dir='ltr'><strong>(l5q.l</strong></span> <span class='ocrx_word' id='word_1_262' title='bbox 1463 1469 1527 1524; x_wconf 88' lang='lat' dir='ltr'><strong>cap.</strong></span> <span class='ocrx_word' id='word_1_263' title='bbox 1548 1452 1600 1509; x_wconf 86' lang='lat' dir='ltr'><strong>lllu</strong></span> <span class='ocrx_word' id='word_1_264' title='bbox 1626 1452 1767 1523; x_wconf 83' lang='lat' dir='ltr'><strong>cauenda),</strong></span> <span class='ocrx_word' id='word_1_265' title='bbox 1792 1468 1857 1524; x_wconf 85' lang='lat' dir='ltr'><strong>que</strong></span> <span class='ocrx_word' id='word_1_266' title='bbox 1881 1468 1917 1507; x_wconf 86' lang='lat' dir='ltr'><strong>ex</strong></span> 
     </span>
     <span class='ocr_line' id='line_1_39' title="bbox 1086 1539 1918 1613; baseline -0.001 -15"><span class='ocrx_word' id='word_1_267' title='bbox 1086 1547 1189 1598; x_wconf 89' lang='lat' dir='ltr'><strong>nostra</strong></span> <span class='ocrx_word' id='word_1_268' title='bbox 1211 1541 1360 1598; x_wconf 84' lang='lat' dir='ltr'><strong>voluntate</strong></span> <span class='ocrx_word' id='word_1_269' title='bbox 1390 1543 1544 1613; x_wconf 90' lang='lat' dir='ltr'><strong>prodeunt,</strong></span> <span class='ocrx_word' id='word_1_270' title='bbox 1561 1539 1666 1597; x_wconf 88' lang='lat' dir='ltr'><strong>delicta</strong></span> <span class='ocrx_word' id='word_1_271' title='bbox 1690 1540 1867 1612; x_wconf 86' lang='lat' dir='ltr'><strong>juventutis,</strong></span> <span class='ocrx_word' id='word_1_272' title='bbox 1889 1545 1918 1597; x_wconf 91' lang='lat' dir='ltr'><strong>et</strong></span> 
     </span>
     <span class='ocr_line' id='line_1_40' title="bbox 1088 1628 1918 1703; baseline 0.001 -19"><span class='ocrx_word' id='word_1_273' title='bbox 1088 1630 1305 1687; x_wconf 87' lang='lat' dir='ltr'><strong>irrationabiles</strong></span> <span class='ocrx_word' id='word_1_274' title='bbox 1331 1630 1484 1703; x_wconf 87' lang='lat' dir='ltr'><strong>passiones</strong></span> <span class='ocrx_word' id='word_1_275' title='bbox 1504 1629 1646 1702; x_wconf 90' lang='lat' dir='ltr'><strong>corporis.</strong></span> <span class='ocrx_word' id='word_1_276' title='bbox 1673 1629 1803 1694; x_wconf 84' lang='lat' dir='ltr'><strong>Quorum</strong></span> <span class='ocrx_word' id='word_1_277' title='bbox 1826 1628 1918 1702; x_wconf 86' lang='lat' dir='ltr'><strong>igitur</strong></span> 
     </span>
     <span class='ocr_line' id='line_1_41' title="bbox 1086 1716 1917 1791; baseline 0.001 -17"><span class='ocrx_word' id='word_1_278' title='bbox 1086 1736 1141 1775; x_wconf 90' lang='lat' dir='ltr'><strong>nos</strong></span> <span class='ocrx_word' id='word_1_279' title='bbox 1164 1736 1270 1775; x_wconf 92' lang='lat' dir='ltr'><strong>sumus</strong></span> <span class='ocrx_word' id='word_1_280' title='bbox 1297 1719 1419 1788; x_wconf 91' lang='lat' dir='ltr'><strong>domini,</strong></span> <span class='ocrx_word' id='word_1_281' title='bbox 1435 1718 1541 1776; x_wconf 89' lang='lat' dir='ltr'><strong>horum</strong></span> <span class='ocrx_word' id='word_1_282' title='bbox 1566 1718 1712 1791; x_wconf 89' lang='lat' dir='ltr'><strong>principia</strong></span> <span class='ocrx_word' id='word_1_283' title='bbox 1735 1716 1917 1775; x_wconf 88' lang='lat' dir='ltr'><strong>extrinsecus</strong></span> 
     </span>
    </p>
   </div>
   <div class='ocr_carea' id='block_1_7' title="bbox 1052 1806 1918 1911">
    <p class='ocr_par' dir='ltr' id='par_1_7' title="bbox 1052 1806 1918 1911">
     <span class='ocr_line' id='line_1_42' title="bbox 1052 1806 1918 1911; baseline -0.002 -46"><span class='ocrx_word' id='word_1_284' title='bbox 1052 1843 1076 1911; x_wconf 79' lang='lat' dir='ltr'>B</span> <span class='ocrx_word' id='word_1_285' title='bbox 1091 1825 1150 1865; x_wconf 89' lang='lat' dir='ltr'><strong>non</strong></span> <span class='ocrx_word' id='word_1_286' title='bbox 1166 1809 1368 1881; x_wconf 87' lang='lat' dir='ltr'><strong>requiramas;</strong></span> <span class='ocrx_word' id='word_1_287' title='bbox 1384 1824 1437 1865; x_wconf 89' lang='lat' dir='ltr'><strong>uec</strong></span> <span class='ocrx_word' id='word_1_288' title='bbox 1452 1808 1618 1863; x_wconf 80' lang='lat' dir='ltr'><strong>derivemus</strong></span> <span class='ocrx_word' id='word_1_289' title='bbox 1631 1806 1660 1863; x_wconf 92' lang='lat' dir='ltr'><strong>ia</strong></span> <span class='ocrx_word' id='word_1_290' title='bbox 1671 1806 1756 1877; x_wconf 87' lang='lat' dir='ltr'><strong>alios,</strong></span> <span class='ocrx_word' id='word_1_291' title='bbox 1768 1808 1819 1864; x_wconf 90' lang='lat' dir='ltr'><strong>sed</strong></span> <span class='ocrx_word' id='word_1_292' title='bbox 1830 1822 1918 1879; x_wconf 87' lang='lat' dir='ltr'><strong>agno·</strong></span> 
     </span>
    </p>
   </div>
   <div class='ocr_carea' id='block_1_8' title="bbox 1086 1896 1918 2593">
    <p class='ocr_par' dir='ltr' id='par_1_8' title="bbox 1086 1896 1918 2593">
     <span class='ocr_line' id='line_1_43' title="bbox 1091 1896 1916 1970; baseline 0 -17"><span class='ocrx_word' id='word_1_293' title='bbox 1091 1914 1209 1953; x_wconf 90' lang='lat' dir='ltr'><strong>scamus</strong></span> <span class='ocrx_word' id='word_1_294' title='bbox 1231 1915 1266 1954; x_wconf 88' lang='lat' dir='ltr'><strong>ea</strong></span> <span class='ocrx_word' id='word_1_295' title='bbox 1288 1914 1352 1970; x_wconf 83' lang='lat' dir='ltr'><strong>que</strong></span> <span class='ocrx_word' id='word_1_296' title='bbox 1372 1896 1488 1970; x_wconf 88' lang='lat' dir='ltr'><strong>proprie</strong></span> <span class='ocrx_word' id='word_1_297' title='bbox 1512 1900 1613 1953; x_wconf 86' lang='lat' dir='ltr'><strong>nostra</strong></span> <span class='ocrx_word' id='word_1_298' title='bbox 1636 1899 1716 1952; x_wconf 91' lang='lat' dir='ltr'><strong>sunt.</strong></span> <span class='ocrx_word' id='word_1_299' title='bbox 1733 1896 1814 1965; x_wconf 83' lang='lat' dir='ltr'><strong>Quod</strong></span> <span class='ocrx_word' id='word_1_300' title='bbox 1839 1896 1916 1953; x_wconf 88' lang='lat' dir='ltr'><strong>enim</strong></span> 
     </span>
     <span class='ocr_line' id='line_1_44' title="bbox 1086 1983 1917 2060; baseline 0 -18"><span class='ocrx_word' id='word_1_301' title='bbox 1086 2003 1246 2060; x_wconf 90' lang='lat' dir='ltr'><strong>possumus</strong></span> <span class='ocrx_word' id='word_1_302' title='bbox 1258 2004 1316 2042; x_wconf 92' lang='lat' dir='ltr'><strong>non</strong></span> <span class='ocrx_word' id='word_1_303' title='bbox 1328 1988 1424 2042; x_wconf 86' lang='lat' dir='ltr'><strong>lacero</strong></span> <span class='ocrx_word' id='word_1_304' title='bbox 1435 1986 1459 2042; x_wconf 86' lang='lat' dir='ltr'><strong>si</strong></span> <span class='ocrx_word' id='word_1_305' title='bbox 1476 1984 1628 2053; x_wconf 91' lang='lat' dir='ltr'><strong>uolumus,</strong></span> <span class='ocrx_word' id='word_1_306' title='bbox 1639 1984 1732 2057; x_wconf 87' lang='lat' dir='ltr'><strong>hujus</strong></span> <span class='ocrx_word' id='word_1_307' title='bbox 1746 1983 1917 2042; x_wconf 87' lang='lat' dir='ltr'><strong>electionem</strong></span> 
     </span>
     <span class='ocr_line' id='line_1_45' title="bbox 1088 2073 1917 2148; baseline -0.004 -16"><span class='ocrx_word' id='word_1_308' title='bbox 1088 2075 1158 2132; x_wconf 88' lang='lat' dir='ltr'><strong>mali</strong></span> <span class='ocrx_word' id='word_1_309' title='bbox 1180 2075 1265 2132; x_wconf 85' lang='lat' dir='ltr'><strong>nobis</strong></span> <span class='ocrx_word' id='word_1_310' title='bbox 1281 2074 1379 2148; x_wconf 89' lang='lat' dir='ltr'><strong>potius</strong></span> <span class='ocrx_word' id='word_1_311' title='bbox 1395 2074 1551 2143; x_wconf 87' lang='lat' dir='ltr'><strong>debemus,</strong></span> <span class='ocrx_word' id='word_1_312' title='bbox 1569 2091 1657 2147; x_wconf 90' lang='lat' dir='ltr'><strong>quam</strong></span> <span class='ocrx_word' id='word_1_313' title='bbox 1681 2073 1748 2130; x_wconf 91' lang='lat' dir='ltr'><strong>aliis</strong></span> <span class='ocrx_word' id='word_1_314' title='bbox 1762 2074 1917 2131; x_wconf 89' lang='lat' dir='ltr'><strong>ascribere.</strong></span> 
     </span>
     <span class='ocr_line' id='line_1_46' title="bbox 1088 2162 1917 2237; baseline 0.001 -18"><span class='ocrx_word' id='word_1_315' title='bbox 1088 2164 1154 2221; x_wconf 93' lang='lat' dir='ltr'><strong>ldeo</strong></span> <span class='ocrx_word' id='word_1_316' title='bbox 1166 2164 1255 2221; x_wconf 89' lang='lat' dir='ltr'><strong>eliam</strong></span> <span class='ocrx_word' id='word_1_317' title='bbox 1271 2165 1301 2219; x_wconf 91' lang='lat' dir='ltr'><strong>in</strong></span> <span class='ocrx_word' id='word_1_318' title='bbox 1309 2162 1432 2237; x_wconf 90' lang='lat' dir='ltr'><strong>judiciis</strong></span> <span class='ocrx_word' id='word_1_319' title='bbox 1442 2163 1529 2220; x_wconf 89' lang='lat' dir='ltr'><strong>istius</strong></span> <span class='ocrx_word' id='word_1_320' title='bbox 1540 2162 1643 2219; x_wconf 91' lang='lat' dir='ltr'><strong>mundi</strong></span> <span class='ocrx_word' id='word_1_321' title='bbox 1653 2162 1832 2220; x_wconf 80' lang='lat' dir='ltr'><strong>voluntarios</strong></span> <span class='ocrx_word' id='word_1_322' title='bbox 1842 2180 1917 2233; x_wconf 88' lang='lat' dir='ltr'><strong>reos,</strong></span> 
     </span>
     <span class='ocr_line' id='line_1_47' title="bbox 1087 2251 1916 2327; baseline 0.001 -18"><span class='ocrx_word' id='word_1_323' title='bbox 1087 2270 1146 2322; x_wconf 84' lang='lat' dir='ltr'><strong>nou</strong></span> <span class='ocrx_word' id='word_1_324' title='bbox 1171 2270 1206 2311; x_wconf 84' lang='lat' dir='ltr'><strong>ex</strong></span> <span class='ocrx_word' id='word_1_325' title='bbox 1230 2254 1406 2309; x_wconf 88' lang='lat' dir='ltr'><strong>necessitate</strong></span> <span class='ocrx_word' id='word_1_326' title='bbox 1429 2251 1705 2325; x_wconf 90' lang='lat' dir='ltr'><strong>compulsos‚culpa</strong></span> <span class='ocrx_word' id='word_1_327' title='bbox 1731 2252 1916 2327; x_wconf 89' lang='lat' dir='ltr'><strong>constringit,</strong></span> 
     </span>
     <span class='ocr_line' id='line_1_48' title="bbox 1088 2341 1918 2415; baseline 0 -16"><span class='ocrx_word' id='word_1_328' title='bbox 1088 2360 1174 2415; x_wconf 86' lang='lat' dir='ltr'><strong>poena</strong></span> <span class='ocrx_word' id='word_1_329' title='bbox 1202 2342 1387 2398; x_wconf 88' lang='lat' dir='ltr'><strong>condemnat.</strong></span> <span class='ocrx_word' id='word_1_330' title='bbox 1415 2342 1516 2414; x_wconf 88' lang='lat' dir='ltr'><strong>Neque</strong></span> <span class='ocrx_word' id='word_1_331' title='bbox 1544 2341 1622 2398; x_wconf 88' lang='lat' dir='ltr'><strong>enim</strong></span> <span class='ocrx_word' id='word_1_332' title='bbox 1652 2342 1677 2397; x_wconf 92' lang='lat' dir='ltr'><strong>si</strong></span> <span class='ocrx_word' id='word_1_333' title='bbox 1707 2358 1760 2415; x_wconf 92' lang='lat' dir='ltr'><strong>per</strong></span> <span class='ocrx_word' id='word_1_334' title='bbox 1788 2342 1918 2399; x_wconf 83' lang='lat' dir='ltr'><strong>furorem</strong></span> 
     </span>
     <span class='ocr_line' id='line_1_49' title="bbox 1088 2430 1918 2504; baseline 0 -17"><span class='ocrx_word' id='word_1_335' title='bbox 1088 2431 1196 2504; x_wconf 90' lang='lat' dir='ltr'><strong>aliquis</strong></span> <span class='ocrx_word' id='word_1_336' title='bbox 1211 2431 1395 2487; x_wconf 88' lang='lat' dir='ltr'><strong>innocentem</strong></span> <span class='ocrx_word' id='word_1_337' title='bbox 1411 2430 1577 2503; x_wconf 88' lang='lat' dir='ltr'><strong>peremerit,</strong></span> <span class='ocrx_word' id='word_1_338' title='bbox 1594 2430 1738 2487; x_wconf 83' lang='lat' dir='ltr'><strong>obnoxius</strong></span> <span class='ocrx_word' id='word_1_339' title='bbox 1757 2431 1848 2488; x_wconf 92' lang='lat' dir='ltr'><strong>morti</strong></span> <span class='ocrx_word' id='word_1_340' title='bbox 1863 2438 1918 2488; x_wconf 91' lang='lat' dir='ltr'><strong>est.</strong></span> 
     </span>
     <span class='ocr_line' id='line_1_50' title="bbox 1087 2518 1917 2593; baseline -0.001 -17"><span class='ocrx_word' id='word_1_341' title='bbox 1087 2521 1162 2586; x_wconf 83' lang='lat' dir='ltr'><strong>Quia</strong></span> <span class='ocrx_word' id='word_1_342' title='bbox 1180 2521 1268 2577; x_wconf 91' lang='lat' dir='ltr'><strong>ctiam</strong></span> <span class='ocrx_word' id='word_1_343' title='bbox 1287 2520 1382 2593; x_wconf 91' lang='lat' dir='ltr'><strong>ipsius</strong></span> <span class='ocrx_word' id='word_1_344' title='bbox 1397 2519 1502 2576; x_wconf 82' lang='lat' dir='ltr'><strong>divina</strong></span> <span class='ocrx_word' id='word_1_345' title='bbox 1525 2518 1598 2592; x_wconf 87' lang='lat' dir='ltr'><strong>legis</strong></span> <span class='ocrx_word' id='word_1_346' title='bbox 1623 2518 1846 2591; x_wconf 74' lang='lat' dir='ltr'><strong>oraculolveut.</strong></span> <span class='ocrx_word' id='word_1_347' title='bbox 1858 2537 1917 2587; x_wconf 82' lang='lat' dir='ltr'><strong>arx,</strong></span> 
     </span>
    </p>
   </div>
   <div class='ocr_carea' id='block_1_9' title="bbox 205 2607 1919 3750">
    <p class='ocr_par' dir='ltr' id='par_1_9' title="bbox 205 2607 1919 3750">
     <span class='ocr_line' id='line_1_51' title="bbox 206 2607 1918 2682; baseline 0.001 -19"><span class='ocrx_word' id='word_1_348' title='bbox 206 2608 296 2664; x_wconf 84' lang='lat' dir='ltr'><strong>traria</strong></span> <span class='ocrx_word' id='word_1_349' title='bbox 311 2608 453 2681; x_wconf 90' lang='lat' dir='ltr'><strong>propositi</strong></span> <span class='ocrx_word' id='word_1_350' title='bbox 473 2608 633 2665; x_wconf 81' lang='lat' dir='ltr'><strong>deflexione</strong></span> <span class='ocrx_word' id='word_1_351' title='bbox 653 2612 808 2665; x_wconf 76' lang='lat' dir='ltr'><strong>vertuntur</strong></span> <span class='ocrx_word' id='word_1_352' title='bbox 824 2624 831 2662; x_wconf 79' lang='grc' dir='ltr'><strong>ι</strong></span> <span class='ocrx_word' id='word_1_353' title='bbox 848 2608 910 2664; x_wconf 86' lang='lat' dir='ltr'><strong>islce</strong></span> <span class='ocrx_word' id='word_1_354' title='bbox 925 2625 983 2665; x_wconf 92' lang='lat' dir='ltr'><strong>non</strong></span> <span class='ocrx_word' id='word_1_355' title='bbox 998 2625 1033 2665; x_wconf 88' lang='lat' dir='ltr'><strong>ox</strong></span> <span class='ocrx_word' id='word_1_356' title='bbox 1087 2610 1127 2681; x_wconf 88' lang='lat'><strong>5),</strong></span> <span class='ocrx_word' id='word_1_357' title='bbox 1140 2608 1165 2665; x_wconf 85' lang='lat' dir='ltr'><strong>ai</strong></span> <span class='ocrx_word' id='word_1_358' title='bbox 1182 2610 1248 2682; x_wconf 90' lang='lat' dir='ltr'><strong>quis</strong></span> <span class='ocrx_word' id='word_1_359' title='bbox 1260 2626 1312 2682; x_wconf 93' lang='lat' dir='ltr'><strong>por</strong></span> <span class='ocrx_word' id='word_1_360' title='bbox 1326 2608 1556 2681; x_wconf 88' lang='lat' dir='ltr'><strong>imprudentiam</strong></span> <span class='ocrx_word' id='word_1_361' title='bbox 1571 2607 1705 2665; x_wconf 88' lang='lat' dir='ltr'><strong>intulerit</strong></span> <span class='ocrx_word' id='word_1_362' title='bbox 1715 2624 1828 2675; x_wconf 91' lang='lat' dir='ltr'><strong>necem,</strong></span> <span class='ocrx_word' id='word_1_363' title='bbox 1840 2608 1918 2665; x_wconf 88' lang='lat' dir='ltr'><strong>acci·</strong></span> 
     </span>
     <span class='ocr_line' id='line_1_52' title="bbox 205 2696 1919 2771; baseline -0.001 -16"><span class='ocrx_word' id='word_1_364' title='bbox 205 2696 360 2755; x_wconf 89' lang='lat' dir='ltr'><strong>contrariis</strong></span> <span class='ocrx_word' id='word_1_365' title='bbox 376 2696 406 2753; x_wconf 89' lang='lat' dir='ltr'><strong>iu</strong></span> <span class='ocrx_word' id='word_1_366' title='bbox 422 2698 543 2753; x_wconf 83' lang='lat' dir='ltr'><strong>adversa</strong></span> <span class='ocrx_word' id='word_1_367' title='bbox 558 2697 763 2767; x_wconf 76' lang='lat' dir='ltr'><strong>deflectuntur,</strong></span> <span class='ocrx_word' id='word_1_368' title='bbox 781 2698 831 2753; x_wconf 90' lang='lat' dir='ltr'><strong>sed</strong></span> <span class='ocrx_word' id='word_1_369' title='bbox 848 2714 882 2754; x_wconf 81' lang='lat' dir='ltr'><strong>aa</strong></span> <span class='ocrx_word' id='word_1_370' title='bbox 900 2697 1031 2769; x_wconf 88' lang='lat' dir='ltr'><strong>ejusdem</strong></span> <span class='ocrx_word' id='word_1_371' title='bbox 1088 2698 1132 2771; x_wconf 93' lang='lat' dir='ltr'><strong>pit</strong></span> <span class='ocrx_word' id='word_1_372' title='bbox 1146 2697 1334 2770; x_wconf 88' lang='lat' dir='ltr'><strong>impunitatis</strong></span> <span class='ocrx_word' id='word_1_373' title='bbox 1349 2713 1442 2770; x_wconf 85' lang='lat' dir='ltr'><strong>spem,</strong></span> <span class='ocrx_word' id='word_1_374' title='bbox 1459 2698 1563 2771; x_wconf 85' lang='lat' dir='ltr'><strong>relugii</strong></span> <span class='ocrx_word' id='word_1_375' title='bbox 1580 2696 1760 2766; x_wconf 75' lang='lat' dir='ltr'><strong>facultatem,</strong></span> <span class='ocrx_word' id='word_1_376' title='bbox 1774 2702 1808 2753; x_wconf 91' lang='lat' dir='ltr'><strong>ut</strong></span> <span class='ocrx_word' id='word_1_377' title='bbox 1823 2696 1919 2769; x_wconf 91' lang='lat' dir='ltr'><strong>possit</strong></span> 
     </span>
     <span class='ocr_line' id='line_1_53' title="bbox 205 2784 1916 2862; baseline -0.001 -19"><span class='ocrx_word' id='word_1_378' title='bbox 205 2786 321 2862; x_wconf 82' lang='lat' dir='ltr'><strong>generis</strong></span> <span class='ocrx_word' id='word_1_379' title='bbox 339 2784 383 2843; x_wconf 89' lang='lat' dir='ltr'><strong>vel</strong></span> <span class='ocrx_word' id='word_1_380' title='bbox 404 2787 585 2853; x_wconf 87' lang='lat' dir='ltr'><strong>auctoribus,</strong></span> <span class='ocrx_word' id='word_1_381' title='bbox 600 2786 643 2843; x_wconf 88' lang='lat' dir='ltr'><strong>vel</strong></span> <span class='ocrx_word' id='word_1_382' title='bbox 660 2786 758 2843; x_wconf 84' lang='lat' dir='ltr'><strong>carreis</strong></span> <span class='ocrx_word' id='word_1_383' title='bbox 772 2792 884 2854; x_wconf 80' lang='lat' dir='ltr'><strong>creato,</strong></span> <span class='ocrx_word' id='word_1_384' title='bbox 901 2787 930 2841; x_wconf 91' lang='lat' dir='ltr'><strong>in</strong></span> <span class='ocrx_word' id='word_1_385' title='bbox 947 2786 1032 2843; x_wconf 88' lang='lat' dir='ltr'><strong>simi·</strong></span> <span class='ocrx_word' id='word_1_386' title='bbox 1087 2787 1218 2844; x_wconf 83' lang='lat' dir='ltr'><strong>evadere.</strong></span> <span class='ocrx_word' id='word_1_387' title='bbox 1236 2787 1295 2842; x_wconf 88' lang='lat' dir='ltr'><strong>Hoc</strong></span> <span class='ocrx_word' id='word_1_388' title='bbox 1311 2786 1401 2858; x_wconf 87' lang='lat' dir='ltr'><strong>igitur</strong></span> <span class='ocrx_word' id='word_1_389' title='bbox 1415 2786 1451 2842; x_wconf 93' lang='lat' dir='ltr'><strong>de</strong></span> <span class='ocrx_word' id='word_1_390' title='bbox 1472 2802 1506 2843; x_wconf 91' lang='lat' dir='ltr'><strong>ec</strong></span> <span class='ocrx_word' id='word_1_391' title='bbox 1522 2787 1600 2859; x_wconf 92' lang='lat' dir='ltr'><strong>quod</strong></span> <span class='ocrx_word' id='word_1_392' title='bbox 1616 2786 1732 2859; x_wconf 88' lang='lat' dir='ltr'><strong>proprie</strong></span> <span class='ocrx_word' id='word_1_393' title='bbox 1748 2785 1859 2842; x_wconf 87' lang='lat' dir='ltr'><strong>malum</strong></span> <span class='ocrx_word' id='word_1_394' title='bbox 1874 2786 1916 2842; x_wconf 87' lang='lat' dir='ltr'><strong>vi-</strong></span> 
     </span>
     <span class='ocr_line' id='line_1_54' title="bbox 207 2873 1917 2948; baseline -0.001 -16"><span class='ocrx_word' id='word_1_395' title='bbox 207 2875 362 2932; x_wconf 90' lang='lat' dir='ltr'><strong>litudinem</strong></span> <span class='ocrx_word' id='word_1_396' title='bbox 378 2873 424 2930; x_wconf 91' lang='lat' dir='ltr'><strong>sui</strong></span> <span class='ocrx_word' id='word_1_397' title='bbox 440 2874 608 2931; x_wconf 80' lang='lat' dir='ltr'><strong>referuntur</strong></span> <span class='ocrx_word' id='word_1_398' title='bbox 622 2876 760 2931; x_wconf 88' lang='lat' dir='ltr'><strong>auctoris.</strong></span> <span class='ocrx_word' id='word_1_399' title='bbox 1088 2876 1183 2944; x_wconf 90' lang='lat' dir='ltr'><strong>delur,</strong></span> <span class='ocrx_word' id='word_1_400' title='bbox 1200 2876 1312 2931; x_wconf 86' lang='lat' dir='ltr'><strong>dictum</strong></span> <span class='ocrx_word' id='word_1_401' title='bbox 1333 2874 1382 2931; x_wconf 90' lang='lat' dir='ltr'><strong>sit.</strong></span> <span class='ocrx_word' id='word_1_402' title='bbox 1398 2873 1475 2931; x_wconf 86' lang='lat' dir='ltr'><strong>Mala</strong></span> <span class='ocrx_word' id='word_1_403' title='bbox 1490 2873 1569 2931; x_wconf 90' lang='lat' dir='ltr'><strong>enim</strong></span> <span class='ocrx_word' id='word_1_404' title='bbox 1592 2890 1651 2930; x_wconf 90' lang='lat' dir='ltr'><strong>noa</strong></span> <span class='ocrx_word' id='word_1_405' title='bbox 1677 2877 1748 2931; x_wconf 85' lang='lat' dir='ltr'><strong>sunt</strong></span> <span class='ocrx_word' id='word_1_406' title='bbox 1772 2873 1828 2931; x_wconf 88' lang='lat' dir='ltr'><strong>nisi</strong></span> <span class='ocrx_word' id='word_1_407' title='bbox 1853 2892 1917 2948; x_wconf 79' lang='lat' dir='ltr'><strong>que</strong></span> 
     </span>
     <span class='ocr_line' id='line_1_55' title="bbox 242 2963 1912 3037; baseline 0.002 -17"><span class='ocrx_word' id='word_1_408' title='bbox 242 2964 287 3021; x_wconf 89' lang='lat' dir='ltr'><strong>3l.</strong></span> <span class='ocrx_word' id='word_1_409' title='bbox 309 2963 383 3028; x_wconf 86' lang='lat' dir='ltr'><strong>Ouid</strong></span> <span class='ocrx_word' id='word_1_410' title='bbox 408 2963 499 3036; x_wconf 89' lang='lat' dir='ltr'><strong>igitur</strong></span> <span class='ocrx_word' id='word_1_411' title='bbox 522 2963 654 3020; x_wconf 89' lang='lat' dir='ltr'><strong>dicemus</strong></span> <span class='ocrx_word' id='word_1_412' title='bbox 678 2964 758 3036; x_wconf 75' lang='lat' dir='ltr'><strong>(Sbl‘l</strong></span> <span class='ocrx_word' id='word_1_413' title='bbox 781 2964 810 3020; x_wconf 89' lang='lat' dir='ltr'><strong>Si</strong></span> <span class='ocrx_word' id='word_1_414' title='bbox 836 2963 914 3020; x_wconf 89' lang='lat' dir='ltr'><strong>enim</strong></span> <span class='ocrx_word' id='word_1_415' title='bbox 939 2981 1034 3037; x_wconf 89' lang='lat' dir='ltr'><strong>neque</strong></span> <span class='ocrx_word' id='word_1_416' title='bbox 1088 2965 1209 3022; x_wconf 89' lang='lat' dir='ltr'><strong>crimine</strong></span> <span class='ocrx_word' id='word_1_417' title='bbox 1224 2968 1352 3021; x_wconf 82' lang='lat' dir='ltr'><strong>merrtem</strong></span> <span class='ocrx_word' id='word_1_418' title='bbox 1367 2963 1520 3037; x_wconf 88' lang='lat' dir='ltr'><strong>implicant</strong></span> <span class='ocrx_word' id='word_1_419' title='bbox 1541 2968 1570 3021; x_wconf 92' lang='lat' dir='ltr'><strong>et</strong></span> <span class='ocrx_word' id='word_1_420' title='bbox 1588 2963 1797 3021; x_wconf 87' lang='lat' dir='ltr'><strong>conscientiam</strong></span> <span class='ocrx_word' id='word_1_421' title='bbox 1811 2963 1912 3037; x_wconf 85' lang='lat' dir='ltr'><strong>ligant.</strong></span> 
     </span>
     <span class='ocr_line' id='line_1_56' title="bbox 208 3051 1913 3127; baseline -0.001 -17"><span class='ocrx_word' id='word_1_422' title='bbox 208 3053 272 3111; x_wconf 89' lang='lat' dir='ltr'><strong>siue</strong></span> <span class='ocrx_word' id='word_1_423' title='bbox 300 3051 444 3125; x_wconf 89' lang='lat' dir='ltr'><strong>principio</strong></span> <span class='ocrx_word' id='word_1_424' title='bbox 472 3052 629 3124; x_wconf 72' lang='lat' dir='ltr'><strong>autquasi</strong></span> <span class='ocrx_word' id='word_1_425' title='bbox 657 3053 796 3122; x_wconf 88' lang='lat' dir='ltr'><strong>increata,</strong></span> <span class='ocrx_word' id='word_1_426' title='bbox 815 3070 910 3125; x_wconf 90' lang='lat' dir='ltr'><strong>neque</strong></span> <span class='ocrx_word' id='word_1_427' title='bbox 935 3072 951 3110; x_wconf 91' lang='lat' dir='ltr'><strong>a</strong></span> <span class='ocrx_word' id='word_1_428' title='bbox 975 3055 1032 3112; x_wconf 90' lang='lat' dir='ltr'><strong>Deo</strong></span> <span class='ocrx_word' id='word_1_429' title='bbox 1088 3055 1228 3111; x_wconf 78' lang='lat' dir='ltr'><strong>Ceterum</strong></span> <span class='ocrx_word' id='word_1_430' title='bbox 1245 3053 1426 3126; x_wconf 88' lang='lat' dir='ltr'><strong>pauperiem,</strong></span> <span class='ocrx_word' id='word_1_431' title='bbox 1450 3052 1675 3126; x_wconf 88' lang='lat' dir='ltr'><strong>ignobilitatem,</strong></span> <span class='ocrx_word' id='word_1_432' title='bbox 1700 3051 1913 3127; x_wconf 77' lang='lat' dir='ltr'><strong>egritudinem,</strong></span> 
     </span>
     <span class='ocr_line' id='line_1_57' title="bbox 209 3140 1913 3215; baseline 0 -17"><span class='ocrx_word' id='word_1_433' title='bbox 209 3140 385 3209; x_wconf 69' lang='lat' dir='ltr'><strong>teutmundo</strong></span> <span class='ocrx_word' id='word_1_434' title='bbox 399 3140 602 3197; x_wconf 89' lang='lat' dir='ltr'><strong>habetnalura</strong></span> <span class='ocrx_word' id='word_1_435' title='bbox 616 3140 862 3197; x_wconf 82' lang='lat' dir='ltr'><strong>malitiam‘iNam</strong></span> <span class='ocrx_word' id='word_1_436' title='bbox 875 3142 954 3197; x_wconf 89' lang='lat' dir='ltr'><strong>mala</strong></span> <span class='ocrx_word' id='word_1_437' title='bbox 968 3160 1033 3200; x_wconf 90' lang='lat' dir='ltr'><strong>esse</strong></span> <span class='ocrx_word' id='word_1_438' title='bbox 1088 3148 1212 3199; x_wconf 84' lang='lat' dir='ltr'><strong>mortem</strong></span> <span class='ocrx_word' id='word_1_439' title='bbox 1236 3159 1321 3198; x_wconf 89' lang='lat' dir='ltr'><strong>nemo</strong></span> <span class='ocrx_word' id='word_1_440' title='bbox 1345 3142 1464 3215; x_wconf 89' lang='lat' dir='ltr'><strong>sapiens</strong></span> <span class='ocrx_word' id='word_1_441' title='bbox 1488 3140 1567 3199; x_wconf 89' lang='lat' dir='ltr'><strong>mala</strong></span> <span class='ocrx_word' id='word_1_442' title='bbox 1590 3141 1704 3212; x_wconf 83' lang='lat' dir='ltr'><strong>dixerit,</strong></span> <span class='ocrx_word' id='word_1_443' title='bbox 1721 3159 1775 3199; x_wconf 91' lang='lat' dir='ltr'><strong>nec</strong></span> <span class='ocrx_word' id='word_1_444' title='bbox 1797 3142 1826 3198; x_wconf 90' lang='lat' dir='ltr'><strong>in</strong></span> <span class='ocrx_word' id='word_1_445' title='bbox 1851 3158 1913 3198; x_wconf 86' lang='lat' dir='ltr'><strong>ma·</strong></span> 
     </span>
     <span class='ocr_line' id='line_1_58' title="bbox 208 3211 1915 3303; baseline 0.001 -18"><span class='ocrx_word' id='word_1_446' title='bbox 208 3228 309 3286; x_wconf 91' lang='lat' dir='ltr'><strong>iuhoc</strong></span> <span class='ocrx_word' id='word_1_447' title='bbox 330 3229 557 3285; x_wconf 86' lang='lat' dir='ltr'><strong>muudonullus</strong></span> <span class='ocrx_word' id='word_1_448' title='bbox 580 3229 698 3301; x_wconf 88' lang='lat' dir='ltr'><strong>sapiens</strong></span> <span class='ocrx_word' id='word_1_449' title='bbox 723 3229 969 3303; x_wconf 80' lang='lat' dir='ltr'><strong>denegavil,cum</strong></span> <span class='ocrx_word' id='word_1_450' title='bbox 994 3211 1069 3288; x_wconf 80' lang='lat' dir='ltr'><strong>sitC</strong></span> <span class='ocrx_word' id='word_1_451' title='bbox 1088 3231 1184 3289; x_wconf 93' lang='lat' dir='ltr'><strong>lorum</strong></span> <span class='ocrx_word' id='word_1_452' title='bbox 1213 3236 1291 3288; x_wconf 88' lang='lat' dir='ltr'><strong>sorte</strong></span> <span class='ocrx_word' id='word_1_453' title='bbox 1319 3230 1536 3300; x_wconf 80' lang='lat' dir='ltr'><strong>numeraverit3</strong></span> <span class='ocrx_word' id='word_1_454' title='bbox 1569 3230 1639 3302; x_wconf 89' lang='lat' dir='ltr'><strong>quia</strong></span> <span class='ocrx_word' id='word_1_455' title='bbox 1678 3247 1731 3288; x_wconf 92' lang='lat' dir='ltr'><strong>nec</strong></span> <span class='ocrx_word' id='word_1_456' title='bbox 1769 3231 1915 3292; x_wconf 85' lang='lat' dir='ltr'><strong>contraria</strong></span> 
     </span>
     <span class='ocr_line' id='line_1_59' title="bbox 209 3317 1914 3393; baseline 0.001 -18"><span class='ocrx_word' id='word_1_457' title='bbox 209 3318 259 3377; x_wconf 76' lang='grc'><strong>18</strong></span> <span class='ocrx_word' id='word_1_458' title='bbox 275 3323 336 3375; x_wconf 87' lang='lat' dir='ltr'><strong>tem</strong></span> <span class='ocrx_word' id='word_1_459' title='bbox 351 3319 488 3391; x_wconf 82' lang='lat' dir='ltr'><strong>frequens</strong></span> <span class='ocrx_word' id='word_1_460' title='bbox 502 3318 532 3373; x_wconf 90' lang='lat' dir='ltr'><strong>ia</strong></span> <span class='ocrx_word' id='word_1_461' title='bbox 548 3318 602 3375; x_wconf 92' lang='lat' dir='ltr'><strong>hoc</strong></span> <span class='ocrx_word' id='word_1_462' title='bbox 614 3317 718 3375; x_wconf 81' lang='lat' dir='ltr'><strong>seculo</strong></span> <span class='ocrx_word' id='word_1_463' title='bbox 730 3318 828 3392; x_wconf 88' lang='lat' dir='ltr'><strong>lapsus</strong></span> <span class='ocrx_word' id='word_1_464' title='bbox 844 3320 879 3376; x_wconf 87' lang='lat' dir='ltr'><strong>ad</strong></span> <span class='ocrx_word' id='word_1_465' title='bbox 896 3325 1029 3377; x_wconf 88' lang='lat' dir='ltr'><strong>mortem.</strong></span> <span class='ocrx_word' id='word_1_466' title='bbox 1087 3320 1196 3378; x_wconf 89' lang='lat' dir='ltr'><strong>istisin</strong></span> <span class='ocrx_word' id='word_1_467' title='bbox 1212 3319 1298 3376; x_wconf 88' lang='lat' dir='ltr'><strong>bouis</strong></span> <span class='ocrx_word' id='word_1_468' title='bbox 1317 3320 1462 3377; x_wconf 88' lang='lat' dir='ltr'><strong>babentur</strong></span> <span class='ocrx_word' id='word_1_469' title='bbox 1483 3320 1631 3389; x_wconf 79' lang='lat' dir='ltr'><strong>maximis,</strong></span> <span class='ocrx_word' id='word_1_470' title='bbox 1648 3336 1774 3393; x_wconf 92' lang='lat' dir='ltr'><strong>quorum</strong></span> <span class='ocrx_word' id='word_1_471' title='bbox 1790 3319 1847 3376; x_wconf 89' lang='lat' dir='ltr'><strong>alia</strong></span> <span class='ocrx_word' id='word_1_472' title='bbox 1859 3336 1914 3376; x_wconf 92' lang='lat' dir='ltr'><strong>no·</strong></span> 
     </span>
     <span class='ocr_line' id='line_1_60' title="bbox 208 3407 1913 3488; baseline 0 -23"><span class='ocrx_word' id='word_1_473' title='bbox 208 3408 265 3465; x_wconf 87' lang='lat' dir='ltr'><strong>Sed</strong></span> <span class='ocrx_word' id='word_1_474' title='bbox 280 3424 314 3463; x_wconf 83' lang='lat' dir='ltr'><strong>ex</strong></span> <span class='ocrx_word' id='word_1_475' title='bbox 332 3407 370 3464; x_wconf 90' lang='lat' dir='ltr'><strong>iis</strong></span> <span class='ocrx_word' id='word_1_476' title='bbox 394 3424 458 3479; x_wconf 80' lang='lat' dir='ltr'><strong>que</strong></span> <span class='ocrx_word' id='word_1_477' title='bbox 478 3408 542 3479; x_wconf 81' lang='lat' dir='ltr'><strong>jam</strong></span> <span class='ocrx_word' id='word_1_478' title='bbox 558 3408 697 3475; x_wconf 87' lang='lat' dir='ltr'><strong>diximus,</strong></span> <span class='ocrx_word' id='word_1_479' title='bbox 712 3424 871 3481; x_wconf 90' lang='lat' dir='ltr'><strong>possumus</strong></span> <span class='ocrx_word' id='word_1_480' title='bbox 896 3408 1032 3488; x_wconf 83' lang='lat' dir='ltr'><strong>colligere</strong></span> <span class='ocrx_word' id='word_1_481' title='bbox 1086 3410 1133 3466; x_wconf 89' lang='lat' dir='ltr'><strong>bis</strong></span> <span class='ocrx_word' id='word_1_482' title='bbox 1156 3428 1190 3466; x_wconf 85' lang='lat' dir='ltr'><strong>cx</strong></span> <span class='ocrx_word' id='word_1_483' title='bbox 1214 3414 1329 3480; x_wconf 90' lang='lat' dir='ltr'><strong>natura,</strong></span> <span class='ocrx_word' id='word_1_484' title='bbox 1347 3408 1404 3465; x_wconf 90' lang='lat' dir='ltr'><strong>alia</strong></span> <span class='ocrx_word' id='word_1_485' title='bbox 1427 3426 1462 3465; x_wconf 84' lang='lat' dir='ltr'><strong>cx</strong></span> <span class='ocrx_word' id='word_1_486' title='bbox 1487 3409 1695 3466; x_wconf 87' lang='lat' dir='ltr'><strong>commoditate</strong></span> <span class='ocrx_word' id='word_1_487' title='bbox 1719 3409 1849 3466; x_wconf 90' lang='lat' dir='ltr'><strong>accidere</strong></span> <span class='ocrx_word' id='word_1_488' title='bbox 1871 3407 1913 3465; x_wconf 91' lang='lat' dir='ltr'><strong>vi·</strong></span> 
     </span>
     <span class='ocr_line' id='line_1_61' title="bbox 208 3496 1202 3571; baseline 0.001 -20"><span class='ocrx_word' id='word_1_489' title='bbox 208 3496 358 3569; x_wconf 88' lang='lat' dir='ltr'><strong>quianon</strong></span> <span class='ocrx_word' id='word_1_490' title='bbox 384 3500 428 3553; x_wconf 91' lang='lat' dir='ltr'><strong>est</strong></span> <span class='ocrx_word' id='word_1_491' title='bbox 452 3496 516 3553; x_wconf 81' lang='lat' dir='ltr'><strong>riva</strong></span> <span class='ocrx_word' id='word_1_492' title='bbox 542 3497 716 3565; x_wconf 88' lang='lat' dir='ltr'><strong>substantia,</strong></span> <span class='ocrx_word' id='word_1_493' title='bbox 739 3498 789 3554; x_wconf 90' lang='lat' dir='ltr'><strong>scd</strong></span> <span class='ocrx_word' id='word_1_494' title='bbox 812 3498 920 3555; x_wconf 83' lang='lat' dir='ltr'><strong>mentis</strong></span> <span class='ocrx_word' id='word_1_495' title='bbox 944 3502 1031 3571; x_wconf 88' lang='lat' dir='ltr'><strong>atque</strong></span> <span class='ocrx_word' id='word_1_496' title='bbox 1088 3499 1202 3556; x_wconf 88' lang='lat' dir='ltr'><strong>dentur.</strong></span> 
     </span>
     <span class='ocr_line' id='line_1_62' title="bbox 208 3584 1913 3660; baseline 0 -18"><span class='ocrx_word' id='word_1_497' title='bbox 208 3584 297 3643; x_wconf 84' lang='lat' dir='ltr'><strong>enimi</strong></span> <span class='ocrx_word' id='word_1_498' title='bbox 315 3586 491 3658; x_wconf 81' lang='lat' dir='ltr'><strong>depravatio,</strong></span> <span class='ocrx_word' id='word_1_499' title='bbox 509 3586 656 3642; x_wconf 86' lang='lat' dir='ltr'><strong>atramite</strong></span> <span class='ocrx_word' id='word_1_500' title='bbox 670 3586 787 3642; x_wconf 77' lang='lat' dir='ltr'><strong>virtutis</strong></span> <span class='ocrx_word' id='word_1_501' title='bbox 803 3586 895 3656; x_wconf 81' lang='lat' dir='ltr'><strong>deria,</strong></span> <span class='ocrx_word' id='word_1_502' title='bbox 912 3604 975 3660; x_wconf 76' lang='lat' dir='ltr'><strong>quea</strong></span> <span class='ocrx_word' id='word_1_503' title='bbox 990 3588 1032 3643; x_wconf 91' lang='lat' dir='ltr'><strong>ia·</strong></span> <span class='ocrx_word' id='word_1_504' title='bbox 1121 3590 1166 3643; x_wconf 76' lang='lat'><strong>32.</strong></span> <span class='ocrx_word' id='word_1_505' title='bbox 1182 3588 1245 3643; x_wconf 92' lang='lat' dir='ltr'><strong>Non</strong></span> <span class='ocrx_word' id='word_1_506' title='bbox 1262 3588 1354 3645; x_wconf 89' lang='lat' dir='ltr'><strong>otiose</strong></span> <span class='ocrx_word' id='word_1_507' title='bbox 1369 3587 1454 3643; x_wconf 89' lang='lat' dir='ltr'><strong>nobis</strong></span> <span class='ocrx_word' id='word_1_508' title='bbox 1474 3602 1615 3643; x_wconf 85' lang='lat' dir='ltr'><strong>excursus</strong></span> <span class='ocrx_word' id='word_1_509' title='bbox 1639 3586 1694 3643; x_wconf 87' lang='lat' dir='ltr'><strong>iste</strong></span> <span class='ocrx_word' id='word_1_510' title='bbox 1708 3586 1864 3660; x_wconf 88' lang='lat' dir='ltr'><strong>processit;</strong></span> <span class='ocrx_word' id='word_1_511' title='bbox 1881 3590 1913 3642; x_wconf 88' lang='lat' dir='ltr'><strong>ul</strong></span> 
     </span>
     <span class='ocr_line' id='line_1_63' title="bbox 206 3673 1912 3750; baseline 0.002 -20"><span class='ocrx_word' id='word_1_512' title='bbox 206 3674 389 3731; x_wconf 91' lang='lat' dir='ltr'><strong>curiosorum</strong></span> <span class='ocrx_word' id='word_1_513' title='bbox 406 3673 512 3730; x_wconf 85' lang='lat' dir='ltr'><strong>animis</strong></span> <span class='ocrx_word' id='word_1_514' title='bbox 535 3691 622 3746; x_wconf 90' lang='lat' dir='ltr'><strong>quam</strong></span> <span class='ocrx_word' id='word_1_515' title='bbox 648 3675 815 3748; x_wconf 82' lang='lat' dir='ltr'><strong>frequentor</strong></span> <span class='ocrx_word' id='word_1_516' title='bbox 829 3676 952 3748; x_wconf 89' lang='lat' dir='ltr'><strong>obrepit.</strong></span> <span class='ocrx_word' id='word_1_517' title='bbox 968 3676 1030 3732; x_wconf 91' lang='lat' dir='ltr'><strong>Non</strong></span> <span class='ocrx_word' id='word_1_518' title='bbox 1085 3678 1279 3750; x_wconf 88' lang='lat' dir='ltr'><strong>probaremus</strong></span> <span class='ocrx_word' id='word_1_519' title='bbox 1298 3677 1435 3733; x_wconf 88' lang='lat' dir='ltr'><strong>tenebras</strong></span> <span class='ocrx_word' id='word_1_520' title='bbox 1456 3680 1485 3732; x_wconf 90' lang='lat' dir='ltr'><strong>et</strong></span> <span class='ocrx_word' id='word_1_521' title='bbox 1509 3676 1650 3749; x_wconf 81' lang='lat' dir='ltr'><strong>abyssum</strong></span> <span class='ocrx_word' id='word_1_522' title='bbox 1676 3675 1850 3749; x_wconf 90' lang='lat' dir='ltr'><strong>simpliciter</strong></span> <span class='ocrx_word' id='word_1_523' title='bbox 1865 3692 1912 3733; x_wconf 90' lang='lat' dir='ltr'><strong>ac-</strong></span> 
     </span>
    </p>
   </div>
   <div class='ocr_carea' id='block_1_10' title="bbox 205 3762 1030 4017">
    <p class='ocr_par' dir='ltr' id='par_1_10' title="bbox 205 3762 1030 4017">
     <span class='ocr_line' id='line_1_64' title="bbox 205 3762 1030 3837; baseline 0.004 -18"><span class='ocrx_word' id='word_1_524' title='bbox 205 3762 296 3837; x_wconf 87' lang='lat' dir='ltr'><strong>igitar</strong></span> <span class='ocrx_word' id='word_1_525' title='bbox 309 3764 345 3820; x_wconf 85' lang='lat' dir='ltr'><strong>ab</strong></span> <span class='ocrx_word' id='word_1_526' title='bbox 360 3763 505 3819; x_wconf 83' lang='lat' dir='ltr'><strong>extrancis</strong></span> <span class='ocrx_word' id='word_1_527' title='bbox 530 3768 574 3820; x_wconf 88' lang='lat' dir='ltr'><strong>ost</strong></span> <span class='ocrx_word' id='word_1_528' title='bbox 598 3763 693 3829; x_wconf 91' lang='lat' dir='ltr'><strong>nobis,</strong></span> <span class='ocrx_word' id='word_1_529' title='bbox 712 3780 801 3837; x_wconf 89' lang='lat' dir='ltr'><strong>quam</strong></span> <span class='ocrx_word' id='word_1_530' title='bbox 817 3766 934 3821; x_wconf 89' lang='lat' dir='ltr'><strong>anobis</strong></span> <span class='ocrx_word' id='word_1_531' title='bbox 958 3766 1030 3837; x_wconf 91' lang='lat' dir='ltr'><strong>ipsis</strong></span> 
     </span>
     <span class='ocr_line' id='line_1_65' title="bbox 205 3852 1030 3925; baseline 0.002 -16"><span class='ocrx_word' id='word_1_532' title='bbox 205 3853 302 3925; x_wconf 85' lang='lat' dir='ltr'><strong>majus</strong></span> <span class='ocrx_word' id='word_1_533' title='bbox 317 3852 490 3925; x_wconf 90' lang='lat' dir='ltr'><strong>perieulum.</strong></span> <span class='ocrx_word' id='word_1_534' title='bbox 502 3854 584 3909; x_wconf 89' lang='lat' dir='ltr'><strong>latus</strong></span> <span class='ocrx_word' id='word_1_535' title='bbox 604 3858 649 3909; x_wconf 91' lang='lat' dir='ltr'><strong>cst</strong></span> <span class='ocrx_word' id='word_1_536' title='bbox 669 3852 865 3922; x_wconf 83' lang='lat' dir='ltr'><strong>adversarius,</strong></span> <span class='ocrx_word' id='word_1_537' title='bbox 880 3853 961 3911; x_wconf 90' lang='lat' dir='ltr'><strong>intus</strong></span> <span class='ocrx_word' id='word_1_538' title='bbox 976 3872 1030 3911; x_wconf 89' lang='lat' dir='ltr'><strong>au·</strong></span> 
     </span>
     <span class='ocr_line' id='line_1_66' title="bbox 205 3940 1030 4017; baseline 0.002 -19"><span class='ocrx_word' id='word_1_539' title='bbox 205 3944 267 3999; x_wconf 90' lang='lat' dir='ltr'><strong>clar</strong></span> <span class='ocrx_word' id='word_1_540' title='bbox 281 3941 399 4012; x_wconf 90' lang='lat' dir='ltr'><strong>erroris,</strong></span> <span class='ocrx_word' id='word_1_541' title='bbox 412 3940 503 4011; x_wconf 90' lang='lat' dir='ltr'><strong>inlus,</strong></span> <span class='ocrx_word' id='word_1_542' title='bbox 517 3942 777 4014; x_wconf 87' lang='lat' dir='ltr'><strong>inquam,clausus</strong></span> <span class='ocrx_word' id='word_1_543' title='bbox 792 3943 821 3997; x_wconf 94' lang='lat' dir='ltr'><strong>in</strong></span> <span class='ocrx_word' id='word_1_544' title='bbox 839 3942 1030 4017; x_wconf 87' lang='lat' dir='ltr'><strong>nobismetip-</strong></span> 
     </span>
    </p>
   </div>
   <div class='ocr_carea' id='block_1_11' title="bbox 1085 3765 1912 4012">
    <p class='ocr_par' dir='ltr' id='par_1_11' title="bbox 1085 3765 1912 4012">
     <span class='ocr_line' id='line_1_67' title="bbox 1086 3765 1912 3839; baseline 0 -18"><span class='ocrx_word' id='word_1_545' title='bbox 1086 3766 1230 3839; x_wconf 87' lang='lat' dir='ltr'><strong>cipieuda.</strong></span> <span class='ocrx_word' id='word_1_546' title='bbox 1256 3766 1346 3822; x_wconf 69' lang='lat' dir='ltr'><strong>lirant</strong></span> <span class='ocrx_word' id='word_1_547' title='bbox 1368 3765 1447 3822; x_wconf 90' lang='lat' dir='ltr'><strong>enim</strong></span> <span class='ocrx_word' id='word_1_548' title='bbox 1472 3766 1599 3821; x_wconf 83' lang='lat' dir='ltr'><strong>tenebre</strong></span> <span class='ocrx_word' id='word_1_549' title='bbox 1627 3765 1663 3821; x_wconf 90' lang='lat' dir='ltr'><strong>de</strong></span> <span class='ocrx_word' id='word_1_550' title='bbox 1688 3765 1912 3823; x_wconf 90' lang='lat' dir='ltr'><strong>obumbratione</strong></span> 
     </span>
     <span class='ocr_line' id='line_1_68' title="bbox 1085 3854 1911 3927; baseline -0.001 -16"><span class='ocrx_word' id='word_1_551' title='bbox 1085 3856 1137 3911; x_wconf 75' lang='lat' dir='ltr'><em>w</em></span> <span class='ocrx_word' id='word_1_552' title='bbox 1160 3854 1238 3923; x_wconf 83' lang='lat' dir='ltr'><strong>cceli;</strong></span> <span class='ocrx_word' id='word_1_553' title='bbox 1261 3854 1331 3926; x_wconf 89' lang='lat' dir='ltr'><strong>quia</strong></span> <span class='ocrx_word' id='word_1_554' title='bbox 1357 3870 1443 3910; x_wconf 91' lang='lat' dir='ltr'><strong>omae</strong></span> <span class='ocrx_word' id='word_1_555' title='bbox 1466 3870 1570 3927; x_wconf 89' lang='lat' dir='ltr'><strong>corpus</strong></span> <span class='ocrx_word' id='word_1_556' title='bbox 1595 3854 1731 3910; x_wconf 90' lang='lat' dir='ltr'><strong>umbram</strong></span> <span class='ocrx_word' id='word_1_557' title='bbox 1757 3854 1835 3924; x_wconf 84' lang='lat' dir='ltr'><strong>iacit,</strong></span> <span class='ocrx_word' id='word_1_558' title='bbox 1852 3871 1911 3927; x_wconf 88' lang='lat' dir='ltr'><strong>que</strong></span> 
     </span>
     <span class='ocr_line' id='line_1_69' title="bbox 1085 3942 1912 4012; baseline -0.002 -12"><span class='ocrx_word' id='word_1_559' title='bbox 1085 3944 1243 4001; x_wconf 91' lang='lat' dir='ltr'><strong>obumbrat</strong></span> <span class='ocrx_word' id='word_1_560' title='bbox 1260 3942 1304 3999; x_wconf 83' lang='lat' dir='ltr'><strong>vel</strong></span> <span class='ocrx_word' id='word_1_561' title='bbox 1328 3942 1454 3999; x_wconf 85' lang='lat' dir='ltr'><strong>finitima</strong></span> <span class='ocrx_word' id='word_1_562' title='bbox 1477 3942 1522 3999; x_wconf 91' lang='lat' dir='ltr'><strong>vel</strong></span> <span class='ocrx_word' id='word_1_563' title='bbox 1546 3943 1695 4012; x_wconf 81' lang='lat' dir='ltr'><strong>interiora,</strong></span> <span class='ocrx_word' id='word_1_564' title='bbox 1712 3946 1741 3999; x_wconf 92' lang='lat' dir='ltr'><strong>et</strong></span> <span class='ocrx_word' id='word_1_565' title='bbox 1762 3958 1796 3999; x_wconf 89' lang='lat' dir='ltr'><strong>oa</strong></span> <span class='ocrx_word' id='word_1_566' title='bbox 1819 3944 1912 4000; x_wconf 83' lang='lat' dir='ltr'><strong>maxi-</strong></span> 
     </span>
    </p>
   </div>
   <div class='ocr_carea' id='block_1_12' title="bbox 200 4029 1912 4816">
    <p class='ocr_par' dir='ltr' id='par_1_12' title="bbox 200 4029 1912 4816">
     <span class='ocr_line' id='line_1_70' title="bbox 204 4029 1030 4104; baseline 0.002 -16"><span class='ocrx_word' id='word_1_567' title='bbox 204 4030 256 4088; x_wconf 86' lang='lat' dir='ltr'><strong>ais.</strong></span> <span class='ocrx_word' id='word_1_568' title='bbox 268 4029 454 4104; x_wconf 91' lang='lat' dir='ltr'><strong>Propositum</strong></span> <span class='ocrx_word' id='word_1_569' title='bbox 469 4034 555 4086; x_wconf 87' lang='lat' dir='ltr'><strong>tuum</strong></span> <span class='ocrx_word' id='word_1_570' title='bbox 567 4030 727 4103; x_wconf 88' lang='lat' dir='ltr'><strong>speculare,</strong></span> <span class='ocrx_word' id='word_1_571' title='bbox 740 4030 873 4086; x_wconf 87' lang='lat' dir='ltr'><strong>habitum</strong></span> <span class='ocrx_word' id='word_1_572' title='bbox 885 4036 940 4087; x_wconf 81' lang='lat' dir='ltr'><strong>turo</strong></span> <span class='ocrx_word' id='word_1_573' title='bbox 951 4050 1030 4090; x_wconf 91' lang='lat' dir='ltr'><strong>men-</strong></span> 
     </span>
     <span class='ocr_line' id='line_1_71' title="bbox 204 4118 1029 4193; baseline 0.002 -16"><span class='ocrx_word' id='word_1_574' title='bbox 204 4120 242 4177; x_wconf 88' lang='lat' dir='ltr'><strong>tis</strong></span> <span class='ocrx_word' id='word_1_575' title='bbox 257 4118 529 4193; x_wconf 81' lang='lat' dir='ltr'><strong>explora,encubias</strong></span> <span class='ocrx_word' id='word_1_576' title='bbox 545 4119 669 4175; x_wconf 86' lang='lat' dir='ltr'><strong>obtende</strong></span> <span class='ocrx_word' id='word_1_577' title='bbox 684 4120 838 4176; x_wconf 90' lang='lat' dir='ltr'><strong>adversum</strong></span> <span class='ocrx_word' id='word_1_578' title='bbox 855 4123 962 4179; x_wconf 87' lang='lat' dir='ltr'><strong>mentis</strong></span> <span class='ocrx_word' id='word_1_579' title='bbox 972 4127 1029 4179; x_wconf 83' lang='lat' dir='ltr'><strong>tue</strong></span> 
     </span>
     <span class='ocr_line' id='line_1_72' title="bbox 204 4207 1910 4285; baseline -0.001 -18"><span class='ocrx_word' id='word_1_580' title='bbox 204 4208 408 4285; x_wconf 83' lang='lat' dir='ltr'><strong>cogitationes,</strong></span> <span class='ocrx_word' id='word_1_581' title='bbox 425 4212 453 4265; x_wconf 91' lang='lat' dir='ltr'><strong>ct</strong></span> <span class='ocrx_word' id='word_1_582' title='bbox 468 4207 558 4265; x_wconf 87' lang='lat' dir='ltr'><strong>animi</strong></span> <span class='ocrx_word' id='word_1_583' title='bbox 578 4208 763 4281; x_wconf 85' lang='lat' dir='ltr'><strong>cupiditates.</strong></span> <span class='ocrx_word' id='word_1_584' title='bbox 778 4210 821 4265; x_wconf 84' lang='lat' dir='ltr'><strong>Tu</strong></span> <span class='ocrx_word' id='word_1_585' title='bbox 842 4208 905 4282; x_wconf 90' lang='lat' dir='ltr'><strong>ipso</strong></span> <span class='ocrx_word' id='word_1_586' title='bbox 929 4211 981 4267; x_wconf 88' lang='lat' dir='ltr'><strong>tibi</strong></span> <span class='ocrx_word' id='word_1_587' title='bbox 998 4229 1029 4271; x_wconf 88' lang='lat' dir='ltr'><strong>es</strong></span> <span class='ocrx_word' id='word_1_588' title='bbox 1084 4210 1520 4281; x_wconf 84' lang='lat' dir='ltr'><strong>extenditur,quemadmodum</strong></span> <span class='ocrx_word' id='word_1_589' title='bbox 1532 4225 1622 4282; x_wconf 89' lang='lat' dir='ltr'><strong>supra</strong></span> <span class='ocrx_word' id='word_1_590' title='bbox 1633 4208 1910 4267; x_wconf 80' lang='lat' dir='ltr'><strong>demonstravimus.</strong></span> 
     </span>
     <span class='ocr_line' id='line_1_73' title="bbox 204 4297 1910 4373; baseline 0 -18"><span class='ocrx_word' id='word_1_591' title='bbox 204 4314 292 4355; x_wconf 85' lang='lat' dir='ltr'><strong>causa</strong></span> <span class='ocrx_word' id='word_1_592' title='bbox 302 4297 554 4371; x_wconf 88' lang='lat' dir='ltr'><strong>improbitatis,iu</strong></span> <span class='ocrx_word' id='word_1_593' title='bbox 567 4297 629 4371; x_wconf 90' lang='lat' dir='ltr'><strong>ipse</strong></span> <span class='ocrx_word' id='word_1_594' title='bbox 640 4297 698 4353; x_wconf 85' lang='lat' dir='ltr'><strong>dux</strong></span> <span class='ocrx_word' id='word_1_595' title='bbox 709 4297 887 4370; x_wconf 86' lang='lat' dir='ltr'><strong>flagitiorum</strong></span> <span class='ocrx_word' id='word_1_596' title='bbox 898 4302 1029 4373; x_wconf 90' lang='lat' dir='ltr'><strong>tuorum,</strong></span> <span class='ocrx_word' id='word_1_597' title='bbox 1083 4298 1144 4354; x_wconf 90' lang='lat' dir='ltr'><strong>Nou</strong></span> <span class='ocrx_word' id='word_1_598' title='bbox 1164 4316 1232 4372; x_wconf 89' lang='lat' dir='ltr'><strong>crgo</strong></span> <span class='ocrx_word' id='word_1_599' title='bbox 1261 4297 1434 4372; x_wconf 89' lang='lat' dir='ltr'><strong>principalis</strong></span> <span class='ocrx_word' id='word_1_600' title='bbox 1459 4303 1521 4355; x_wconf 87' lang='lat' dir='ltr'><strong>erat</strong></span> <span class='ocrx_word' id='word_1_601' title='bbox 1549 4298 1705 4357; x_wconf 89' lang='lat' dir='ltr'><strong>tenebrosa</strong></span> <span class='ocrx_word' id='word_1_602' title='bbox 1727 4299 1910 4369; x_wconf 83' lang='lat' dir='ltr'><strong>substantia;</strong></span> 
     </span>
     <span class='ocr_line' id='line_1_74' title="bbox 203 4386 1910 4461; baseline -0.001 -17"><span class='ocrx_word' id='word_1_603' title='bbox 203 4386 437 4459; x_wconf 82' lang='lat' dir='ltr'><strong>alqueiueentor</strong></span> <span class='ocrx_word' id='word_1_604' title='bbox 461 4386 629 4443; x_wconf 86' lang='lat' dir='ltr'><strong>eriminum.</strong></span> <span class='ocrx_word' id='word_1_605' title='bbox 643 4386 716 4451; x_wconf 82' lang='lat' dir='ltr'><strong>Quid</strong></span> <span class='ocrx_word' id='word_1_606' title='bbox 742 4386 866 4443; x_wconf 88' lang='lat' dir='ltr'><strong>alienam</strong></span> <span class='ocrx_word' id='word_1_607' title='bbox 891 4394 1027 4446; x_wconf 91' lang='lat' dir='ltr'><strong>naturam</strong></span> <span class='ocrx_word' id='word_1_608' title='bbox 1083 4388 1133 4444; x_wconf 86' lang='lat' dir='ltr'><strong>sed</strong></span> <span class='ocrx_word' id='word_1_609' title='bbox 1150 4389 1233 4459; x_wconf 87' lang='lat' dir='ltr'><strong>quasi</strong></span> <span class='ocrx_word' id='word_1_610' title='bbox 1251 4388 1354 4444; x_wconf 91' lang='lat' dir='ltr'><strong>ambra</strong></span> <span class='ocrx_word' id='word_1_611' title='bbox 1380 4392 1481 4443; x_wconf 89' lang='lat' dir='ltr'><strong>secuta</strong></span> <span class='ocrx_word' id='word_1_612' title='bbox 1496 4389 1541 4443; x_wconf 88' lang='lat' dir='ltr'><strong>est</strong></span> <span class='ocrx_word' id='word_1_613' title='bbox 1560 4388 1664 4443; x_wconf 93' lang='lat' dir='ltr'><strong>muudi</strong></span> <span class='ocrx_word' id='word_1_614' title='bbox 1686 4403 1792 4460; x_wconf 90' lang='lat' dir='ltr'><strong>corpus</strong></span> <span class='ocrx_word' id='word_1_615' title='bbox 1817 4387 1910 4461; x_wconf 88' lang='lat' dir='ltr'><strong>caligo</strong></span> 
     </span>
     <span class='ocr_line' id='line_1_75' title="bbox 203 4474 1910 4549; baseline -0.001 -16"><span class='ocrx_word' id='word_1_616' title='bbox 203 4475 328 4533; x_wconf 88' lang='lat' dir='ltr'><strong>arcessis</strong></span> <span class='ocrx_word' id='word_1_617' title='bbox 340 4476 376 4532; x_wconf 89' lang='lat' dir='ltr'><strong>ad</strong></span> <span class='ocrx_word' id='word_1_618' title='bbox 392 4477 610 4533; x_wconf 86' lang='lat' dir='ltr'><strong>excusationem</strong></span> <span class='ocrx_word' id='word_1_619' title='bbox 625 4483 742 4531; x_wconf 87' lang='lat' dir='ltr'><strong>luorum</strong></span> <span class='ocrx_word' id='word_1_620' title='bbox 759 4474 893 4548; x_wconf 85' lang='lat' dir='ltr'><strong>lapsum?</strong></span> <span class='ocrx_word' id='word_1_621' title='bbox 908 4477 1024 4535; x_wconf 89' lang='lat' dir='ltr'><strong>Utinam</strong></span> <span class='ocrx_word' id='word_1_622' title='bbox 1084 4478 1280 4533; x_wconf 86' lang='lat' dir='ltr'><strong>tenebrarum.</strong></span> <span class='ocrx_word' id='word_1_623' title='bbox 1298 4476 1400 4549; x_wconf 87' lang='lat' dir='ltr'><strong>ltaque</strong></span> <span class='ocrx_word' id='word_1_624' title='bbox 1424 4480 1571 4531; x_wconf 89' lang='lat' dir='ltr'><strong>momento</strong></span> <span class='ocrx_word' id='word_1_625' title='bbox 1592 4475 1695 4531; x_wconf 83' lang='lat' dir='ltr'><strong>divine</strong></span> <span class='ocrx_word' id='word_1_626' title='bbox 1709 4475 1910 4548; x_wconf 80' lang='lat' dir='ltr'><strong>preceptionis</strong></span> 
     </span>
     <span class='ocr_line' id='line_1_76' title="bbox 201 4562 1912 4655; baseline -0.001 -33"><span class='ocrx_word' id='word_1_627' title='bbox 201 4570 230 4622; x_wconf 89' lang='lat' dir='ltr'><strong>te</strong></span> <span class='ocrx_word' id='word_1_628' title='bbox 245 4564 308 4637; x_wconf 91' lang='lat' dir='ltr'><strong>ipsc</strong></span> <span class='ocrx_word' id='word_1_629' title='bbox 323 4581 379 4621; x_wconf 92' lang='lat' dir='ltr'><strong>aon</strong></span> <span class='ocrx_word' id='word_1_630' title='bbox 405 4564 581 4638; x_wconf 88' lang='lat' dir='ltr'><strong>impelleres,</strong></span> <span class='ocrx_word' id='word_1_631' title='bbox 596 4564 709 4621; x_wconf 91' lang='lat' dir='ltr'><strong>utinam</strong></span> <span class='ocrx_word' id='word_1_632' title='bbox 734 4581 791 4621; x_wconf 93' lang='lat' dir='ltr'><strong>non</strong></span> <span class='ocrx_word' id='word_1_633' title='bbox 817 4566 1031 4655; x_wconf 53' lang='lat' dir='ltr'><strong>praecipitares,</strong></span> <span class='ocrx_word' id='word_1_634' title='bbox 1050 4566 1219 4653; x_wconf 75' lang='lat' dir='ltr'><strong>Dmundus</strong></span> <span class='ocrx_word' id='word_1_635' title='bbox 1242 4581 1410 4637; x_wconf 88' lang='lat' dir='ltr'><strong>assurgens,</strong></span> <span class='ocrx_word' id='word_1_636' title='bbox 1427 4565 1505 4620; x_wconf 91' lang='lat' dir='ltr'><strong>intra</strong></span> <span class='ocrx_word' id='word_1_637' title='bbox 1519 4580 1551 4620; x_wconf 94' lang='lat' dir='ltr'><strong>se</strong></span> <span class='ocrx_word' id='word_1_638' title='bbox 1564 4562 1685 4620; x_wconf 89' lang='lat' dir='ltr'><strong>inclusit</strong></span> <span class='ocrx_word' id='word_1_639' title='bbox 1710 4564 1861 4634; x_wconf 89' lang='lat' dir='ltr'><strong>umbram;</strong></span> <span class='ocrx_word' id='word_1_640' title='bbox 1879 4568 1912 4621; x_wconf 92' lang='lat' dir='ltr'><strong>ut</strong></span> 
     </span>
     <span class='ocr_line' id='line_1_77' title="bbox 202 4652 1911 4728; baseline -0.002 -17"><span class='ocrx_word' id='word_1_641' title='bbox 202 4654 315 4711; x_wconf 88' lang='lat' dir='ltr'><strong>utinam</strong></span> <span class='ocrx_word' id='word_1_642' title='bbox 332 4669 390 4711; x_wconf 92' lang='lat' dir='ltr'><strong>non</strong></span> <span class='ocrx_word' id='word_1_643' title='bbox 405 4652 566 4709; x_wconf 77' lang='lat' dir='ltr'><strong>involucres</strong></span> <span class='ocrx_word' id='word_1_644' title='bbox 588 4658 640 4710; x_wconf 91' lang='lat' dir='ltr'><strong>aut</strong></span> <span class='ocrx_word' id='word_1_645' title='bbox 660 4653 765 4709; x_wconf 86' lang='lat' dir='ltr'><strong>studiis</strong></span> <span class='ocrx_word' id='word_1_646' title='bbox 781 4653 1029 4712; x_wconf 88' lang='lat' dir='ltr'><strong>immoderatiori-</strong></span> <span class='ocrx_word' id='word_1_647' title='bbox 1088 4653 1112 4710; x_wconf 88' lang='lat' dir='ltr'><strong>si</strong></span> <span class='ocrx_word' id='word_1_648' title='bbox 1128 4654 1194 4728; x_wconf 91' lang='lat' dir='ltr'><strong>quis</strong></span> <span class='ocrx_word' id='word_1_649' title='bbox 1208 4654 1239 4709; x_wconf 92' lang='lat' dir='ltr'><strong>in</strong></span> <span class='ocrx_word' id='word_1_650' title='bbox 1255 4653 1349 4726; x_wconf 80' lang='lat' dir='ltr'><strong>campi</strong></span> <span class='ocrx_word' id='word_1_651' title='bbox 1365 4654 1471 4722; x_wconf 91' lang='lat' dir='ltr'><strong>medio,</strong></span> <span class='ocrx_word' id='word_1_652' title='bbox 1488 4669 1575 4725; x_wconf 90' lang='lat' dir='ltr'><strong>quem</strong></span> <span class='ocrx_word' id='word_1_653' title='bbox 1592 4652 1635 4709; x_wconf 91' lang='lat' dir='ltr'><strong>sol</strong></span> <span class='ocrx_word' id='word_1_654' title='bbox 1650 4652 1831 4709; x_wconf 89' lang='lat' dir='ltr'><strong>meridianus</strong></span> <span class='ocrx_word' id='word_1_655' title='bbox 1845 4652 1911 4708; x_wconf 92' lang='lat' dir='ltr'><strong>illu·</strong></span> 
     </span>
     <span class='ocr_line' id='line_1_78' title="bbox 200 4740 1910 4816; baseline -0.001 -17"><span class='ocrx_word' id='word_1_656' title='bbox 200 4742 270 4811; x_wconf 90' lang='lat' dir='ltr'><strong>bus,</strong></span> <span class='ocrx_word' id='word_1_657' title='bbox 286 4746 337 4799; x_wconf 91' lang='lat' dir='ltr'><strong>aut</strong></span> <span class='ocrx_word' id='word_1_658' title='bbox 360 4740 570 4816; x_wconf 84' lang='lat' dir='ltr'><strong>indignatione,</strong></span> <span class='ocrx_word' id='word_1_659' title='bbox 585 4746 636 4797; x_wconf 87' lang='lat' dir='ltr'><strong>aut</strong></span> <span class='ocrx_word' id='word_1_660' title='bbox 651 4742 871 4815; x_wconf 85' lang='lat' dir='ltr'><strong>cupiditatibus,</strong></span> <span class='ocrx_word' id='word_1_661' title='bbox 887 4760 949 4815; x_wconf 77' lang='lat' dir='ltr'><strong>quac</strong></span> <span class='ocrx_word' id='word_1_662' title='bbox 974 4761 1027 4801; x_wconf 88' lang='lat' dir='ltr'><strong>nos</strong></span> <span class='ocrx_word' id='word_1_663' title='bbox 1083 4742 1186 4811; x_wconf 88' lang='lat' dir='ltr'><strong>minat,</strong></span> <span class='ocrx_word' id='word_1_664' title='bbox 1200 4742 1296 4799; x_wconf 91' lang='lat' dir='ltr'><strong>locum</strong></span> <span class='ocrx_word' id='word_1_665' title='bbox 1320 4742 1446 4815; x_wconf 89' lang='lat' dir='ltr'><strong>aliquem</strong></span> <span class='ocrx_word' id='word_1_666' title='bbox 1464 4746 1583 4814; x_wconf 88' lang='lat' dir='ltr'><strong>repenle</strong></span> <span class='ocrx_word' id='word_1_667' title='bbox 1598 4742 1741 4815; x_wconf 89' lang='lat' dir='ltr'><strong>obsepiat,</strong></span> <span class='ocrx_word' id='word_1_668' title='bbox 1757 4746 1786 4798; x_wconf 91' lang='lat' dir='ltr'><strong>et</strong></span> <span class='ocrx_word' id='word_1_669' title='bbox 1810 4742 1910 4798; x_wconf 88' lang='lat' dir='ltr'><strong>densis</strong></span> 
     </span>
    </p>
   </div>
   <div class='ocr_carea' id='block_1_13' title="bbox 1085 4030 1913 4194">
    <p class='ocr_par' dir='ltr' id='par_1_13' title="bbox 1085 4030 1913 4194">
     <span class='ocr_line' id='line_1_79' title="bbox 1086 4030 1911 4105; baseline -0.001 -17"><span class='ocrx_word' id='word_1_670' title='bbox 1086 4049 1142 4101; x_wconf 91' lang='lat' dir='ltr'><strong>mc,</strong></span> <span class='ocrx_word' id='word_1_671' title='bbox 1163 4050 1227 4105; x_wconf 81' lang='lat' dir='ltr'><strong>que</strong></span> <span class='ocrx_word' id='word_1_672' title='bbox 1253 4032 1367 4100; x_wconf 88' lang='lat' dir='ltr'><strong>operire</strong></span> <span class='ocrx_word' id='word_1_673' title='bbox 1390 4037 1478 4104; x_wconf 89' lang='lat' dir='ltr'><strong>atque</strong></span> <span class='ocrx_word' id='word_1_674' title='bbox 1502 4030 1652 4089; x_wconf 90' lang='lat' dir='ltr'><strong>includere</strong></span> <span class='ocrx_word' id='word_1_675' title='bbox 1675 4032 1798 4088; x_wconf 81' lang='lat' dir='ltr'><strong>videtur.</strong></span> <span class='ocrx_word' id='word_1_676' title='bbox 1816 4031 1911 4089; x_wconf 89' lang='lat' dir='ltr'><strong>luciu-</strong></span> 
     </span>
     <span class='ocr_line' id='line_1_80' title="bbox 1085 4118 1913 4194; baseline 0 -17"><span class='ocrx_word' id='word_1_677' title='bbox 1085 4121 1128 4177; x_wconf 91' lang='lat' dir='ltr'><strong>dit</strong></span> <span class='ocrx_word' id='word_1_678' title='bbox 1142 4125 1239 4177; x_wconf 87' lang='lat' dir='ltr'><strong>aulem</strong></span> <span class='ocrx_word' id='word_1_679' title='bbox 1266 4118 1330 4176; x_wconf 86' lang='lat' dir='ltr'><strong>eoeli</strong></span> <span class='ocrx_word' id='word_1_680' title='bbox 1360 4120 1456 4193; x_wconf 92' lang='lat' dir='ltr'><strong>polus,</strong></span> <span class='ocrx_word' id='word_1_681' title='bbox 1474 4119 1664 4194; x_wconf 84' lang='lat' dir='ltr'><strong>quiaccelum</strong></span> <span class='ocrx_word' id='word_1_682' title='bbox 1692 4120 1769 4177; x_wconf 86' lang='lat' dir='ltr'><strong>sicat</strong></span> <span class='ocrx_word' id='word_1_683' title='bbox 1797 4137 1913 4177; x_wconf 84' lang='lat' dir='ltr'><strong>camera</strong></span> 
     </span>
    </p>
   </div>
   <div class='ocr_carea' id='block_1_14' title="bbox 198 4830 1029 5350">
    <p class='ocr_par' dir='ltr' id='par_1_14' title="bbox 198 4830 1029 5350">
     <span class='ocr_line' id='line_1_81' title="bbox 198 4830 1028 4903; baseline 0 -15"><span class='ocrx_word' id='word_1_684' title='bbox 198 4832 322 4889; x_wconf 83' lang='lat' dir='ltr'><strong>innexos</strong></span> <span class='ocrx_word' id='word_1_685' title='bbox 337 4830 416 4889; x_wconf 90' lang='lat' dir='ltr'><strong>velut</strong></span> <span class='ocrx_word' id='word_1_686' title='bbox 439 4830 617 4903; x_wconf 87' lang='lat' dir='ltr'><strong>quibusdam</strong></span> <span class='ocrx_word' id='word_1_687' title='bbox 642 4832 754 4887; x_wconf 88' lang='lat' dir='ltr'><strong>retibus</strong></span> <span class='ocrx_word' id='word_1_688' title='bbox 770 4834 878 4887; x_wconf 86' lang='lat' dir='ltr'><strong>tenent.</strong></span> <span class='ocrx_word' id='word_1_689' title='bbox 894 4832 928 4886; x_wconf 82' lang='lat' dir='ltr'><strong>ut</strong></span> <span class='ocrx_word' id='word_1_690' title='bbox 951 4838 1028 4888; x_wconf 88' lang='lat' dir='ltr'><strong>certe</strong></span> 
     </span>
     <span class='ocr_line' id='line_1_82' title="bbox 198 4918 1026 4991; baseline -0.002 -12"><span class='ocrx_word' id='word_1_691' title='bbox 198 4922 228 4979; x_wconf 92' lang='lat' dir='ltr'><strong>ia</strong></span> <span class='ocrx_word' id='word_1_692' title='bbox 244 4920 329 4979; x_wconf 91' lang='lat' dir='ltr'><strong>nobis</strong></span> <span class='ocrx_word' id='word_1_693' title='bbox 345 4924 389 4979; x_wconf 87' lang='lat' dir='ltr'><strong>cst</strong></span> <span class='ocrx_word' id='word_1_694' title='bbox 404 4920 548 4977; x_wconf 87' lang='lat' dir='ltr'><strong>moderari</strong></span> <span class='ocrx_word' id='word_1_695' title='bbox 561 4920 668 4987; x_wconf 87' lang='lat' dir='ltr'><strong>studia,</strong></span> <span class='ocrx_word' id='word_1_696' title='bbox 680 4918 815 4975; x_wconf 87' lang='lat' dir='ltr'><strong>cohibere</strong></span> <span class='ocrx_word' id='word_1_697' title='bbox 831 4920 1026 4991; x_wconf 88' lang='lat' dir='ltr'><strong>iracundiam,</strong></span> 
     </span>
     <span class='ocr_line' id='line_1_83' title="bbox 199 5008 1028 5083; baseline -0.002 -15"><span class='ocrx_word' id='word_1_698' title='bbox 199 5027 330 5069; x_wconf 87' lang='lat' dir='ltr'><strong>coercere</strong></span> <span class='ocrx_word' id='word_1_699' title='bbox 346 5010 522 5083; x_wconf 88' lang='lat' dir='ltr'><strong>cupiditates</strong></span> <span class='ocrx_word' id='word_1_700' title='bbox 538 5027 544 5065; x_wconf 93' lang='lat'>:</span> <span class='ocrx_word' id='word_1_701' title='bbox 561 5010 591 5065; x_wconf 90' lang='lat' dir='ltr'><strong>in</strong></span> <span class='ocrx_word' id='word_1_702' title='bbox 612 5010 697 5065; x_wconf 89' lang='lat' dir='ltr'><strong>nobis</strong></span> <span class='ocrx_word' id='word_1_703' title='bbox 712 5012 756 5064; x_wconf 86' lang='lat' dir='ltr'><strong>est</strong></span> <span class='ocrx_word' id='word_1_704' title='bbox 771 5008 858 5063; x_wconf 89' lang='lat' dir='ltr'><strong>eliam</strong></span> <span class='ocrx_word' id='word_1_705' title='bbox 875 5008 1028 5081; x_wconf 86' lang='lat' dir='ltr'><strong>indulgere</strong></span> 
     </span>
     <span class='ocr_line' id='line_1_84' title="bbox 198 5096 1029 5173; baseline 0 -18"><span class='ocrx_word' id='word_1_706' title='bbox 198 5098 330 5167; x_wconf 77' lang='lat' dir='ltr'><strong>luxuriae,</strong></span> <span class='ocrx_word' id='word_1_707' title='bbox 342 5100 458 5156; x_wconf 88' lang='lat' dir='ltr'><strong>adolere</strong></span> <span class='ocrx_word' id='word_1_708' title='bbox 472 5100 528 5173; x_wconf 88' lang='grc'>(36)</span> <span class='ocrx_word' id='word_1_709' title='bbox 553 5098 699 5165; x_wconf 88' lang='lat' dir='ltr'><strong>libidines,</strong></span> <span class='ocrx_word' id='word_1_710' title='bbox 716 5096 900 5153; x_wconf 85' lang='lat' dir='ltr'><strong>inflammare</strong></span> <span class='ocrx_word' id='word_1_711' title='bbox 916 5097 1029 5155; x_wconf 83' lang='lat' dir='ltr'><strong>iracun.</strong></span> 
     </span>
     <span class='ocr_line' id='line_1_85' title="bbox 200 5186 1027 5257; baseline -0.004 -13"><span class='ocrx_word' id='word_1_712' title='bbox 200 5186 343 5257; x_wconf 89' lang='lat' dir='ltr'><strong>diam,ch</strong></span> <span class='ocrx_word' id='word_1_713' title='bbox 358 5188 553 5244; x_wconf 82' lang='lat' dir='ltr'><strong>inflammanti</strong></span> <span class='ocrx_word' id='word_1_714' title='bbox 569 5204 670 5244; x_wconf 85' lang='lat' dir='ltr'><strong>aurem</strong></span> <span class='ocrx_word' id='word_1_715' title='bbox 686 5186 1027 5255; x_wconf 83' lang='lat' dir='ltr'><strong>accommodaro‚olcvari</strong></span> 
     </span>
     <span class='ocr_line' id='line_1_86' title="bbox 201 5274 1025 5350; baseline -0.002 -17"><span class='ocrx_word' id='word_1_716' title='bbox 201 5276 296 5350; x_wconf 86' lang='lat' dir='ltr'><strong>magis</strong></span> <span class='ocrx_word' id='word_1_717' title='bbox 312 5277 459 5349; x_wconf 86' lang='lat' dir='ltr'><strong>superbia,</strong></span> <span class='ocrx_word' id='word_1_718' title='bbox 473 5276 583 5334; x_wconf 81' lang='lat' dir='ltr'><strong>otiandi</strong></span> <span class='ocrx_word' id='word_1_719' title='bbox 599 5276 628 5330; x_wconf 92' lang='lat' dir='ltr'><strong>in</strong></span> <span class='ocrx_word' id='word_1_720' title='bbox 644 5274 891 5347; x_wconf 73' lang='lat' dir='ltr'><strong>seruiamqmm</strong></span> <span class='ocrx_word' id='word_1_721' title='bbox 907 5276 1025 5347; x_wconf 91' lang='lat' dir='ltr'><strong>reprimi</strong></span> 
     </span>
    </p>
   </div>
   <div class='ocr_carea' id='block_1_15' title="bbox 199 5418 1024 5707">
    <p class='ocr_par' dir='ltr' id='par_1_15' title="bbox 234 5418 842 5491">
     <span class='ocr_line' id='line_1_87' title="bbox 234 5418 842 5491; baseline -0.008 -16"><span class='ocrx_word' id='word_1_722' title='bbox 234 5418 290 5490; x_wconf 85' lang='grc'>(35)</span> <span class='ocrx_word' id='word_1_723' title='bbox 305 5420 381 5475; x_wconf 85' lang='lat' dir='ltr'><strong>lidit.</strong></span> <span class='ocrx_word' id='word_1_724' title='bbox 398 5419 502 5489; x_wconf 78' lang='lat' dir='ltr'><strong>Paris,</strong></span> <span class='ocrx_word' id='word_1_725' title='bbox 516 5420 585 5490; x_wconf 83' lang='lat' dir='ltr'><strong>Quid</strong></span> <span class='ocrx_word' id='word_1_726' title='bbox 600 5420 687 5491; x_wconf 70' lang='lat' dir='ltr'><strong>igilur·</strong></span> <span class='ocrx_word' id='word_1_727' title='bbox 700 5418 842 5475; x_wconf 80' lang='lat' dir='ltr'><strong>deterius?</strong></span> 
     </span>
    </p>

    <p class='ocr_par' dir='ltr' id='par_1_16' title="bbox 199 5490 1024 5635">
     <span class='ocr_line' id='line_1_88' title="bbox 231 5490 1024 5563; baseline -0.004 -16"><span class='ocrx_word' id='word_1_728' title='bbox 231 5490 288 5563; x_wconf 81' lang='grc'>(36)</span> <span class='ocrx_word' id='word_1_729' title='bbox 303 5490 379 5547; x_wconf 80' lang='lat' dir='ltr'><strong>lidit.</strong></span> <span class='ocrx_word' id='word_1_730' title='bbox 396 5492 493 5559; x_wconf 82' lang='lat' dir='ltr'><strong>llam,</strong></span> <span class='ocrx_word' id='word_1_731' title='bbox 511 5491 629 5547; x_wconf 82' lang='lat' dir='ltr'><strong>abolere.</strong></span> <span class='ocrx_word' id='word_1_732' title='bbox 647 5490 772 5561; x_wconf 76' lang='lat' dir='ltr'><strong>italique</strong></span> <span class='ocrx_word' id='word_1_733' title='bbox 788 5492 815 5544; x_wconf 89' lang='lat' dir='ltr'><strong>et</strong></span> <span class='ocrx_word' id='word_1_734' title='bbox 837 5504 941 5543; x_wconf 88' lang='lat' dir='ltr'><strong>omnes</strong></span> <span class='ocrx_word' id='word_1_735' title='bbox 957 5505 1024 5544; x_wconf 89' lang='lat' dir='ltr'><strong>con-</strong></span> 
     </span>
     <span class='ocr_line' id='line_1_89' title="bbox 199 5561 866 5635; baseline -0.007 -16"><span class='ocrx_word' id='word_1_736' title='bbox 199 5561 382 5619; x_wconf 88' lang='lat' dir='ltr'><strong>stantissime</strong></span> <span class='ocrx_word' id='word_1_737' title='bbox 396 5564 500 5635; x_wconf 86' lang='lat' dir='ltr'><strong>legunt</strong></span> <span class='ocrx_word' id='word_1_738' title='bbox 511 5562 630 5631; x_wconf 82' lang='lat' dir='ltr'><strong>adolere,</strong></span> <span class='ocrx_word' id='word_1_739' title='bbox 647 5562 676 5618; x_wconf 90' lang='lat' dir='ltr'><strong>id</strong></span> <span class='ocrx_word' id='word_1_740' title='bbox 692 5566 736 5617; x_wconf 92' lang='lat' dir='ltr'><strong>est</strong></span> <span class='ocrx_word' id='word_1_741' title='bbox 752 5576 866 5633; x_wconf 89' lang='lat' dir='ltr'><strong>augere.</strong></span> 
     </span>
    </p>

    <p class='ocr_par' dir='ltr' id='par_1_17' title="bbox 230 5630 1022 5707">
     <span class='ocr_line' id='line_1_90' title="bbox 230 5630 1022 5707; baseline -0.001 -17"><span class='ocrx_word' id='word_1_742' title='bbox 230 5634 286 5707; x_wconf 88' lang='grc'>(37)</span> <span class='ocrx_word' id='word_1_743' title='bbox 301 5634 394 5692; x_wconf 87' lang='lat' dir='ltr'><strong>Scena</strong></span> <span class='ocrx_word' id='word_1_744' title='bbox 410 5636 493 5692; x_wconf 90' lang='lat' dir='ltr'><strong>locus</strong></span> <span class='ocrx_word' id='word_1_745' title='bbox 504 5638 550 5690; x_wconf 87' lang='lat' dir='ltr'><strong>est</strong></span> <span class='ocrx_word' id='word_1_746' title='bbox 561 5633 651 5690; x_wconf 89' lang='lat' dir='ltr'><strong>ramis</strong></span> <span class='ocrx_word' id='word_1_747' title='bbox 666 5634 802 5689; x_wconf 90' lang='lat' dir='ltr'><strong>arborum</strong></span> <span class='ocrx_word' id='word_1_748' title='bbox 814 5635 921 5701; x_wconf 88' lang='lat' dir='ltr'><strong>tectus,</strong></span> <span class='ocrx_word' id='word_1_749' title='bbox 933 5630 1022 5689; x_wconf 87' lang='lat' dir='ltr'><strong>Mero.</strong></span> 
     </span>
    </p>
   </div>
   <div class='ocr_carea' id='block_1_16' title="bbox 1082 4829 1910 5350">
    <p class='ocr_par' dir='ltr' id='par_1_18' title="bbox 1082 4829 1910 5350">
     <span class='ocr_line' id='line_1_91' title="bbox 1085 4829 1910 4903; baseline -0.002 -16"><span class='ocrx_word' id='word_1_750' title='bbox 1085 4848 1233 4888; x_wconf 90' lang='lat' dir='ltr'><strong>ramorum</strong></span> <span class='ocrx_word' id='word_1_751' title='bbox 1258 4831 1411 4886; x_wconf 84' lang='lat' dir='ltr'><strong>troadibus</strong></span> <span class='ocrx_word' id='word_1_752' title='bbox 1430 4832 1519 4902; x_wconf 87' lang='lat' dir='ltr'><strong>tegat,</strong></span> <span class='ocrx_word' id='word_1_753' title='bbox 1535 4846 1632 4887; x_wconf 91' lang='lat' dir='ltr'><strong>nonne</strong></span> <span class='ocrx_word' id='word_1_754' title='bbox 1647 4847 1706 4902; x_wconf 93' lang='lat' dir='ltr'><strong>quo</strong></span> <span class='ocrx_word' id='word_1_755' title='bbox 1728 4829 1910 4903; x_wconf 88' lang='lat' dir='ltr'><strong>splendidior</strong></span> 
     </span>
     <span class='ocr_line' id='line_1_92' title="bbox 1084 4918 1908 4993; baseline 0.001 -18"><span class='ocrx_word' id='word_1_756' title='bbox 1084 4921 1154 4976; x_wconf 87' lang='lat' dir='ltr'><strong>loris</strong></span> <span class='ocrx_word' id='word_1_757' title='bbox 1169 4918 1350 4993; x_wconf 85' lang='lat' dir='ltr'><strong>speciosiori</strong></span> <span class='ocrx_word' id='word_1_758' title='bbox 1374 4920 1439 4989; x_wconf 88' lang='lat' dir='ltr'><strong>ejus</strong></span> <span class='ocrx_word' id='word_1_759' title='bbox 1462 4918 1608 4992; x_wconf 81' lang='lat' dir='ltr'><strong>effulgeat,</strong></span> <span class='ocrx_word' id='word_1_760' title='bbox 1624 4919 1678 4975; x_wconf 89' lang='lat' dir='ltr'><strong>hec</strong></span> <span class='ocrx_word' id='word_1_761' title='bbox 1701 4919 1833 4976; x_wconf 89' lang='lat' dir='ltr'><strong>horrenti</strong></span> <span class='ocrx_word' id='word_1_762' title='bbox 1857 4920 1908 4976; x_wconf 85' lang='lat' dir='ltr'><strong>de·</strong></span> 
     </span>
     <span class='ocr_line' id='line_1_93' title="bbox 1084 5006 1908 5082; baseline 0 -19"><span class='ocrx_word' id='word_1_763' title='bbox 1084 5025 1173 5082; x_wconf 88' lang='lat' dir='ltr'><strong>super</strong></span> <span class='ocrx_word' id='word_1_764' title='bbox 1187 5024 1274 5063; x_wconf 89' lang='lat' dir='ltr'><strong>scena</strong></span> <span class='ocrx_word' id='word_1_765' title='bbox 1286 5007 1342 5078; x_wconf 86' lang='grc'>(37)</span> <span class='ocrx_word' id='word_1_766' title='bbox 1353 5007 1540 5080; x_wconf 85' lang='lat' dir='ltr'><strong>gurgustium</strong></span> <span class='ocrx_word' id='word_1_767' title='bbox 1556 5006 1621 5078; x_wconf 87' lang='lat' dir='ltr'><strong>ejus</strong></span> <span class='ocrx_word' id='word_1_768' title='bbox 1648 5007 1729 5063; x_wconf 89' lang='lat' dir='ltr'><strong>iulus</strong></span> <span class='ocrx_word' id='word_1_769' title='bbox 1753 5006 1908 5063; x_wconf 86' lang='lat' dir='ltr'><strong>obscurius</strong></span> 
     </span>
     <span class='ocr_line' id='line_1_94' title="bbox 1083 5094 1909 5170; baseline 0.001 -18"><span class='ocrx_word' id='word_1_770' title='bbox 1083 5098 1138 5153; x_wconf 79' lang='lat' dir='ltr'><strong>uti</strong></span> <span class='ocrx_word' id='word_1_771' title='bbox 1160 5098 1218 5152; x_wconf 77' lang='lat' dir='ltr'><strong>Aut</strong></span> <span class='ocrx_word' id='word_1_772' title='bbox 1245 5096 1323 5152; x_wconf 92' lang='lat' dir='ltr'><strong>unde</strong></span> <span class='ocrx_word' id='word_1_773' title='bbox 1350 5101 1479 5164; x_wconf 88' lang='lat' dir='ltr'><strong>autrum,</strong></span> <span class='ocrx_word' id='word_1_774' title='bbox 1504 5094 1639 5153; x_wconf 88' lang='lat' dir='ltr'><strong>clausum</strong></span> <span class='ocrx_word' id='word_1_775' title='bbox 1664 5095 1795 5170; x_wconf 87' lang='lat' dir='ltr'><strong>undique</strong></span> <span class='ocrx_word' id='word_1_776' title='bbox 1817 5096 1909 5169; x_wconf 88' lang='lat' dir='ltr'><strong>bajus</strong></span> 
     </span>
     <span class='ocr_line' id='line_1_95' title="bbox 1082 5184 1909 5259; baseline 0.001 -18"><span class='ocrx_word' id='word_1_777' title='bbox 1082 5185 1161 5242; x_wconf 90' lang='lat' dir='ltr'><strong>modi</strong></span> <span class='ocrx_word' id='word_1_778' title='bbox 1177 5184 1273 5240; x_wconf 91' lang='lat' dir='ltr'><strong>locum</strong></span> <span class='ocrx_word' id='word_1_779' title='bbox 1297 5190 1448 5252; x_wconf 88' lang='lat' dir='ltr'><strong>vocarunt,</strong></span> <span class='ocrx_word' id='word_1_780' title='bbox 1464 5185 1521 5241; x_wconf 92' lang='lat' dir='ltr'><strong>nisi</strong></span> <span class='ocrx_word' id='word_1_781' title='bbox 1538 5186 1615 5259; x_wconf 93' lang='lat' dir='ltr'><strong>quod</strong></span> <span class='ocrx_word' id='word_1_782' title='bbox 1641 5187 1703 5243; x_wconf 89' lang='lat' dir='ltr'><strong>etro</strong></span> <span class='ocrx_word' id='word_1_783' title='bbox 1727 5184 1909 5242; x_wconf 90' lang='lat' dir='ltr'><strong>inhorrescat</strong></span> 
     </span>
     <span class='ocr_line' id='line_1_96' title="bbox 1083 5274 1908 5350; baseline 0.001 -20"><span class='ocrx_word' id='word_1_784' title='bbox 1083 5276 1140 5330; x_wconf 90' lang='lat' dir='ltr'><strong>situ</strong></span> <span class='ocrx_word' id='word_1_785' title='bbox 1156 5278 1244 5346; x_wconf 88' lang='lat' dir='ltr'><strong>atquc</strong></span> <span class='ocrx_word' id='word_1_786' title='bbox 1259 5274 1403 5331; x_wconf 83' lang='lat' dir='ltr'><strong>allusione</strong></span> <span class='ocrx_word' id='word_1_787' title='bbox 1422 5275 1630 5332; x_wconf 78' lang='lat' dir='ltr'><strong>tenebrarum?</strong></span> <span class='ocrx_word' id='word_1_788' title='bbox 1646 5275 1709 5332; x_wconf 84' lang='lat' dir='ltr'><strong>Iste</strong></span> <span class='ocrx_word' id='word_1_789' title='bbox 1735 5291 1803 5350; x_wconf 87' lang='lat' dir='ltr'><strong>ergo</strong></span> <span class='ocrx_word' id='word_1_790' title='bbox 1826 5278 1908 5332; x_wconf 90' lang='lat' dir='ltr'><strong>tene·</strong></span> 
     </span>
    </p>
   </div>
   <div class='ocr_carea' id='block_1_17' title="bbox 1083 5415 1893 5586">
    <p class='ocr_par' dir='ltr' id='par_1_19' title="bbox 1083 5415 1893 5586">
     <span class='ocr_line' id='line_1_97' title="bbox 1083 5415 1234 5472; baseline 0 -1"><span class='ocrx_word' id='word_1_791' title='bbox 1083 5415 1103 5472; x_wconf 93' lang='lat' dir='ltr'><strong>l.</strong></span> <span class='ocrx_word' id='word_1_792' title='bbox 1120 5415 1208 5471; x_wconf 81' lang='lat' dir='ltr'><strong>1AEn.</strong></span> <span class='ocrx_word' id='word_1_793' title='bbox 1228 5435 1234 5472; x_wconf 76' lang='grc' dir='ltr'><strong>ε</strong></span> 
     </span>
     <span class='ocr_line' id='line_1_98' title="bbox 1511 5519 1893 5586; baseline -0.002 -12.122"><span class='ocrx_word' id='word_1_794' title='bbox 1511 5527 1569 5574; x_wconf 89' lang='lat' dir='ltr'><strong>tum</strong></span> <span class='ocrx_word' id='word_1_795' title='bbox 1583 5519 1667 5586; x_wconf 80' lang='lat' dir='ltr'><strong>sylvis</strong></span> <span class='ocrx_word' id='word_1_796' title='bbox 1681 5535 1762 5575; x_wconf 84' lang='lat' dir='ltr'><strong>scena</strong></span> <span class='ocrx_word' id='word_1_797' title='bbox 1776 5524 1893 5575; x_wconf 83' lang='lat' dir='ltr'><strong>coruscis</strong></span> 
     </span>
    </p>
   </div>
   <div class='ocr_carea' id='block_1_18' title="bbox 1080 5585 1865 5652">
    <p class='ocr_par' dir='ltr' id='par_1_20' title="bbox 1080 5585 1865 5652">
     <span class='ocr_line' id='line_1_99' title="bbox 1080 5585 1865 5652; baseline -0.001 -15"><span class='ocrx_word' id='word_1_798' title='bbox 1080 5587 1207 5650; x_wconf 82' lang='lat' dir='ltr'><strong>Desuper,</strong></span> <span class='ocrx_word' id='word_1_799' title='bbox 1223 5586 1399 5652; x_wconf 86' lang='lat' dir='ltr'><strong>horrentique</strong></span> <span class='ocrx_word' id='word_1_800' title='bbox 1412 5590 1501 5639; x_wconf 89' lang='lat' dir='ltr'><strong>atrum</strong></span> <span class='ocrx_word' id='word_1_801' title='bbox 1516 5598 1613 5637; x_wconf 86' lang='lat' dir='ltr'><strong>nemus</strong></span> <span class='ocrx_word' id='word_1_802' title='bbox 1625 5585 1748 5638; x_wconf 87' lang='lat' dir='ltr'><strong>imminet</strong></span> <span class='ocrx_word' id='word_1_803' title='bbox 1761 5586 1865 5639; x_wconf 87' lang='lat' dir='ltr'><strong>umbra.</strong></span> 
     </span>
    </p>
   </div>
   <div class='ocr_carea' id='block_1_19' title="bbox 0 0 2084 6180">
    <p class='ocr_par' dir='ltr' id='par_1_21' title="bbox 0 0 2084 6180">
     <span class='ocr_line' id='line_1_100' title="bbox 0 0 2084 6180; baseline 0 0"><span class='ocrx_word' id='word_1_804' title='bbox 0 0 2084 6180; x_wconf 95' lang='lat' dir='ltr'><strong> </strong></span> 
     </span>
    </p>
   </div>
  </div>
 </body>
</html>
