4159 6184
270 262 329 323 stt
496 286 503 295 ·
1003 252 1036 315 S.
1057 251 1244 318 tussoslt
1888 265 1938 324 sta

273 396 394 449 verteret
408 392 438 447 in
454 405 540 448 carne
556 404 586 447 se
601 390 717 447 Christo
732 388 834 443 adesse
850 402 908 441 non
925 403 1022 458 posse,
1039 388 1090 442 sed
1106 390 1133 455 Α
1149 390 1203 444 bus
1220 388 1291 444 sorte
1311 388 1515 460 pertransitur,
1540 388 1590 444 ubi
1612 392 1750 463 tanquam
1778 391 1938 463 signaculum

272 487 341 535 trrnc
355 481 469 546 edesse,
486 479 509 535 si
526 478 643 535 adesset
666 478 696 533 iu
718 476 835 549 spiritu,
858 475 1048 531 conformans
1064 492 1094 532 se
1149 478 1268 549 ponitur
1282 478 1312 532 in
1330 476 1426 532 medio
1441 477 1663 549 ejusDominus
1676 478 1769 535 Jesus.

271 569 306 624 ad
322 569 387 639 ejus
400 566 592 634 voluntatem,
602 571 722 623 utesset
732 570 761 621 et
775 564 840 636 ipsa
852 564 1012 619 conformis
1024 564 1095 619 ima·
1183 567 1228 622 at.
1243 564 1373 638 Denique
1388 565 1489 621 statim
1503 564 1579 622 alius
1607 567 1754 640 proiectus
1773 568 1851 625 Verbi
1865 574 1944 628 trana-

270 654 330 727 gini
346 655 466 721 Christi,
478 656 541 728 jam
558 670 614 710 non
631 654 719 710 sentit
740 653 837 708 carnis
864 651 1016 717 exuvias,·t
1029 653 1093 723 jam
1149 654 1258 722 euntis,
1275 654 1346 726 quia
1360 654 1447 709 exirit
1462 653 1562 710 anima
1577 655 1606 710 in
1623 655 1710 711 verbo
1737 656 1808 727 ejus,
1834 656 1883 713 boc
1898 664 1944 727 est,

271 744 356 817 quasi
371 743 494 817 spiritus
508 744 586 799 exuit
601 757 632 798 se
647 741 777 814 corporis
791 740 1007 811 conjunctione.
1029 743 1094 811 jam
1147 743 1269 798 verbum
1284 743 1348 813 ejus
1371 747 1471 799 secuta
1486 743 1575 802 exivit
1603 743 1639 800 de
1663 759 1790 818 corpora,
1804 744 1909 803 elevans
1920 763 1945 803 se

271 833 468 907 quassabitur,
485 836 514 889 et
528 848 591 903 qum
607 830 633 887 si
648 829 726 899 velit,
748 829 859 902 copulae
883 828 963 885 illius
993 829 1095 885 menri·
1147 832 1185 887 de
1199 831 1264 903 ejus
1275 831 1453 900 habitaculo,
1466 835 1495 887 et
1510 834 1694 905 peregrinam
1709 850 1741 889 se
1755 832 1858 890 iaciens
1871 834 1903 904 ei,
1915 841 1942 889 ut

271 922 350 979 nisse
365 937 421 977 non
438 919 540 992 possit,
552 920 594 974 ait
609 934 616 974 :
634 920 706 974 Euat
719 920 842 973 tunicum
850 932 951 983 meum,
963 916 1094 987 quomodo
1148 920 1265 975 adesset
1280 920 1349 987 Deo,
1366 923 1394 975 et
1408 926 1485 976 esset
1500 920 1572 977 civis
1586 925 1765 976 sauctorum.
1781 921 1869 976 Simul
1879 922 1945 977 anim
2021 971 2024 978 .

270 1010 381 1065 inditam
396 1008 478 1065 eum‘l
494 1008 579 1063 llxuit
593 1008 670 1063 enirn
685 1008 815 1062 tunicam
832 1005 911 1061 illam
929 1004 1091 1077 pelliceam,
1149 1012 1178 1063 et
1192 1009 1288 1063 carnis
1305 1008 1468 1076 domestici,
1484 1012 1513 1064 et
1541 1008 1591 1064 Dei
1621 1025 1685 1065 esse
1711 1026 1768 1065 non
1796 1026 1945 1081 possumus.

269 1114 357 1171 qnam
375 1100 550 1168 acceperunt
564 1098 655 1153 Adam
672 1100 700 1152 et
716 1097 773 1151 Eva
789 1100 854 1167 post
870 1094 997 1166 culpam,
1013 1094 1092 1148 tuni·
1148 1099 1222 1169 Ergo
1238 1096 1266 1151 in
1284 1096 1414 1153 hocloco
1430 1096 1507 1152 exire
1522 1098 1714 1169 significatur,
1727 1102 1759 1153 ut
1773 1098 1840 1161 dixi,
1855 1099 1947 1165 anima,

269 1204 333 1243 cunr
349 1184 531 1257 corruptelis,
548 1186 677 1241 tunicam
699 1186 880 1257 passionum.
899 1183 1032 1251 Quomodo
1048 1184 1091 1235 in·
1148 1186 1266 1257 qnando
1281 1185 1400 1240 abducit
1413 1201 1443 1241 se
1458 1202 1475 1239 a
1489 1186 1619 1258 corporis
1647 1186 1851 1257 voluptatibus.
1875 1185 1947 1242 lieni·

268 1276 351 1331 duum
367 1292 427 1331 eum
442 1275 527 1329 tNon
544 1274 668 1345 requirit
685 1280 716 1328 ut
728 1274 832 1328 induat
848 1289 854 1327 τ
876 1272 925 1328 sed
943 1271 983 1325 ita
998 1270 1092 1342 signi·
1146 1291 1203 1346 que
1214 1274 1357 1345 scripturn
1370 1280 1414 1329 est
1426 1290 1432 1328 :
1444 1276 1499 1329 Eat
1509 1275 1542 1329 de
1555 1276 1704 1345 Babylone,
1725 1277 1858 1346 [udicare
1881 1274 1950 1329 curt·

270 1368 338 1419 licat
356 1364 511 1434 abjectam,
533 1364 640 1429 utjum
664 1362 834 1416 indumento
857 1359 912 1415 sibi
941 1374 1004 1414 esse
1032 1375 1091 1412 non
1146 1362 1546 1434 daeia(lsoi.xr.vur,20).Non
1564 1364 1664 1435 utique
1681 1364 1950 1436 utregionemBaby-

268 1456 377 1525 poseat.
402 1451 658 1522 loripedesmeoa,
676 1450 806 1519 qrromudo
830 1448 979 1521 inquinabo
1007 1447 1093 1501 illos?
1148 1451 1380 1507 lonisHebraeus
1404 1452 1573 1523 fugiat,sed
1603 1456 1636 1505 ut
1663 1467 1769 1519 mores,
1799 1451 1951 1525 prophetico

268 1543 324 1599 boc
338 1545 393 1609 est,
407 1539 539 1611 Vestigia
553 1554 619 1593 mea
630 1538 696 1604 lavi,
715 1538 787 1593 dum
811 1539 972 1610 egrederer,
989 1552 1022 1591 ac
1045 1550 1091 1590 me
1147 1539 1324 1595 admonetur
1334 1539 1462 1611 alloquio
1477 1558 1484 1606 ;
1501 1541 1647 1612 siquidem
1663 1540 1724 1595 sint
1739 1541 1789 1613 qui
1804 1539 1833 1594 in
1848 1539 1952 1611 Babylo-

268 1632 409 1687 elevarem
423 1628 458 1684 de
477 1627 608 1699 corporis
624 1626 825 1695 contubernio,
840 1628 877 1682 de
905 1624 957 1681 illa
984 1638 1091 1679 conns·
1146 1628 1252 1683 assint
1262 1627 1381 1691 hebrai,
1392 1628 1465 1683 etde
1475 1624 1619 1700 Babylone
1633 1628 1728 1683 exisse
1744 1626 1872 1683 moribus
1884 1627 1953 1683 dore

267 1715 926 1788 xioneetfamiliaritecarnalisamplexus(3t),
943 1712 1091 1785 quomodo
1146 1716 1294 1771 antliam
1308 1721 1338 1771 et
1352 1714 1392 1770 illi
1408 1718 1445 1771 de
1459 1716 1568 1787 quibus
1580 1716 1651 1772 dicit
1666 1717 1811 1789 propheta
1824 1716 1897 1789 quod
1916 1732 1954 1770 ae-

268 1807 428 1880 inquinabo
439 1821 483 1873 ea,
500 1810 532 1861 ut
545 1804 574 1860 in
586 1804 714 1876 corporis
730 1805 902 1870 claustrum,
918 1806 947 1857 et
958 1800 1039 1856 illum
1052 1805 1091 1854 te·
1145 1805 1255 1860 debant
1270 1820 1360 1876 super
1375 1805 1500 1860 llumina
1514 1804 1668 1877 Babylonis
1689 1806 1777 1873 (Psal.
1803 1820 1907 1861 cxxxia
1922 1804 1953 1873 ll.

267 1896 425 1953 nebrosum
437 1894 606 1967 passionum
623 1894 687 1964 eJ'us
703 1908 848 1948 carcerem
864 1890 1072 1947 revertantur?
1144 1893 1286 1949 sedebant
1301 1893 1419 1965 quidem
1435 1892 1465 1948 in
1480 1894 1598 1964 regione
1608 1893 1779 1967 Babylonia,
1789 1894 1840 1951 sed
1854 1893 1881 1948 in
1901 1894 1954 1964 ejus

301 1987 346 2041 53.
364 1989 436 2040 Dum
455 1983 514 2039 beo
535 1981 585 2038 illa
599 1982 681 2053 dicit,
698 1982 780 2037 misit
794 1979 991 2053 operationem
1004 1993 1090 2034 suam
1145 1998 1203 2038 non
1219 1987 1302 2039 erant
1315 1982 1395 2038 vitiis
1410 1986 1439 2037 et
1454 1982 1633 2039 contusione.
1644 1983 1720 2039 Nam
1731 1983 1875 2057 quomodo
1885 1985 1956 2037 amnt

266 2074 394 2130 Verbum
417 2076 556 2143 tanquam
577 2086 629 2143 per
651 2086 813 2134 cavernam,
844 2085 901 2124 non
921 2066 1018 2122 adhuc
1047 2067 1089 2121 ia·
1145 2069 1428 2126 inillaconlusione
1447 2068 1593 2136 vitiorum,
1623 2070 1673 2143 qui
1704 2070 1818 2126 flebant
1839 2072 1958 2143 mutae

266 2162 307 2219 cie
324 2160 486 2229 adfaciem,
504 2160 585 2215 misit
608 2164 749 2231 tanquam
771 2174 893 2213 manum
911 2174 917 2212 :
940 2157 973 2211 Et
996 2162 1090 2211 uenter
1146 2159 1348 2231 paenitentiam
1365 2160 1441 2230 quod
1462 2159 1498 2215 de
1513 2171 1580 2215 arca
1595 2158 1773 2226 devotionis,
1801 2176 1835 2215 ac
1850 2158 1958 2229 ssdei,et

266 2249 635 2323 inquit,meuseonturbatu
667 2251 798 2319 estsuper
820 2262 892 2303 euru
917 2247 950 2300 Et
977 2245 1091 2301 sunsei
1145 2246 1263 2302 virtutis
1279 2249 1406 2319 paterna
1421 2246 1534 2302 meritis
1550 2246 1759 2303 excidissent?
1784 2247 1852 2311 Quas
1874 2250 1958 2301 autem

265 2357 311 2411 eqo
327 2341 435 2411 operire
456 2339 543 2409 [ratri
564 2352 633 2393 meo.
660 2337 756 2391 Munus
778 2350 848 2392 utem
875 2335 1087 2390 distillaverunt.
1145 2336 1174 2391 in
1190 2335 1284 2392 Verbo
1300 2334 1359 2391 exit
1369 2335 1478 2400 anima,
1492 2336 1620 2391 Verbum
1631 2336 1769 2408 requirit.

265 2429 418 2500 myrrham,
434 2427 515 2499 diuiti
530 2428 586 2482 mei
605 2426 719 2497 myrrha
739 2426 816 2497 pleni
837 2427 899 2479 sunt
921 2438 1002 2489 super
1029 2437 1088 2476 ma·
1179 2427 1224 2480 55.
1241 2423 1323 2480 Unde
1338 2428 1367 2480 et
1380 2423 1437 2479 ista
1451 2440 1518 2480 cum
1535 2430 1688 2496 quareret,
1703 2424 1812 2481 incidit
1826 2422 1855 2479 in
1877 2428 1960 2479 custu-

265 2518 466 2573 nuactnucurre
488 2515 579 2583 (Cant.
606 2514 719 2586 v,lri).
749 2512 822 2576 Ouid
849 2512 903 2568 hoc
932 2510 1087 2583 significet.
1145 2511 1958 2586 deequicircumeuntcivitatem:Percurremusinquit,

265 2604 494 2661 consideremus.
519 2604 650 2658 Primum
670 2603 808 2674 operibns
824 2600 886 2657 suis
907 2600 1031 2665 videtur,
1057 2600 1091 2652 ut
1143 2618 1197 2666 m,
1212 2610 1238 2659 ιι
1251 2602 1467 2657 vulneraverunt
1479 2617 1532 2668 m,
1560 2601 1684 2657 inurunt
1697 2601 1822 2673 patrium
1835 2615 1901 2655 ama
1921 2614 1960 2653 cu-

266 2695 335 2762 dixi,
358 2694 436 2750 Deus
465 2693 593 2749 Verbum
617 2696 759 2763 tanquam
785 2706 837 2762 per
850 2702 1014 2752 cavernam,
1030 2701 1088 2742 non
1143 2691 1229 2746 stodes
1264 2704 1407 2745 murorum
1443 2689 1543 2760 (Ceut.
1579 2704 1607 2756 v,
1647 2690 1697 2761 7).
1739 2690 1816 2745 Bene
1852 2688 1961 2760 quidem

265 2781 602 2855 pleneatqueperlecte:
619 2778 1089 2849 deindeaugeturamor,etcon·
1144 2776 1499 2850 quasisponsaveniebat
1519 2778 1693 2851 cumpallio
1723 2794 1785 2850 quo
1815 2776 1963 2834 obnuberet

233 2918 237 2925 .
266 2868 537 2943 captusadolescit,
567 2873 654 2939 alque
682 2882 716 2921 ex
742 2863 906 2921 seminibus
937 2864 1001 2935 ejus
1025 2879 1090 2935 quse
1145 2873 1232 2940 caput
1247 2884 1334 2923 suurn
1350 2884 1416 2923 curn
1433 2884 1560 2939 sponsus
1575 2872 1739 2924 ocurreret.
1751 2867 1836 2923 Sicut
1847 2865 1963 2922 Rebecca

266 3043 480 3120 plenitudinem
495 3043 657 3099 divinitatis
672 3044 735 3113 ejus
745 3040 926 3097 habitantem
943 3039 973 3096 in
984 3056 1018 3095 eo
1029 3056 1090 3095 cor·
1145 3044 1259 3101 scandit
1273 3045 1309 3099 de
1324 3043 1445 3112 camelo,
1462 3049 1491 3100 et
1505 3042 1594 3117 pallio
1609 3060 1640 3100 se
1652 3045 1779 3118 operuit
1791 3044 1869 3112 (Gen.
1897 3054 1964 3101 xxiv,

266 3132 412 3207 poraliter,
429 3136 462 3188 ut
484 3131 621 3205 legimus,
643 3130 740 3187 videre
769 3128 922 3187 desiderat.
947 3128 1089 3196 Surrexit,
1104 3119 1126 3187 C
1145 3135 1191 3205 65)
1208 3150 1215 3188 :
1231 3133 1272 3188 ita
1286 3136 1316 3189 et
1329 3132 1390 3188 haec
1405 3131 1504 3189 anima
1519 3132 1660 3205 nuptialis
1673 3133 1770 3191 vestis
1786 3129 1967 3205 proveniebat

266 3230 299 3279 ut
311 3221 448 3296 proprius
463 3220 535 3277 illud
550 3220 600 3277 Dei
619 3219 747 3276 Verbum
776 3219 897 3275 videret.
915 3220 949 3275 at
977 3218 1006 3273 in
1033 3216 1088 3273 hoc
1143 3222 1407 3295 insignia(37),ne
1436 3222 1510 3277 sorte
1537 3219 1722 3293 rejiceretur,
1753 3221 1843 3294 quasi
1870 3222 1968 3275 vestem

266 3314 329 3385 ipso
346 3326 501 3383 processus
516 3310 580 3381 ejus
596 3308 791 3381 significatur,
807 3308 883 3379 quod
900 3307 1025 3363 surrexit
1038 3322 1089 3378 per
1143 3328 1201 3368 non
1216 3311 1329 3367 habens
1344 3310 1505 3383 nuptialem
1518 3328 1525 3378 ;
1542 3309 1586 3365 vel
1601 3314 1635 3365 ut
1649 3315 1745 3383 caput
1760 3309 1872 3366 velaret
1891 3321 1967 3379 prop·

266 3402 496 3475 vigorematque
523 3400 671 3453 virtutem.
705 3396 862 3453 Praesentia
890 3395 967 3452 enim
1001 3395 1088 3451 Verbi
1143 3404 1188 3456 ter
1201 3398 1331 3473 angelos,
1343 3398 1393 3453 sed
1407 3397 1450 3453 illi
1464 3402 1675 3469 percusserunt
1686 3416 1769 3467 earn,
1797 3403 1831 3454 ut
1848 3394 1966 3468 amplius

267 3488 367 3546 hausit
381 3488 458 3545 818
474 3486 573 3544 anima
589 3486 740 3552 virtutem,
765 3486 842 3541 sicut
856 3484 1011 3558 prreeentia
1030 3488 1089 3539 lta-
1144 3489 1325 3562 probaretur.
1335 3488 1513 3543 Exercentur
1525 3488 1604 3543 au
1617 3487 1698 3542 enim
1716 3487 1828 3543 animas
1849 3482 1971 3541 tentatio

267 3577 499 3643 riae,cumi1tero
512 3576 608 3649 gravis
625 3580 711 3639 esset,
736 3574 859 3631 erudivit
886 3576 1028 3631 loannem
1058 3572 1088 3627 in
1144 3578 1241 3633 nibus.
1253 3576 1428 3632 'l'ulernutei
1438 3574 1571 3647 pallium,
1583 3581 1758 3647 quarentes
1769 3576 1794 3633 si
1807 3592 1908 3633 verum
1927 3572 1970 3627 de·

268 3672 350 3723 utero
361 3665 643 3732 constitutum,ade0
656 3672 686 3719 ut
699 3663 828 3721 exsiliret
848 3664 876 3719 in
889 3667 980 3731 utero,
993 3666 1022 3717 et
1041 3677 1090 3717 ex·
1145 3682 1241 3721 coram
1253 3665 1338 3719 nuda
1349 3664 1464 3720 virtutis
1476 3664 1607 3719 afferret:
1621 3662 1664 3719 vel
1686 3664 1765 3737 quia
1775 3666 1842 3720 sine
1865 3664 1971 3731 integu-

268 3756 391 3812 sultaret
399 3753 514 3811 Domini
524 3752 710 3825 presentiam
722 3768 943 3825 recognoscens.
959 3748 1091 3807 Surrexit
1145 3760 1253 3822 mento,
1265 3753 1332 3825 quis
1344 3754 1373 3808 in
1385 3752 1467 3808 illam
1475 3751 1622 3809 coelestem
1633 3752 1792 3810 civitatem
1806 3752 1911 3809 debeat
1931 3749 1972 3802 in·

268 3844 391 3917 aperire,
402 3846 432 3900 et
441 3858 529 3915 opera
539 3842 603 3913 ejus
611 3846 639 3898 et
650 3842 725 3897 tacta
735 3840 910 3897 mortificata
924 3844 993 3895 sunt
1004 3855 1090 3894 mun·
1145 3845 1243 3909 troire,
1255 3842 1337 3898 nulla
1347 3842 1480 3897 disserens
1492 3856 1594 3896 secum
1618 3842 1814 3912 operimenta
1836 3842 1970 3897 lucorum.

269 3935 315 3989 do.
327 3932 490 3989 Telisenim
501 3930 588 3987 debet
599 3946 663 3986 esse
674 3928 844 4001 animaque
854 3928 980 3984 Verbum
992 3932 1036 3983 esi
1046 3943 1091 3982 re·
1145 3932 1314 3989 Suntetiam
1324 3931 1374 4003 qui
1382 3930 1542 4002 requirant,
1555 3946 1655 4002 nequa
1664 3932 1775 3987 anima
1797 3929 1915 3988 exuvias
1933 3941 1973 3981 sc-

269 4026 400 4094 ceptura,
431 4024 464 4075 ut
496 4018 639 4075 moriatur
667 4018 788 4085 mundo,
819 4022 848 4073 et
876 4014 1092 4089 consepeliatur
1146 4016 1976 4093 cumvehatcarnalisillecebrae,etconcupiscentiamcor·

270 4110 396 4167 Christo.
412 4108 553 4165 Sicanim
577 4106 712 4162 Christus
735 4105 891 4175 invenitur,
911 4112 941 4162 et
962 4103 1019 4161 tale
1035 4103 1091 4161 sibi
1146 4109 1287 4183 paratam.
1321 4108 1455 4163 Nudatur
1482 4106 1584 4178 pallio,
1601 4124 1670 4163 curn
1702 4111 1775 4181 ejus
1805 4101 1977 4165 conscientia

270 4200 376 4272 querit
390 4196 561 4269 hospitium.
578 4194 688 4251 Deinde
708 4193 773 4267 ipsa
797 4194 960 4251 ministeria
987 4209 1092 4267 opera·
1147 4198 1362 4254 manifestatur.
1391 4196 1448 4252 Sed
1476 4199 1521 4252 est
1562 4199 1591 4251 et
1618 4212 1686 4267 quae
1732 4198 1812 4253 bene
1844 4195 1977 4255 nudatur,

271 4289 395 4355 tionum,
412 4286 511 4353 idest,
529 4299 635 4340 manus
647 4286 676 4340 et
690 4282 771 4356 diffl'ti
789 4281 1094 4356 quibuscompreben·
1147 4286 1194 4342 cui
1209 4286 1276 4341 licet
1290 4283 1399 4339 imitari
1416 4283 1516 4339 dicens
1534 4300 1540 4337 τ
1560 4284 1637 4339 Venit
1650 4284 1738 4340 enim
1754 4288 1890 4359 princeps
1905 4280 1979 4351 tutu

272 4376 352 4434 ditur
366 4375 511 4446 Christus,
533 4372 744 4429 Mortificantur
760 4390 767 4441 ;
784 4388 858 4444 quos
882 4372 991 4445 digitos
1013 4371 1094 4428 velut
1146 4375 1255 4441 mundi,
1271 4378 1296 4430 et
1311 4375 1341 4429 ia
1355 4389 1399 4429 me
1414 4374 1534 4430 inueniet
1547 4372 1621 4428 nibil
1635 4373 1734 4443 (leion.
1752 4392 1816 4442 xrv,
1833 4374 1881 4445 30)
1897 4391 1904 4439 ;
1919 4368 1981 4441 quia

272 4462 582 4520 eminentialactorum
594 4467 760 4519 nostrorum
775 4477 1029 4534 operapossumus
1039 4478 1093 4518 aas·
1108 4479 1132 4546 1)
1147 4469 1226 4522 certe
1240 4464 1269 4518 in
1286 4461 1335 4518 illo
1350 4463 1412 4518 solo
1428 4461 1501 4517 nibil
1517 4461 1636 4526 invenit,
1659 4464 1717 4534 qui
1749 4468 1909 4536 peceatum
1928 4470 1980 4513 aon

271 4553 386 4609 limare.
403 4552 502 4623 ltaque
516 4549 595 4606 velut
607 4566 623 4607 e
637 4548 789 4623 complexu
805 4566 859 4606 suo
874 4566 941 4606 cum
952 4551 1017 4623 J'am
1045 4567 1092 4606 ex·
1147 4554 1225 4609 lecit.
1240 4552 1326 4609 beata
1340 4555 1370 4607 et
1384 4550 1434 4605 illa
1448 4554 1493 4605 est
1505 4550 1535 4603 in
1552 4566 1612 4622 qua
1623 4566 1683 4607 non
1702 4552 1814 4625 gravia
1829 4556 1883 4608 aut
1898 4545 1983 4604 multa

272 4641 405 4701 tenderet
416 4638 613 4711 intelligibiles
625 4654 730 4695 manus
740 4655 810 4695 suas
820 4638 1095 4711 etdigitosmtcom·
1147 4640 1258 4698 invenit
1271 4657 1277 4695 ι
1292 4639 1343 4718 sed
1355 4637 1467 4695 invenit
1481 4638 1511 4693 in
1526 4654 1561 4693 ea
1576 4637 1725 4695 amictum
1737 4638 1864 4710 fidei,et
1877 4634 1982 4710 sapien·

273 4728 466 4805 prehenderet
475 4726 603 4783 Verbum
614 4726 756 4784 transisse
769 4726 824 4783 sibi
836 4726 985 4797 illud,non
995 4731 1094 4784 tamen
1148 4730 1194 4787 tiae
1207 4728 1406 4801 disciplinam.

272 4821 369 4878 adhuc
383 4815 577 4891 pertransisse
590 4816 690 4873 anima
705 4817 753 4889 pia
766 4815 846 4872 dicit.
863 4816 897 4872 ut
910 4818 965 4873 hoc
976 4832 1095 4889 proces·
1182 4821 1229 4875 56.
1245 4819 1346 4891 ltaque
1361 4818 1425 4873 sine
1453 4816 1610 4888 dispendio
1638 4816 1689 4871 sui
1726 4818 1818 4890 (quia
1846 4816 1902 4872 etsi
1917 4810 1985 4868 volet

273 4928 339 4967 sum
355 4908 454 4973 habet,
471 4905 589 4979 quando
602 4906 709 4961 transit
723 4909 751 4961 et
780 4906 938 4978 pertransit
965 4906 1095 4961 animam
1149 4909 1226 4981 quis,
1243 4924 1303 4963 uon
1318 4910 1414 4979 potest
1427 4922 1526 4963 veram
1541 4906 1656 4961 auterre
1690 4907 1907 4980 sapientiam:
1936 4897 1986 4958 etsi

273 4998 402 5055 Verbum
418 4996 480 5064 Dei,
496 4994 722 5068 quiaeariptum
753 4999 818 5050 est:
843 4996 877 5050 Et
904 4999 980 5051 tuum
1008 4997 1095 5067 ipatus
1150 4995 1334 5053 adversarius
1348 4995 1507 5067 obstrepat,
1523 4992 1679 5049 ibitamen
1694 5010 1773 5051 vera
1789 4994 1986 5052 innoxiacon·

272 5090 399 5143 unimam
407 5084 588 5158 pertransibit
597 5082 719 5155 placitus,
729 5086 758 5137 ut
768 5083 923 5139 revelentur
946 5084 1096 5139 multorum
1148 5083 1321 5141 versationis
1342 5083 1438 5141 elucet
1450 5082 1624 5155 integritas),
1651 5083 1726 5140 sine
1746 5084 1911 5159 dispendio
1926 5091 1987 5151 ergo

273 5176 397 5233 cordium
428 5174 602 5245 oseaeuna
636 5172 710 5245 (lue.
751 5188 781 5243 ιι,
815 5172 872 5243 35).
911 5172 963 5229 llic
999 5172 1096 5229 adhue
1150 5174 1285 5231 transivit
1300 5174 1447 5242 custodes,
1463 5176 1493 5228 et
1505 5170 1621 5228 filiabus
1635 5170 1724 5229 illiue
1742 5174 1881 5231 coelestis
1898 5169 1987 5227 cirita·

275 5263 426 5329 transitur,
438 5278 495 5319 non
510 5260 724 5335 pertransitur:
742 5264 775 5319 ut
787 5259 913 5319 Mariain
929 5260 1096 5335 posteriori·
1150 5262 1188 5321 tis
1201 5263 1328 5321 admista
1337 5262 1465 5320 Verbum
1481 5260 1611 5332 requirit,
1627 5264 1659 5318 et
1674 5263 1849 5337 quaerendo
1875 5262 1938 5335 ejus
1960 5255 1989 5313 in

275 5482 385 5633 pff.)
399 5485 535 5545 Nonnulli
552 5502 636 5547 mss..
650 5483 845 5561 familiaritate
873 5489 1017 5565 cornuque
1037 5504 1098 5552 um·
1152 5486 1365 5639 ςῃξῗέἵὶὲἰιιιιιθι
1377 5484 1447 5547 edit.
1464 5500 1531 5545 cum
1546 5483 1647 5563 peneto
1680 5501 1779 5558 mss,
1806 5480 1991 5565 preminebat
