4159 6184
185 288 189 296 “
221 310 281 375 aar
954 306 985 365 s.
1010 304 1199 369 auaaosu
1871 298 1933 367 ass

221 442 277 520 13).
293 446 423 517 Tempus
439 441 560 517 quidem
575 439 706 500 omnium
733 436 887 521 bominum
917 436 946 492 in
975 453 1045 494 con·
1060 437 1220 508 Amanus,
1235 438 1365 511 brachia,
1395 438 1517 509 femora,
1548 441 1578 495 et
1602 454 1691 495 crura
1718 436 1933 512 quadripartita

220 537 324 606 speetu
339 532 401 601 Dei,
417 537 446 591 st
460 534 490 589 in
505 534 570 603 eius
584 528 731 587 voluntate
746 532 800 585 est.
816 526 880 583 Non
896 526 986 593 enim,
1015 531 1050 583 ut
1103 528 1171 601 quis
1184 544 1241 585 non
1257 528 1321 602 ipso
1334 528 1400 585 visu
1419 528 1476 601 (12)
1492 528 1650 584 advertet?
1664 528 1740 585 Sunt
1756 530 1855 585 autem
1870 526 1933 601 ple-

218 623 307 697 vulgo
321 622 416 690 aiunt,
434 620 521 679 satals
535 619 682 675 decretum
699 614 856 687 alligatur:
872 616 924 671 ssd
948 619 1048 671 umen
1104 634 1194 690 reque
1209 634 1322 686 eorum,
1338 622 1368 674 et
1382 617 1408 674 si
1423 632 1481 675 non
1497 617 1630 689 ejusdem
1644 615 1851 691 longitudinis,
1879 619 1935 673 aut

218 711 386 786 specialiter
400 710 439 783 (9)
454 710 503 766 bio
518 707 630 763 dietum
646 710 728 779 pulo.
745 704 816 777 quie
830 703 861 760 ln
890 703 1048 777 Evangelio
1102 705 1268 763 latitudinis
1280 710 1468 780 numenque
1482 704 1834 779 analogiamitasarvent,
1851 710 1886 761 ut
1899 704 1931 761 in

219 800 364 859 Dominus
374 799 579 870 redempturus
590 794 842 867 bominumgenus
852 793 989 866 passione
998 792 1048 848 sui
1102 794 1141 851 iis
1165 810 1582 868 quoqueoongruamensnra
1595 792 1728 867 ratioque
1757 795 1935 851 concurrat:

219 890 361 964 corporis,
375 891 405 943 st
417 884 630 943 emundaturus
646 882 789 957 sanguine
803 898 867 950 suo,
884 896 1049 937 sacramen·
1102 882 1254 957 longitudo
1287 882 1428 957 prolixior
1455 900 1545 956 quam
1575 882 1700 939 latitudo
1728 882 1778 950 sit,
1807 880 1935 939 latitudo
1979 923 1985 933 .

218 980 306 1050 toque
320 972 516 1047 baptismatis,
533 972 595 1029 ait:
613 974 707 1040 Pater,
722 972 796 1028 veuit
818 970 897 1038 dore,
923 968 1049 1039 clarifico
1102 990 1191 1045 quam
1206 972 1340 1029 altitudo.
1356 973 1482 1030 lttsiout‘
1500 971 1573 1045 ligni
1587 987 1660 1028 arca
1680 970 1760 1027 trina
1787 970 1935 1029 distantia

216 1065 321 1121 Filiam
334 1066 424 1132 tuum,
440 1063 470 1117 ut
498 1059 637 1117 etlilium
660 1064 723 1116 tuos
748 1058 886 1129 clarificet
902 1062 930 1113 te
955 1058 1044 1129 (loon.
1100 1064 1164 1117 est:
1178 1060 1325 1135 siquidem
1347 1064 1546 1118 trecentorum
1575 1058 1743 1117 cubitorum
1768 1056 1935 1132 longitudi-

217 1168 286 1220 xvrr,
305 1154 340 1221 t).
356 1150 430 1223 Ergo
446 1149 560 1222 quiain
575 1148 684 1206 diluvio
700 1164 751 1222 per
772 1164 870 1205 aream
896 1146 955 1202 Noe
982 1162 1046 1203 ser·
1101 1164 1178 1216 nem,
1194 1153 1223 1205 et
1246 1148 1463 1223 quinquaginta
1476 1148 1643 1205 cubitorum
1672 1145 1870 1214 latitudinem,
1901 1152 1934 1205 et

216 1244 287 1297 vetas
302 1242 372 1296 sunt
386 1237 516 1310 reliquie
536 1236 652 1310 generis
663 1236 785 1293 humani
801 1236 838 1292 ad
848 1235 1046 1293 seminarium
1099 1237 1220 1310 triginta
1229 1236 1590 1295 cubitcrumaltitudinem
1599 1234 1845 1293 servandamesss
1853 1251 1933 1309 prm·

216 1326 410 1401 reparationis
425 1330 453 1383 et
468 1325 664 1383 renovationis
680 1325 796 1393 lutura,
818 1324 884 1381 ideo
904 1322 1046 1397 premisit
1100 1327 1237 1400 scripsit:
1252 1326 1295 1383 ita
1309 1330 1338 1383 et
1352 1327 1383 1383 in
1403 1330 1505 1382 nostru
1520 1340 1641 1399 corpore
1668 1340 1787 1381 summa
1813 1328 1871 1388 est,
1899 1329 1933 1381 et

217 1416 285 1475 bis:
299 1418 412 1489 Tempus
426 1417 515 1473 omnis
526 1416 647 1472 bominis
662 1416 739 1471 venit
753 1434 763 1482 ,·
778 1415 845 1486 qaia
871 1411 981 1485 replete
1003 1417 1046 1469 est
1099 1414 1207 1481 media,
1221 1418 1252 1471 et
1265 1413 1390 1470 minima
1398 1412 1547 1471 distantia.
1560 1410 1851 1469 Summaaeoundum
1861 1408 1932 1467 lon·

216 1514 292 1562 terro
306 1505 588 1577 remunerasse.
613 1503 672 1561 Hoc
687 1503 716 1558 in
732 1502 827 1575 ligura
840 1520 847 1571 ;
862 1502 892 1557 in
921 1502 1044 1558 veritate
1099 1502 1273 1577 gitudincm,
1287 1502 1386 1559 media
1407 1502 1573 1559 secundum
1587 1500 1786 1567 latitudinem,
1799 1499 1932 1556 minima

216 1596 315 1650 autem
331 1593 385 1651 ait:
402 1591 540 1665 Nelioer'ae
556 1608 606 1664 per
632 1592 809 1649 &tectionem
834 1592 934 1661 pretio
957 1589 1044 1645 solere
1099 1593 1262 1649 secundnm
1276 1591 1462 1647 altitudinem
1476 1594 1595 1647 :totum
1606 1592 1928 1661 tamencorpusattax-

213 1684 301 1755 sootae
312 1689 377 1739 sien
390 1682 476 1754 (Nom.
492 1681 568 1753 x1,5)
580 1679 874 1753 ‚resequestrabat
885 1676 1044 1752 spostolus
1097 1686 1162 1737 tum
1176 1698 1211 1737 ex
1225 1679 1351 1755 singuiis
1366 1679 1508 1737 membris
1522 1679 1699 1752 quadratum
1714 1677 1931 1737 videtur.Nam
2033 1690 2040 1697 '

215 1770 316 1828 diosus
331 1787 339 1827 ε
356 1770 599 1843 Superubeodeuit
613 1773 763 1841 peccatum,
782 1772 811 1823 ut
831 1768 1042 1843 sepse-obem·
1057 1808 1083 1875 Β
1096 1775 1127 1827 et
1140 1787 1196 1827 usu
1211 1770 1253 1825 ita
1279 1773 1334 1836 est,
1350 1774 1384 1825 ut
1407 1786 1457 1825 eos
1486 1768 1645 1842 quadratos
1672 1766 1819 1837 disemus,
1847 1782 1930 1839 quoe

215 1864 259 1916 ret
269 1869 295 1917 et
310 1858 405 1931 pretio
419 1858 508 1932 (Nom.
523 1858 615 1931 bwl·
1097 1874 1293 1917 roeenormaa
1306 1858 1489 1932 proceritate,
1506 1861 1536 1915 et
1548 1856 1661 1915 validos
1688 1855 1801 1913 robusti
1828 1854 1932 1928 quali·

251 1950 294 2005 te.
310 1950 450 2021 corrupit,
467 1947 572 2020 inquit,
588 1948 677 2005 omnir
698 1962 768 2004 coro
781 1948 855 2003 olom
868 1962 950 2003 suam
962 1945 1038 2017 (den.
1093 1952 1154 2005 tate
1167 1947 1300 2021 eorporis
1312 1946 1507 2005 mamus.

214 2054 253 2109 vr,
266 2037 323 2111 l2).
340 2038 463 2094 Carnem
478 2036 525 2093 bic
541 2036 640 2109 posuit
655 2052 707 2110 pro
722 2035 841 2092 bomine
856 2035 987 2097 terreno,
1009 2033 1039 2089 in
1130 2036 1173 2091 tt.
1190 2036 1263 2101 Quid
1279 2034 1367 2091 etiam
1383 2034 1442 2090 sibi
1453 2033 1518 2091 ruit
1529 2033 1608 2107 quod
1630 2033 1689 2091 ait:
1717 2032 1803 2091 Nidus
1836 2032 1928 2109 (πίοι

214 2144 273 2201 quo
288 2126 384 2184 carnis
396 2124 533 2183 illecebra
544 2125 621 2181 viam
637 2125 701 2197 ejus
712 2122 945 2198 corruperit.0ui
958 2122 983 2178 si
993 2122 1040 2178 in·
1094 2124 1209 2181 inorsa
1224 2122 1329 2196 (thid),
1346 2137 1534 2195 nequaqnam
1547 2120 1699 2179 fflmdum
1726 2120 1850 2178 videtur.
1866 2121 1928 2177 Na·

213 2212 1039 2288 tellexissetquodmunusaccepissstalleo,nonutique
1093 2212 1227 2270 turaliter
1249 2212 1328 2268 enim
1356 2210 1468 2267 dictam
1493 2210 1631 2279 arbitror,
1654 2226 1691 2267 en
1726 2210 1807 2283 qaod
1834 2226 1928 2267 omne

214 2307 411 2379 passusesset
425 2307 458 2360 ut
486 2320 552 2359 caro
577 2304 706 2360 obstaret
732 2302 838 2358 anime
866 2300 1037 2357 virtutibus.
1093 2318 1200 2376 corpus
1215 2304 1349 2358 nostrum
1364 2302 1507 2356 attextum
1532 2303 1579 2357 est
1592 2298 1791 2367 sieutnidus3
1807 2302 1841 2357 nt
1862 2297 1929 2375 api-

214 2394 396 2466 Itequecaro
411 2389 802 2463 eausaluitcorrumpendae
826 2388 915 2445 etiam
934 2387 1038 2444 anima
1094 2390 1168 2448 ritus
1182 2389 1280 2446 vitalis
1295 2404 1396 2446 omnes
1410 2391 1510 2461 partes
1537 2389 1683 2445 viseerum
1707 2391 1850 2461 penetret,
1879 2394 1935 2445 at·.

213 2498 278 2555 que
291 2480 371 2538 velut
384 2478 465 2551 origo
478 2482 507 2535 et
521 2476 604 2534 loeus
614 2480 660 2535 est
670 2477 790 2550 quidam
801 2476 960 2549 voluptatis
969 2475 1038 2544 (10),
1094 2496 1151 2553 que
1164 2480 1201 2536 de
1213 2476 1367 2552 principali
1382 2481 1483 2534 nostro
1497 2476 1603 2534 fundas
1616 2493 1648 2534 ,θ
1675 2492 1727 2549 per
1753 2480 1836 2533 utus
1864 2475 1929 2533 gin.

213 2587 247 2629 ex
262 2568 412 2643 quevelut
427 2568 538 2624 alonte
566 2568 763 2639 prorumpunt
787 2562 1039 2637 concupiscentia·
1093 2568 1190 2642 gulos.
1206 2568 1272 2625 Nidi
1286 2567 1408 2640 quidam
1423 2570 1493 2623 sunt
1521 2564 1602 2623 oculi
1620 2564 1725 2632 nostri,
1753 2565 1864 2638 quibus
1891 2581 1927 2623 se

212 2674 278 2715 rum
300 2656 502 2728 malarumque
526 2655 698 2727 passionum
713 2654 845 2724 flumine,
859 2652 975 2725 lateque
990 2668 1038 2708 ex·
1093 2657 1176 2715 visus
1189 2656 1303 2715 inserit.
1318 2656 1385 2713 Nidi
1399 2660 1470 2713 sunt
1483 2659 1653 2713 nostrarum
1677 2654 1762 2711 sinus
1790 2654 1925 2724 aurium,

212 2747 334 2804 undant.
348 2744 459 2811 Quibus
469 2742 649 2817 demergitur
664 2743 769 2800 animas
779 2742 927 2815 quoddam
937 2758 1038 2797 exous·
1092 2743 1566 2819 perquosauditnsseinsundit,
1585 2748 1617 2800 et
1642 2741 1776 2801 velutin
1807 2742 1924 2799 foueam

212 2852 245 2893 so
259 2835 452 2909 gubernatore
481 2831 647 2905 remigium.
668 2846 736 2888 eum
753 2830 818 2903 ipse
846 2844 931 2887 mens
960 2826 1039 2887 volui
1093 2835 1183 2894 altam
1197 2834 1307 2905 dejicit.
1321 2833 1414 2890 Nidus
1428 2836 1473 2890 est
1487 2832 1616 2901 narium,
1637 2831 1739 2905 quiad
1753 2847 1787 2887 se
1802 2831 1928 2888 odorem

211 2922 388 2998 quibusdam
412 2920 635 2993 tempestatibus
650 2922 680 2976 et
706 2918 842 2992 procellis
871 2918 947 2974 victa
974 2916 1038 2975 loeo
1093 2922 1224 2980 attrahit.
1267 2920 1360 2979 Nidus
1401 2926 1448 2977 est
1488 2924 1615 2994 quartus
1662 2920 1757 2992 major
1808 2920 1927 2977 esteris

212 3026 265 3069 suo
279 3010 364 3068 cedit.
381 3008 503 3066 Pulchre
517 3012 616 3065 autern
629 3008 680 3075 ait,
694 3008 765 3081 quis
779 3006 868 3065 bomo
883 3006 960 3063 viam
986 3022 1038 3062 na·
1093 3012 1193 3069 hiatus
1223 3011 1294 3082 oris,
1325 3010 1356 3067 in
1392 3027 1450 3083 quo
1489 3010 1628 3078 nutritur,
1654 3009 1747 3066 donee
1772 3007 1926 3065 adolescat

211 3105 355 3158 turonus
370 3098 508 3172 corrupit.
526 3098 600 3154 Nam
615 3096 731 3154 viasua
746 3093 1037 3169 inparadisoerutin
1094 3115 1200 3174 sapon
1215 3104 1245 3157 st
1263 3100 1341 3158 undo
1362 3115 1417 3155 vox
1436 3097 1541 3155 evolat,
1572 3098 1613 3153 ln
1632 3114 1691 3171 qao
1720 3098 1789 3154 latet
1814 3095 1923 3171 lingua

212 3188 262 3247 lllo
277 3186 491 3245 beallltldlnum
503 3186 631 3255 lt'dmlld,
648 3186 678 3242 in
693 3183 744 3243 illo
760 3185 903 3242 vlrlulum
918 3183 998 3253 flore,
1009 3186 1039 3239 el
1054 3163 1075 3230 C
1094 3206 1158 3262 quae
1171 3188 1252 3245 velut
1265 3204 1410 3261 organum
1421 3187 1512 3256 vocis,
1527 3187 1697 3258 5011best
1717 3183 1821 3243 artifici
1842 3168 1923 3242 'gug-

211 3278 241 3335 in
256 3276 308 3337 illa
321 3274 535 3349 incorruptibili
554 3274 658 3349 gratia,
686 3290 775 3347 quam
803 3273 881 3329 viam
909 3271 1034 3329 terrenis
1088 3277 1178 3335 ritate
1192 3276 1381 3345 modulatur;
1397 3279 1427 3332 st
1441 3292 1511 3333 oum
1539 3276 1578 3332 sit
1605 3276 1672 3348 ipsa
1698 3272 1923 3344 irrationabilis,

198 3366 374 3441 'inquinavit
388 3363 529 3437 vestigiis.
545 3363 603 3419 Atii
626 3363 752 3421 babent:
772 3363 848 3419 Viom
864 3362 962 3435 ipsias,
979 3359 1034 3417 hoo
1089 3364 1294 3423 rationabilem
1308 3381 1409 3422 vocem
1423 3364 1570 3437 exprimit
1587 3364 1680 3421 Nidus
1699 3367 1745 3421 est
1768 3362 1926 3446 hemicra-

210 3460 255 3514 est
268 3455 329 3513 Dei.
344 3454 403 3511 Hoc
417 3451 492 3509 solet
502 3453 590 3509 verbo
605 3450 721 3509 Domini
736 3448 883 3509 declarare
894 3450 961 3523 (11).
1089 3456 1182 3513 nium.
1198 3454 1292 3511 Nidus
1306 3457 1352 3511 est
1366 3453 1539 3511 membrana
1552 3452 1605 3509 illa
1618 3469 1682 3525 qua
1698 3452 1852 3509 cerebrum
1875 3452 1921 3509 fo·

532 3566 646 3624 CAPUT
664 3566 712 3623 pl⁸
1087 3550 1145 3614 vat,
1159 3548 1190 3603 et
1203 3544 1281 3601 intra
1294 3542 1420 3600 cobibet.
1440 3541 1508 3598 Nidi
1535 3545 1607 3599 sunt
1629 3540 1742 3599 viscera
1768 3539 1923 3615 pulmonis

210 3664 250 3719 De
263 3658 468 3717 comtrurtioae
482 3672 567 3726 erese,
584 3658 613 3714 ia
628 3673 683 3729 quo
698 3656 816 3712 temoni
829 3656 952 3727 corporis
966 3656 1034 3728 fipu·
1088 3639 1115 3689 ⁰¹
1131 3633 1237 3690 ⁰⁰ldl8·
1254 3631 1382 3705 Sl)iritus
1402 3630 1522 3703 quidm
1549 3629 1654 3697 ¹¹⁰⁸ll'l·
1683 3629 1739 3687 ¹¹⁰⁰
1767 3634 1822 3697 0⁸22
1851 3630 1921 3701 0l¹¹³

245 3747 279 3787 ro
291 3730 455 3788 describitur
463 3746 475 3793 ,·
489 3732 517 3787 et
530 3732 613 3802 cajus
626 3730 690 3785 aidi
702 3727 958 3799 Noputosejaadem
970 3742 1033 3782 eor·
1088 3738 1177 3795 quem
1191 3720 1352 3795 carpimus,
1368 3724 1398 3777 et
1418 3736 1477 3792 qno
1506 3718 1614 3776 alimur
1637 3718 1668 3774 in
1693 3718 1750 3775 bao
1773 3718 1842 3787 vita,
1871 3718 1920 3773 ni·

245 3804 323 3887 ΡΜ(
336 3802 453 3859 'tumn‘
464 3805 562 3886 ΡΜ
574 3800 745 3884 iftt'tlmnl·
760 3798 896 3881 011011)οίΐο
907 3797 974 3885 ,ῐῑζῧ
990 3798 1034 3853 li·
1090 3811 1146 3867 dua
1161 3814 1207 3867 est
1222 3811 1342 3882 pulmo:
1358 3807 1514 3881 sanguinis
1527 3815 1625 3865 autem
1640 3812 1670 3863 et
1687 3806 1810 3880 spiritus
1830 3806 1922 3864 nidus

245 3879 362 3944 tamine,
377 3881 409 3929 ut
422 3874 546 3946 fimiter
557 3873 614 3929 sibi
628 3877 799 3938 comedet,
814 3875 873 3925 sant
889 3868 1032 3926 leniendae.
1088 3903 1134 3955 m
1147 3914 1207 3955 W,
1224 3897 1289 3955 Duo
1303 3901 1376 3955 ,unt
1389 3896 1470 3954 ,nim
1483 3897 1549 3968 eju,
1563 3896 1657 3952 uteri,
1674 3912 1753 3953 unu,
1767 3912 1825 3969 quo
1839 3912 1923 3959 m,

249 3989 290 4045 13.
306 3988 361 4047 Sed
372 3989 436 4061 jam
452 3988 488 4045 de
503 3988 568 4061 ipsa
581 3990 641 4043 Noe
661 4002 728 4043 arca
756 3984 925 4052 dicendum,
944 3999 1034 4055 quam
1088 3986 1210 4061 guinem
1220 3985 1301 4044 velut
1315 3985 1445 4058 quodam
1460 3985 1528 4041 sinu
1543 3983 1678 4057 suscipit,
1693 3988 1723 4040 et
1736 3983 1923 4041 transfundit

213 4076 319 4151 siquis
338 4076 406 4133 velit
435 4074 598 4149 impensius
626 4073 819 4142 considerare,
849 4071 976 4129 inveniet
1004 4071 1033 4127 in
1088 4075 1239 4133 invenas:
1255 4072 1329 4131 alter
1343 4089 1402 4146 quo
1417 4074 1530 4146 rigatus
1557 4089 1593 4129 ox
1617 4071 1668 4129 illo
1696 4071 1841 4146 superiori
1864 4072 1919 4129 de-

209 4167 274 4238 sjns
288 4164 481 4224 edificatione
497 4162 806 4236 descriptamhumani
818 4162 895 4220 m
908 4160 1034 4234 liguram
1089 4164 1171 4221 ducit
1184 4162 1215 4219 in
1228 4162 1352 4220 arterias
1362 4161 1429 4236 jugi
1452 4166 1561 4217 meatu.
1590 4166 1665 4218 Ossa
1691 4178 1809 4236 quoque
1836 4160 1915 4219 vali·

209 4255 348 4333 eorporis.
360 4254 435 4321 Quid
452 4252 589 4310 ostentm
605 4251 684 4325 quod
700 4250 854 4308 aitlleus:
872 4252 925 4307 Fae
948 4251 1035 4319 igitur
1089 4252 1172 4309 diora
1195 4252 1281 4309 nidos
1295 4251 1415 4308 babent.
1431 4250 1507 4306 Sunt
1526 4250 1606 4307 enim
1633 4251 1714 4306 intus
1742 4254 1853 4319 ravam,
1884 4250 1918 4307 in

209 4342 371 4403 tibioreom
385 4343 418 4401 de
432 4342 518 4413 tionis
533 4340 774 4415 quadratismea.
796 4356 835 4409 vr,
866 4338 935 4412 lid?
962 4338 1035 4402 Oua·
1089 4342 1198 4413 quibus
1227 4338 1421 4398 foraminibus
1448 4343 1494 4396 est
1521 4338 1660 4397 medulla.
1691 4340 1723 4395 ln
1750 4339 1920 4398 visceribus

210 4430 327 4487 dratum
341 4437 418 4489 certe
433 4431 489 4488 boc
503 4429 697 4504 appellamus,
713 4430 790 4503 quod
808 4428 945 4485 omnibus
961 4426 1034 4483 bene
1089 4429 1164 4504 ipsis
1181 4428 1369 4487 mollioribus
1384 4428 1447 4485 nidi
1462 4427 1632 4501 cupiditatis
1646 4432 1697 4485 ant
1709 4426 1818 4485 doloris
1834 4434 1919 4486 sunt.

209 4517 350 4575 consistet
365 4518 507 4591 partibus,
523 4524 553 4577 et
561 4518 715 4576 conveniat
727 4518 795 4575 sibi.
808 4518 909 4590 Itaque
918 4521 947 4573 et
957 4515 1034 4573 Deus
1051 4518 1197 4599 pittatia
1213 4518 1318 4591 siquis
1332 4517 1509 4587 consideret,
1533 4516 1623 4573 etiam
1647 4515 1748 4591 plures
1774 4518 1861 4575 nidos
1874 4518 1921 4575 in·

207 4610 309 4665 auctor
324 4606 752 4682 nostrioorporis,natureque
766 4603 1037 4663 fabricatorestrni·
1089 4608 1187 4665 veniet
1217 4608 1247 4663 in
1281 4608 1337 4663 bao
1359 4606 1471 4663 labrioa
1498 4605 1621 4663 humani
1655 4607 1798 4680 corporis.
1835 4607 1920 4664 Unde

208 4702 266 4767 tur,
285 4700 403 4769 etopus
417 4694 515 4769 ipsum
531 4696 691 4769 perlectum
707 4712 771 4753 esse
786 4695 822 4752 iis
847 4694 1032 4752 sermonibus
1087 4701 1158 4771 puto
1174 4700 1203 4753 at
1216 4695 1301 4752 illam
1317 4696 1347 4751 in
1363 4695 1482 4752 Psalmo
1495 4710 1555 4751 non
1574 4693 1672 4750 solum
1700 4694 1833 4767 mystice,
1863 4697 1918 4753 sed

207 4786 402 4862 significatur.
419 4785 567 4853 Quadrata
582 4784 1032 4842 autemhominisurembraesse
1088 4786 1177 4843 etiam
1213 4782 1387 4842 naturaliter
1413 4784 1523 4841 dixisse
1539 4800 1546 4842 :
1562 4782 1677 4840 illenim
1692 4799 1789 4856 passer
1811 4785 1921 4843 morast

206 4876 325 4934 audens
339 4875 424 4943 ratio,
440 4874 465 4930 si
480 4874 646 4931 consideres
665 4878 767 4947 pectus
782 4873 920 4943 bominis,
937 4872 1032 4930 oonsi-
1087 4874 1145 4931 sibi
1158 4874 1285 4943 domum,
1304 4877 1330 4930 et
1349 4876 1444 4929 turtur
1469 4874 1572 4930 nidum
1600 4874 1650 4929 obi
1677 4877 1798 4943 reponet
1821 4874 1921 4947 pallos

207 4966 291 5023 dores
306 4968 436 5023 ventrem
453 4964 516 5037 pari
532 4980 670 5019 mensura
684 4962 877 5036 longitudinis
892 4967 920 5018 et
934 4960 1032 5017 lutitn-
1088 4963 1167 5021 m
1180 4978 1245 5019 suos
1259 4962 1344 5037 (Psoi.
1362 4978 1481 5030 nxrxur,
1496 4962 1533 5034 t).
1551 4962 1601 5019 Nat
1611 4961 1691 5019 enim
1712 4963 1776 5034 J‘am
1802 4963 1833 5018 in
1859 4962 1919 5019 boo

208 5054 296 5124 dinis,
313 5053 369 5111 uisi
386 5070 454 5111 oum
468 5051 667 5125 voluptatibus
678 5055 707 5107 et
727 5049 822 5125 epulis
847 5054 946 5106 ventre
970 5050 1033 5105 dis·
1088 5068 1209 5125 corpore
1224 5050 1313 5108 nidus
1327 5050 1489 5124 pudicitie,
1502 5050 1532 5107 in
1545 5068 1604 5124 quo
1632 5054 1696 5108 erat
1724 5050 1814 5108 nidus
1839 5049 1918 5112 irra-

208 5145 287 5199 tento
302 5158 441 5201 mensura
456 5141 601 5201 naturalis
620 5141 778 5198 exceditur.
794 5139 860 5197 lam
877 5138 976 5212 pedes,
1005 5141 1034 5195 et
1088 5140 1238 5199 donabitis
1253 5139 1505 5213 concupiscentie.
1521 5139 1578 5197 Sed
1598 5138 1647 5195 ubi
1662 5143 1847 5213 antepartus
1861 5141 1917 5198 de·

244 5373 282 5446 (9)
297 5376 381 5461 Rom.
398 5380 470 5435 edit.
487 5380 561 5449 sola,
571 5382 750 5453 spiritaliter.
1088 5386 1175 5441 viam.
1190 5382 1302 5438 Pendet
1314 5386 1413 5438 summ
1427 5378 1517 5453 hujus
1530 5379 1586 5439 loci
1600 5396 1706 5438 sensus
1721 5397 1758 5438 ex
1775 5398 1810 5439 eo
1855 5381 1916 5438 uod

244 5445 300 5517 (10)
315 5446 362 5503 Sto
375 5450 444 5506 adit.
460 5450 531 5509 blaa.
548 5458 656 5523 autem,
677 5454 751 5511 vetut
763 5454 842 5525 repis
855 5451 994 5525 quaedom,
1009 5461 1036 5510 et
1089 5455 1204 5529 legatur
1226 5470 1245 5510 a
1265 5452 1305 5509 ud
1332 5454 1413 5526 Lxx,
1428 5467 1475 5524 τὴν
1488 5461 1545 5513 ὁδὸν
1558 5460 1644 5511 αὐτοῦ.
1660 5451 1777 5511 Videris
1804 5452 1848 5511 No
1870 5452 1917 5509 ilii

212 5518 502 5601 romericensem.
646 5597 651 5609 Ι
890 5596 895 5609 ⁸
1090 5533 1174 5583 notas
1189 5525 1226 5582 ad
1240 5470 1326 5581 illum
1337 5542 1469 5598 versum,
1482 5530 1512 5583 et
1525 5524 1678 5583 Philonem
1688 5524 1740 5583 lib.
1759 5536 1814 5583 'err
1839 5530 1917 5601 dapa-

222 5620 225 5627 ·
243 5587 300 5662 (11)
316 5588 390 5646 lldrt.
407 5605 519 5660 omues,
541 5594 650 5651 Domina
664 5596 812 5653 declarari.
830 5594 936 5653 Metius
950 5612 1034 5665 mss,
1089 5620 1151 5658 πων
1164 5607 1193 5657 τὸ
1206 5606 1286 5655 θεῖον.
1365 5622 1370 5629 ·

208 5659 321 5727 Domtoi
327 5662 491 5723 declarare.
501 5662 786 5747 subintelligendum
792 5668 881 5742 enim,
889 5668 1037 5751 Scriptura
1104 5670 1182 5751 *tt'lt
1196 5666 1339 5750 tuburb-
1350 5668 1494 5751 illm&
1508 5665 1595 5737 stit.
1612 5630 1873 5755 [resorbere-2..
