4159 6184
231 443 1251 789 BENEDICTINORUM
1305 619 1757 783 PATRUM

701 945 727 1006 Ε
749 941 1080 1006 GONGREGA'NONE
1104 943 1136 1004 S.
1159 939 1287 1004 MAUffl

480 1171 879 1306 EPISTOLA
927 1167 1500 1306 [sumomonte.

189 1689 415 1760 ltuscnssimo
443 1686 599 1756 acetum
620 1685 773 1777 principi
798 1687 839 1752 D.
861 1687 903 1753 D.
937 1685 1111 1753 Francisco
1146 1681 1186 1752 de
1209 1685 1352 1772 flarlep,
1378 1685 1627 1777 archiepiscopo
1655 1686 1847 1769 Parisieusi,
1913 1773 1915 1780 q

145 1790 316 1879 reqiorum
343 1785 500 1856 ordinum
532 1782 808 1865 commendatori,
840 1781 920 1852 duci
945 1807 985 1851 ae
1007 1783 1093 1875 pari
1115 1783 1277 1867 Francia,
1302 1783 1461 1852 Sarbane
1493 1796 1525 1852 et
1546 1787 1710 1856 Naroma
1731 1786 1851 1876 proui-

143 1886 224 1968 ποκ’,
240 1898 301 1954 etc.

192 1984 353 2074 Perfectis
366 2005 471 2074 quam
481 1980 654 2072 potuimus
667 1981 928 2064 accuratissime,
946 2003 1020 2071 qua
1038 1980 1075 2047 in
1089 1978 1289 2048 adornanda
1307 1981 1371 2049 bac
1390 2001 1530 2070 operum
1550 1981 1851 2052 Ambrosianorum

146 2081 289 2151 editione
310 2093 502 2172 easpectare
523 2080 613 2148 oism
639 2102 684 2156 es,
711 2079 931 2147 illustrissime
955 2078 1110 2146 Ecclesia
1138 2077 1307 2170 Princeps,
1338 2101 1377 2147 ea
1401 2101 1452 2147 res
1471 2078 1519 2148 ad
1534 2102 1730 2170 supremum
1754 2081 1853 2151 deciis

145 2181 220 2249 sala
240 2179 399 2261 restabat,
429 2190 468 2246 ut
488 2179 636 2268 frontem
654 2177 764 2268 operis
785 2175 962 2267 splendore
981 2175 1160 2244 clarissimi
1183 2177 1329 2267 alicujus
1347 2177 1493 2245 nominis
1514 2177 1770 2260 illustraremus,
1793 2180 1855 2270 qui

146 2290 256 2347 tatum
279 2300 363 2370 opus
392 2278 465 2346 luce
491 2298 554 2344 sua
571 2275 801 2366 perfunderet,
827 2272 1148 2365 adscisceremusque
1167 2286 1351 2364 patronum
1375 2277 1436 2365 qui
1460 2299 1524 2366 pro
1552 2299 1615 2344 suo
1642 2279 1853 2346 immanitate

145 2377 256 2460 uellet,
281 2399 344 2466 pra
365 2397 428 2443 sua
449 2374 648 2442 auctoritate
663 2385 775 2464 posset
792 2373 860 2440 uim
879 2384 912 2439 et
929 2372 1094 2462 impetum
1121 2373 1382 2440 obtrectatorum
1412 2375 1559 2442 amoliri.
1583 2379 1631 2443 Tu
1649 2375 1744 2444 nobis
1763 2376 1853 2444 illico

121 2551 125 2554 ,
148 2473 350 2543 occurrebas
368 2474 403 2540 in
416 2495 480 2562 quo
496 2493 571 2562 que
587 2471 641 2539 uel
652 2470 700 2538 ad
720 2471 931 2539 securitatem
948 2470 1004 2537 oei
1015 2469 1062 2537 ad
1075 2483 1309 2538 oruamentum
1324 2471 1433 2541 calere
1443 2485 1596 2563 possunt,
1617 2474 1703 2541 miro
1719 2473 1854 2564 fulqore

147 2571 307 2640 uniuersa
324 2570 489 2638 marcant:
504 2583 614 2659 etque
631 2591 729 2636 nemo
745 2568 830 2635 alter
854 2578 915 2635 aut
927 2567 1038 2657 qloria
1057 2567 1191 2650 clarior,
1214 2581 1275 2635 acet
1300 2571 1495 2637 auctoritate
1518 2571 1666 2658 pravior,
1697 2583 1758 2639 aut
1780 2593 1854 2662 qun
1979 2575 1981 2582 “

149 2669 317 2760 imprimis
331 2669 459 2748 allexit,
476 2666 687 2736 humanitate
698 2665 836 2756 facilior
848 2666 1063 2732 insaturetur.

192 2769 308 2856 Neque
322 2767 422 2846 enim,
440 2765 532 2854 quod
544 2765 692 2856 procliue
707 2765 804 2854 factu
820 2763 948 2852 fuerat,
970 2762 1104 2831 Harlece
1124 2762 1179 2830 bic
1187 2763 1331 2852 familia
1346 2763 1493 2852 diquitas
1512 2786 1553 2832 ea
1573 2763 1694 2832 ultima
1709 2763 1855 2854 antiqui-

150 2877 219 2933 tate
230 2863 425 2954 repetenda,
446 2863 604 2932 mammis
623 2866 770 2952 Europa
794 2860 1003 2952 principibus
1025 2862 1103 2951 jam
1130 2861 1208 2929 olim
1225 2861 1299 2930 licet
1319 2861 1488 2952 affinitate
1509 2875 1541 2931 et
1567 2863 1854 2951 consenquinitate

151 2963 349 3053 conjuncta,
370 2983 649 3052 summorumque
660 2960 811 3027 uirorum
823 2981 953 3044 semper
969 2959 1105 3048 feracis,
1123 2980 1267 3047 quorum
1280 2959 1315 3026 iu
1327 2959 1503 3048 precipuis
1519 2960 1673 3028 Ecclesia
1686 2972 1718 3028 et
1731 2961 1855 3050 Reipu-

151 3059 244 3128 otae
257 3059 450 3128 nmueribus
462 3060 569 3127 uirtus
583 3058 784 3127 mirabiliter
798 3056 939 3125 enituit:
960 3068 996 3123 tu
1010 3056 1099 3124 enim
1112 3057 1262 3124 omnium
1287 3069 1485 3125 omiamenta
1507 3059 1541 3124 iu
1566 3068 1596 3125 te
1621 3058 1812 3149 compleatis
1825 3069 1858 3126 et

27 3196 28 3215 ι
144 3157 359 3248 praecipuum
370 3156 516 3246 familia
534 3169 599 3224 tua
613 3155 723 3234 decus,
740 3154 817 3223 aliis
831 3154 944 3244 potius
957 3153 1166 3244 splendorem
1189 3167 1283 3222 tuum
1298 3153 1458 3246 offundis,
1476 3177 1579 3244 quam
1598 3155 1735 3224 aliunde
1748 3155 1856 3246 diqni·

149 3256 234 3324 tatis
247 3253 432 3345 quidquam
448 3255 748 3346 amplitudinisque
762 3253 797 3320 in
812 3264 843 3320 te
853 3250 1067 3341 refundatur.

84 3355 90 3370 ⁴
196 3355 341 3444 Apertus
355 3353 410 3420 bic
424 3353 540 3442 inqens
556 3352 802 3440 immensusque
821 3372 957 3440 campus
971 3347 1020 3416 ad
1032 3349 1276 3418 succurrendum
1291 3350 1325 3417 in
1341 3349 1456 3418 latcdts
1471 3349 1597 3440 inqenii
1614 3352 1744 3434 excelsi,
1765 3352 1857 3420 subt·

149 3449 218 3532 dis,
233 3451 342 3529 acris;
364 3451 456 3518 acuti
483 3449 530 3518 ad
555 3447 825 3538 eacoqitandum,
853 3448 981 3515 maturi
1003 3446 1051 3514 ad
1065 3446 1308 3535 judicandum,
1330 3447 1377 3514 ad
1406 3448 1643 3538 euplicandum
1668 3449 1793 3541 facilis,
1815 3447 1862 3518 ad

152 3549 355 3616 memoriam
372 3549 468 3639 frmi
486 3560 587 3638 atque
600 3547 765 3629 diuturni,
786 3567 823 3613 ea
838 3544 900 3613 tibi
914 3546 1057 3613 concessi
1069 3544 1240 3626 divinitus,
1258 3557 1297 3612 ut
1305 3568 1376 3636 par
1387 3545 1434 3613 ad
1446 3548 1744 3638 maximaqunque
1755 3551 1858 3638 fares,
1978 3575 1979 3580 ¹

152 3645 278 3736 quibus
305 3669 327 3714 a
349 3646 499 3736 propitio
524 3645 630 3713 Gallis
648 3644 796 3717 Numine
814 3642 1047 3712 destinabaris.
1081 3642 1266 3712 Commoda
1292 3643 1508 3713 nibilominus
1535 3647 1662 3715 occasio
1688 3662 1861 3736 praecare

152 3756 222 3812 tuae
240 3743 478 3812 eruditioniset
495 3742 653 3811 doctrina
661 3740 899 3834 predicanda,
921 3741 1116 3809 cuinibil
1103 3763 1136 3808 m
1151 3740 1327 3808 bistoria
1312 3757 1565 3828 incompertum,
1591 3745 1627 3813 in
1650 3744 1862 3834 dcqmatibus

155 3840 350 3922 arduum,
335 3863 371 3909 πη
383 3840 521 3931 juribus
539 3863 660 3932 anceps
673 3839 924 3956 ambiquumqe,
945 3838 1123 3907 obscurum
1140 3838 1254 3907 nibil
1240 3861 1276 3906 πη
1287 3840 1399 3929 factis,
1417 3862 1585 3931 quamque
1599 3842 1688 3910 nibil
1673 3843 1759 3910 laut
1777 3843 1860 3932 effu·

152 3938 484 4105 ⁹²abtaiirbidb‘ii·um
504 4059 528 4104 a
546 4049 577 4104 te
589 4049 771 4126 qestarum.
797 4035 930 4104 Prasul
945 4000 1178 4116 illustrissime,
1201 4036 1459 4105 celebratissima
1479 4038 1578 4148 fama
1602 4039 1700 4130 lonqe
1716 4035 1861 4130 splendi-

28 4217 29 4223 ἵ
155 4132 236 4202 deus
248 4147 382 4205 πηππππππ
410 4134 500 4205 Vidit
510 4134 590 4203 oltm
605 4147 637 4202 te
650 4147 709 4202 tica
722 4147 795 4202 tum
810 4133 1221 4246 Rotbomaqusyaminde
1237 4136 1389 4218 oprimis
1404 4137 1513 4220 αηππὶς,
1531 4136 1862 4228 quibusfaustefor-

160 4242 346 4321 tunateque
359 4255 492 4300 sacram
502 4232 654 4322 presulis
669 4245 701 4301 et
714 4232 871 4322 primatis
885 4232 990 4300 iniisti
1002 4231 1211 4322 diqnitatem‚
1224 4245 1351 4324 patruo
1367 4246 1434 4309 tuo,
1461 4235 1533 4302 uiro
1548 4247 1580 4302 et
1596 4235 1721 4326 pietate
1740 4246 1771 4302 et
1785 4233 1862 4304 doc-

156 4329 262 4409 trina,
279 4341 314 4396 et
322 4329 490 4420 pastorali
507 4329 622 4398 labore
635 4329 921 4398 immortalitatem
936 4331 1105 4398 memoriae
1115 4331 1309 4420 promerito,
1325 4353 1489 4399 successor
1512 4331 1622 4414 danis,
1649 4333 1684 4400 in
1709 4332 1774 4401 tuis
1792 4355 1863 4424 pu-

159 4425 253 4495 blicis
282 4427 494 4496 concionibus
521 4428 729 4538 prioatisque
751 4427 1034 4512 collocutionibus,
1066 4449 1170 4518 quam
1189 4440 1348 4518 prompta
1371 4440 1403 4496 et
1429 4431 1648 4520 extemporali
1671 4443 1808 4498 tame
1771 4431 1866 4521 felici

161 4522 360 4636 eloquentia,
375 4524 586 4594 sanctissima
603 4548 742 4637 qunque
752 4524 993 4637 infundentem
1010 4524 1232 4604 auditoribus,
1258 4524 1520 4594 reconditissima
1539 4539 1721 4612 ereceutem,
1749 4528 1864 4596 obscu-

160 4621 291 4690 rissirm
305 4622 543 4706 illustramem,
564 4623 815 4692 intricatissima
828 4646 897 4692 non
910 4624 1021 4691 minus
1036 4623 1163 4692 medice
1182 4645 1286 4713 quam
1310 4623 1456 4693 dilucide
1473 4638 1688 4694 reserantem.
1714 4625 1864 4694 Audive-

158 4729 286 4787 runtet
302 4733 334 4788 te
347 4723 400 4789 tui
421 4721 568 4804 Parisii,·
587 4720 790 4789 audiverunt
811 4721 949 4790 aduena
969 4723 1233 4812 frequentissimi
1259 4722 1339 4790 illuc
1357 4723 1581 4813 cortfluentes:
1612 4724 1805 4794 audivimus
1835 4734 1867 4790 et

28 4851 34 4864 ·
155 4838 221 4884 nos
237 4817 533 4908 obstupuimusque
546 4774 766 4896 belementer‚
784 4842 861 4887 cum
880 4819 917 4887 in
935 4819 1132 4888 doctissimis
1150 4841 1223 4910 que
1245 4820 1383 4910 publice
1403 4822 1467 4890 tuis
1492 4823 1528 4890 in
1550 4821 1675 4892 adibas
1697 4821 1865 4889 habeban-

157 4927 214 4982 tur
228 4915 527 5007 disceptationibus
541 4916 754 4998 demonibus
771 4916 812 4986 dc
828 4917 909 5008 fide,
927 4917 968 4985 de
981 4917 1172 5029 disciplina,
1195 4931 1327 4986 tantum
1350 4919 1518 4990 ecbiberes
1539 4918 1765 5013 prudentie'
1750 4941 1786 4986 πη
1809 4916 1866 4987 dc-

156 5011 326 5082 clinandis
340 5011 469 5082 duobus
481 5015 638 5104 scopulis,
655 5013 702 5082 ad
713 5037 795 5105 quos
805 5018 878 5105 fere
891 5015 1003 5082 ceteri
1015 5037 1127 5084 omnes
1141 5015 1339 5096 alliduntur,
1352 5017 1528 5087 intensiore
1540 5018 1661 5087 scilicet
1674 5019 1862 5111 seueritate,

158 5109 215 5176 ael
225 5110 414 5179 remissiore
429 5111 652 5203 indulqeatia‚
669 5135 850 5224 rerumque
858 5111 995 5203 pandus
1014 5125 1046 5181 et
1059 5112 1239 5181 dicendi
1205 5136 1272 5182 orm
1288 5115 1335 5183 sic
1353 5116 1549 5206 eloquentiae
1575 5115 1685 5204 lepore
1704 5127 1868 5207 tempera·

154 5229 225 5292 res,
243 5220 282 5276 ut
292 5229 411 5321 pranis
424 5210 565 5279 auribus
578 5223 715 5301 eccepto
728 5211 850 5279 oeritm
864 5212 1014 5279 omnium
1029 5211 1094 5279 sibi
1108 5212 1302 5281 conciliaret
1316 5235 1495 5293 assensum,
1509 5225 1540 5281 et
1552 5213 1640 5280 nulli
1626 5216 1868 5304 cquantumuis

29 5371 38 5383 ,
158 5307 355 5374 contumaci
367 5319 429 5376 aut
440 5308 556 5377 ππππηππ
567 5322 628 5378 ππηπ
643 5309 760 5377 liberet
775 5310 958 5398 refraqari.

206 5402 269 5471 His
281 5403 397 5493 plone
411 5417 476 5475 tua
486 5405 639 5496 fontibus
648 5429 752 5475 rioous
767 5418 800 5475 et
811 5405 869 5474 ille
882 5406 1008 5498 larqior
1017 5408 1207 5500 clariorque
1217 5408 1345 5477 lucis
1312 5430 1402 5475 rcous
1413 5406 1539 5476 aceedit
1541 5408 1675 5498 ,'quod
1661 5433 1696 5478 m
1705 5409 1868 5522 auqustis·

158 5498 257 5570 simis
270 5501 353 5571 cleri
366 5503 535 5573 Gallicani
544 5504 757 5586 consessibus
773 5525 850 5572 otim
870 5516 907 5572 tu
925 5505 1151 5594 infulatorum
1167 5509 1322 5584 Petrum,
1347 5505 1557 5596 aliorumque
1575 5531 1617 5575 ee
1637 5520 1705 5576 toto
1729 5506 1868 5598 imperio

157 5598 359 5670 selectarum
376 5601 521 5670 comitiis
534 5625 576 5671 cce
589 5601 741 5670 amnium
759 5615 835 5670 uoto
850 5600 893 5670 de
910 5625 1003 5671 more
1017 5603 1225 5694 praesideres,
1245 5602 1400 5672 Ecclesia
1418 5616 1450 5672 et
1467 5606 1623 5698 reliqioni
1645 5618 1737 5698 tanta
1759 5602 1869 5674 studio

158 5696 382 5782 emmaum
398 5699 532 5792 apenda
544 5713 617 5772 tam
637 5699 785 5794 sapienti
797 5701 1058 5795 artediqessisti,
1075 5715 1113 5772 ut
1125 5701 1237 5772 nullus
1254 5723 1323 5770 non
1343 5702 1520 5818 inteltiqat,
1542 5725 1711 5794 nusquam
1726 5702 1873 5795 feliciori

159 5818 325 5870 consensu
339 5798 517 5892 imperium
534 5823 609 5870 cum
623 5797 818 5883 sacerdotia,
839 5801 1064 5874 sacerdotium
1091 5823 1168 5872 cum
1186 5801 1327 5898 imperio
1343 5805 1558 5896 conspirasse,
1585 5825 1688 5897 queam
1707 5817 1744 5874 tu
1760 5821 1869 5872 sacer·

67 5948 192 6138 φο
327 5945 461 6012 einos.
483 5945 565 6015 xlv.
1691 5947 1706 6018 π
