4159 6184
275 307 332 372 err
1003 301 1021 362 s
1058 293 1243 365 caenosa
1315 336 1319 345 ·
1377 332 1380 337 ·
1880 317 1926 387 gr

224 439 227 446 ’
276 437 387 498 inimici
403 434 711 507 olgicerepetuerunt,
732 433 864 508 quicum
894 437 1012 506 prepter
1039 431 1138 504 elisA
1153 449 1260 508 penam
1276 450 1364 508 super
1378 434 1478 492 sedem
1492 437 1575 498 tuum
1590 434 1674 507 (Paul.
1689 451 1778 508 carr,
1801 438 1848 513 tl),
1871 466 1881 492 ι
1903 446 1927 506 121

276 523 515 596 dietausquead
531 539 632 582 necem
659 521 898 596 suntpersecuti.
930 521 1027 580 Unum
1043 521 1097 578 Da·
1152 522 1278 581 Psalmis
1293 523 1394 597 itaque
1408 523 1680 585 subsannantem
1703 525 1821 588 camier
1843 530 1929 603 ieeur,

274 613 333 674 niel
349 615 429 687 (ean.
446 630 489 681 ru,
503 612 560 684 52),
581 628 674 668 unum
689 612 825 670 Hubacuc
855 611 966 684 (Helua
998 627 1040 680 ιιι,
1055 613 1096 680 2).
1151 611 1307 670 sedetiam
1322 611 1480 671 salutarem
1495 611 1578 672 illam
1602 612 1727 688 suscipit
1752 617 1864 692 corperis
1882 638 1931 696 pu.

234 734 236 742 ν
273 701 595 775 Salameuipsellavid
611 700 700 770 filius,
726 699 796 760 licet
823 699 958 758 inumera
982 698 1099 765 ¹centina
1152 700 1276 777 sienem,
1290 700 1428 780 quiescit,
1442 702 1578 776 resurgit,
1594 702 1771 764 aseenditnd
1789 705 1930 776 numm,

274 793 415 852 cecinisse
430 790 554 858 dicetur,
570 806 661 848 unum
678 793 776 850 tamen
805 787 883 864 qued
910 787 1038 847 deeleeia
1052 803 1097 845 ra·
1152 789 1202 848 det
1215 792 1255 848 sd
1267 790 1414 850 dexteram
1433 789 1534 851 Petris.
1549 791 1582 848 ld
1596 791 1675 866 qued
1698 809 1777 857 neme
1802 774 1930 871 presump-

274 880 590 958 superincubuerunt
609 877 761 937 Canticum
779 877 942 952 dereliquit.
970 876 1002 934 lu
1030 874 1097 939 aliis
1151 883 1229 936 serat
1242 878 1397 943 hombure
1412 878 1518 950 disere,
1534 879 1588 937 bec
1601 878 1683 939 selus
1702 880 1746 938 bic
1759 881 1884 956 Propheta
1896 903 1932 944 sn·

273 972 364 1044 igitur
378 967 495 1042 singula
507 969 657 1027 advertere
670 966 748 1024 licet.
1151 968 1307 1040 nuntiarit,
1319 973 1423 1044 pestm
1437 967 1501 1042 ipse
1514 968 1657 1026 Deuainus
1670 967 1702 1026 iu
1716 968 1854 1044 Euergetie
1877 990 1932 1046 prs·

309 1063 336 1116 7.
352 1057 481 1116 Historia
491 1055 623 1123 instruit,
639 1055 687 1114 lex
700 1056 794 1126 decet,
810 1055 964 1129 prephetia
984 1069 1096 1120 aunuu-
1151 1055 1257 1115 dicauit
1271 1057 1348 1130 (tete.
1363 1073 1442 1126 xxm,
1455 1056 1512 1128 ll).
1716 1127 1719 1134 ¹

273 1148 338 1218 liat,
353 1146 495 1220 correptio
510 1145 644 1219 castigat,
660 1144 812 1202 moralitas
826 1143 931 1202 suadet
948 1159 954 1198 :
975 1144 1005 1200 in
1021 1142 1096 1202 libre
1185 1147 1212 1203 9.
1230 1145 1338 1205 Omnes
1352 1149 1492 1219 praterea
1500 1145 1659 1220 scriptores
1673 1144 1932 1221 Psstmerumiusuis

272 1237 456 1295 Psalmerum
485 1234 633 1308 proiectus
661 1239 707 1292 eet
736 1233 879 1302 emnium.
898 1238 929 1290 et
950 1230 1097 1290 medicina
1149 1232 1415 1306 seriptieexempla
1427 1238 1599 1308 pesuerunt,
1615 1239 1667 1293 aut
1679 1232 1855 1308 dmuadictc
1869 1253 1931 1311 supe

271 1327 408 1400 quedem
419 1324 523 1384 suetis
537 1323 683 1380 humane.
704 1323 876 1396 Quicunque
903 1319 1015 1394 legerit,
1043 1319 1095 1378 ba·
1151 1323 1262 1381 merum
1279 1340 1286 1381 ι
1303 1321 1413 1390 Psalmi
1426 1321 1501 1381 nibil
1513 1326 1618 1396 preter
1631 1322 1710 1396 qued
1723 1339 1806 1391 auum
1826 1329 1872 1392 cst,
1894 1325 1931 1383 ba·

272 1415 394 1489 batque
408 1413 532 1486 proprie
548 1411 669 1468 vulnera
683 1411 831 1483 passionis
855 1409 972 1484 speciali
1003 1407 1096 1482 possit
1149 1413 1229 1470 bent.
1244 1411 1319 1478 Ouid
1334 1410 1424 1484 igitur
1438 1409 1555 1470 Psalmo
1575 1409 1716 1485 gratius?
1743 1410 1818 1478 Unde
1840 1412 1932 1486 pulchre

272 1521 375 1562 curare
391 1502 529 1560 remedie.
545 1500 716 1573 Quicunque
732 1515 848 1558 cernere
872 1497 1006 1569 veluerit,
1033 1502 1096 1554 tsn-
1149 1500 1212 1574 ipse
1227 1499 1316 1558 Dauid
1333 1516 1341 1555 z
1356 1523 1371 1550 α
1388 1499 1527 1570 laudate,
1542 1500 1651 1574 iuquit,
1665 1499 1800 1572 quonum
1812 1500 1892 1561 benus
1900 1505 1933 1570 ast

271 1609 362 1667 quum
377 1591 407 1655 in
422 1589 572 1648 eemmuni
593 1589 759 1646 animarum
785 1586 949 1662 gymnasie,
964 1591 993 1643 et
1022 1602 1095 1659 que·
1152 1587 1285 1647 Psalmus
1301 1606 1308 1645 :
1323 1592 1381 1644 Dee
1395 1591 1496 1646 nostre
1508 1587 1703 1662 sitjueunda,
1717 1588 1866 1662 decoreque
1886 1588 1933 1659 iru-

254 1735 255 1738 ,
271 1685 339 1744 dum
350 1681 596 1740 stadievirtulum
607 1678 836 1750 diversagenero
845 1675 1040 1734 certaminum
1048 1691 1093 1732 re·
1149 1677 1227 1735 datie
1240 1679 1324 1751 (Prot.
1340 1693 1432 1745 aaut,
1447 1677 1486 1748 l).
1502 1699 1516 1729 r
1532 1677 1569 1735 llt
1581 1693 1657 1745 uere,
1673 1675 1803 1742 Psalmis
1816 1677 1882 1734 ertu
1897 1677 1932 1739 bs·

271 1773 388 1846 periens
399 1773 571 1843 prosperata,
582 1769 611 1824 id
627 1767 683 1824 sibi
694 1766 792 1839 eligat,
803 1767 851 1824 eui
862 1782 892 1822 se
903 1763 1095 1838 intelligitap·
1109 1802 1133 1868 B
1149 1764 1276 1825 nedictie
1290 1765 1391 1840 populi
1405 1769 1458 1829 est,
1473 1764 1526 1822 Dei
1540 1764 1615 1833 taus,
1631 1764 1727 1839 plebis
1741 1764 1866 1836 tenerur,
1874 1764 1934 1837 ptr

269 1862 386 1929 tiorum,
402 1875 461 1930 quo
479 1855 594 1914 facilius
608 1854 758 1929 perveniet
772 1855 808 1910 ad
837 1869 986 1911 seronem.
1012 1852 1096 1909 w)
1149 1854 1359 1924 aesomnium,
1375 1869 1472 1915 sermo
1498 1853 1718 1921 uniuersorum,
1745 1870 1795 1924 rer
1819 1851 1933 1920 sedem

270 1950 303 2006 si
322 1947 390 2021 quis
404 1951 490 2020 gesta
503 1960 668 2003 suscensere
685 1944 831 2015 majerum
861 1942 990 2010 studeat,
1006 1944 1095 2013 atque
1149 1943 1219 2016 fidei
1232 1959 1339 2003 muers
1352 1942 1509 2012 ceuleasie,
1524 1940 1708 2007 auetoritub's
1735 1940 1817 2016 plena
1836 1940 1933 2008 darete,

270 2036 381 2102 imitari
395 2035 473 2102 velit,
490 2035 569 2091 intra
579 2049 673 2089 unum
689 2030 838 2088 Psalmum
850 2031 933 2104 (Paul.
957 2046 1062 2097 mvn,
1077 2028 1095 2083 8
1149 2031 1294 2090 liber-mis
1307 2030 1419 2099 letitie,
1434 2029 1764 2103 clamerjueunditatia,
1789 2028 1879 2089 testie
1900 2045 1933 2086 rc·

269 2131 296 2187 aa
305 2126 372 2198 rap.)
387 2129 480 2184 mtsm
494 2131 621 2196 paterna
636 2119 767 2178 historie
776 2119 883 2178 seriem
897 2119 1004 2192 accipit
1014 2134 1093 2176 eom·
1150 2120 1280 2179 sullutie.
1295 2121 1340 2176 Ab
1354 2118 1509 2180 iracundis
1521 2117 1649 2190 mitiget,
1664 2116 1876 2190 asessieitudine
1896 2117 1935 2172 ab·

270 2215 444 2288 prehensam
461 2230 468 2281 ;
486 2217 518 2268 ut
545 2210 718 2268 thesaurum
741 2207 888 2266 memorie
917 2205 1093 2280 compendio
1148 2211 1238 2278 dieat,
1266 2207 1720 2276 recrastinationem
1745 2223 1830 2276 urum¹
1854 2206 1936 2262 diune

269 2299 404 2364 bedenis
417 2297 560 2372 acquirat.
576 2296 716 2354 Faciliora
731 2312 848 2368 queque
862 2295 1007 2365 uidentur,
1029 2309 1094 2364 qus
1148 2296 1320 2372 magisteria
1333 2315 1340 2366 ;
1352 2299 1475 2362 sonuum
1489 2295 1521 2354 in
1536 2295 1652 2364 umere,
1669 2295 1775 2361 festum
1801 2295 1828 2352 in
1852 2292 1935 2352 seneli·

269 2383 670 2460 breviusenpliesntur.lllud
685 2383 774 2442 etiam
791 2380 1092 2456 quantocititudinis·
1148 2389 1217 2455 tata,
1233 2387 1330 2460 image
1344 2382 1579 2457 baugufflitatis,
1594 2383 1704 2458 pignus
1717 2382 1936 2458 pacisatqueeeu·
2012 2402 2013 2415 ι

270 2478 347 2552 qued
364 2476 443 2537 brevi
454 2473 606 2534 interuallo
623 2491 630 2542 ;
646 2473 840 2530 offensionum
855 2459 1095 2528 adversadistin·
1150 2473 1405 2548 sortirenturue
1417 2471 1554 2542 mudeex
1567 2471 1938 2546 diumsisetdisparibusre·
2012 2484 2013 2487 ’

268 2567 322 2634 rit,
337 2569 367 2624 et
380 2561 625 2624 reconciliationis
648 2561 778 2618 secunde
791 2559 976 2629 substexuit;
1007 2562 1039 2616 ut
1053 2557 1094 2615 si·
1149 2563 1233 2620 cibus
1260 2579 1350 2620 unam
1391 2561 1559 2633 exprimens
1587 2560 1773 2626 cantilenam.
1798 2559 1854 2618 ilici
1875 2561 1937 2614 ortus

269 2653 332 2712 mul
347 2668 521 2727 eegneseere
536 2650 606 2724 quid
630 2647 846 2708 incredulitatis
866 2649 989 2706 ‚obesset
1003 2647 1093 2705 ellen-
1147 2650 1299 2717 Pamisum
1313 2649 1445 2720 resultat,
1459 2647 1612 2711 Psalmum
1627 2654 1747 2718 resonat
1760 2663 1878 2706 occasus.
2012 2696 2013 2713 ,

269 2760 313 2811 se,
329 2741 400 2816 quid
416 2741 489 2798 tides
508 2742 645 2812 prompta
658 2738 802 2794 conserret
815 2737 829 2791 ‘l
843 2736 874 2792 Si
889 2735 956 2810 quis
970 2735 1028 2793 vim
1052 2732 1093 2792 le·
1186 2742 1259 2799 ul
1277 2739 1416 2799 Mulieres
1424 2737 1583 2812 Apostolus
1593 2737 1625 2797 iu
1646 2737 1778 2801 Mesia
1802 2743 1885 2808 urus
1901 2735 1938 2806 ia·

268 2833 314 2906 gis
328 2829 472 2904 explorat,
486 2845 552 2902 quaa
566 2831 627 2886 teta
642 2827 672 2884 in
686 2824 802 2884 macule
812 2823 965 2884 eharitatis
975 2827 1021 2882 est
1031 2822 1094 2897 (qui
1148 2830 1198 2886 bet
1210 2829 1260 2901 (6).
1276 2827 1426 2888 Psalmum
1440 2825 1530 2889 maan
1544 2826 1620 2885 bene
1633 2825 1765 2897 clement
1779 2841 1786 2882 ε
1813 2823 1855 2882 bic
1877 2819 1939 2890 enni

270 2919 348 2978 enim
363 2917 461 2990 diligit
475 2916 652 2990 proximum,
669 2912 764 2988 legem
792 2911 944 2986 implevit),
960 2912 1001 2969 in‘
1014 2909 1094 2971 Psal-
1147 2916 1243 2981 dulcis
1252 2917 1345 2986 atati,
1360 2916 1408 2975 laic
1428 2915 1544 2988 utrique
1558 2918 1646 2988 opttus
1659 2921 1708 2976 eat
1720 2915 1811 2982 sexui.
1823 2913 1894 2982 Hune
1904 2926 1937 2970 se·

271 3006 543 3080 mislegetqusnte
559 3003 725 3072 dilectionis
739 3003 845 3059 allecto
860 3014 913 3075 pre
931 3000 1020 3058 wtiue
1035 2998 1094 3072 ple·
1148 3023 1203 3062 nes
1215 3003 1313 3078 rigore
1325 3003 1485 3070 senectutis
1496 3003 1631 3076 deposito
1645 3008 1767 3074 cauum,
1795 3002 1864 3061 bure
1882 2998 1938 3061 ree·
2012 3002 2013 3015 ¹

269 3097 316 3155 bis
331 3095 472 3170 oppobrio
487 3093 663 3167 repellendo,
680 3090 819 3165 perieulis
834 3107 865 3148 ee
880 3088 1020 3164 gravibus
1046 3104 1093 3145 se·
1148 3093 1212 3158 rani
1227 3092 1328 3155 tricies
1341 3091 1374 3151 in
1387 3091 1489 3163 emdis
1498 3091 1546 3150 aui
1569 3091 1758 3164 iucunditate
1783 3087 1938 3162 respoudeat.

269 3185 316 3244 lus
329 3183 468 3257 ebjeearit
484 3201 492 3252 ;
507 3183 537 3238 in
552 3199 610 3254 que
626 3197 684 3238 nen
707 3180 850 3253 imparem
864 3177 1016 3238 charitatis
1030 3164 1131 3250 glo-tl
1147 3182 1429 3255 lauuejureuessiue
1440 3174 1939 3247 invidiaeautautlescivisbpaetdt

269 3275 345 3332 riam
365 3269 648 3345 triumpheuirtutis
670 3271 818 3340 agnoscet.
848 3266 877 3323 si
905 3266 971 3340 quis
999 3265 1094 3322 corre·
1149 3269 1291 3327 lesceutes
1299 3268 1488 3329 sinelebrica
1498 3267 1593 3328 statis
1602 3269 1778 3343 periculosi
1791 3265 1939 3334 termento

270 3361 404 3436 ptiedum
419 3375 495 3416 sava
508 3357 657 3426 tormidet,
671 3356 771 3417 audiet
784 3355 929 3412 dicentem
946 3371 953 3409 :
969 3377 983 3405 e
999 3354 1097 3415 Demi·
1149 3359 1309 3418 concinunt
1328 3357 1668 3430 voluptrtietuvenrute
1683 3359 1752 3431 man
1766 3358 1826 3424 sine
1845 3353 1938 3425 dispen-

270 3466 318 3516 ne‚
333 3448 412 3506 usin
430 3447 537 3504 iratur
556 3461 663 3520 arguas
679 3462 736 3510 me,
752 3461 848 3520 nequa
864 3444 893 3500 iu
923 3445 1020 3500 lurore
1044 3447 1095 3501 tue
1149 3443 1660 3520 diemetreaalispsalluntpuderis,
1675 3443 1874 3520 puellulsaiaa
1886 3451 1939 3514 pre·

270 3537 413 3611 eerripiss
428 3552 475 3593 me
488 3535 564 3592 Prel.
579 3551 619 3602 ιιι,
633 3535 661 3607 2)
680 3553 687 3604 ;
709 3557 724 3585 »
739 3537 768 3591 et
782 3533 876 3593 diseat
903 3532 1095 3606 quemadmo-
1150 3534 1472 3610 lapsieueserecundio
1482 3551 1551 3594 eum
1561 3529 1940 3608 soensuugrrritrtistla

271 3627 342 3684 dum
358 3625 462 3682 debeat
476 3625 544 3681 irati
563 3623 675 3696 judieis
690 3627 853 3696 temperare
867 3637 1035 3682 censuram.
1065 3619 1096 3675 Si
1151 3642 1223 3685 num
1238 3623 1514 3695 urolruernraets
1527 3616 1942 3693 suavilatameduluuturllutt

272 3715 342 3786 quie
357 3712 502 3787 patientis
521 3728 697 3786 cognoscere
724 3712 813 3785 gestit
838 3708 1003 3783 exemplum
1019 3708 1098 3784 legat
1152 3717 1250 3772 tenere
1264 3713 1355 3787 gestit
1369 3712 1496 3786 pueritia
1508 3713 1559 3785 (ι),
1571 3713 1650 3780 hune
1667 3711 1801 3776 meditari
1814 3703 1942 3782 peteu-

274 3803 304 3860 in
335 3800 459 3860 Psalmis
475 3819 481 3858 ι
500 3822 514 3852 a
531 3801 561 3860 Si
577 3799 690 3858 reddidi
705 3797 935 3858 retribuentibus
950 3796 1023 3854 mibi
1038 3813 1099 3856 ma·
1151 3802 1328 3874 sentiamus
1342 3800 1471 3868 declinat
1486 3801 1627 3865 rubera
1653 3801 1757 3870 leuitt
1785 3797 1890 3873 illim
1910 3790 1944 3860 *ι

276 3889 406 3964 la(Psal.
421 3906 472 3958 vn,
493 3889 546 3959 5);
577 3910 592 3939 r
621 3893 651 3945 et
677 3885 892 3960 adveniatquin
918 3888 1097 3963 preceptum
1151 3891 1205 3948 isle
1219 3889 1356 3947 doctrina
1372 3889 1495 3968 majoris
1508 3889 1670 3962 prefectus,
1685 3905 1775 3967 quam
1802 3902 1863 3942 euru
1886 3875 1944 3937 seria

178 4043 182 4050 ¹
270 3978 477 4052 Evangelicuut
492 3975 598 4050 spiritu
614 3973 754 4050 previdit,
770 3974 877 4032 virtute
892 3970 1098 4048 prevenitlla·
1151 3976 1453 4052 traditurdiaciplina.
1469 3978 1617 4053 Quantum
1632 3977 1785 4051 laboratur
1799 3977 1828 4037 iu
1848 3963 1944 4028 etclttlt

270 4067 323 4124 bes
338 4067 436 4139 itaque
451 4064 524 4122 illud
543 4063 748 4139 proverbiale:
779 4085 793 4114 ι(
823 4062 897 4128 Ouia
924 4066 1097 4122 mansuetus
1151 4064 1665 4134 utllatsileutium,eumleetieues
1680 4059 1943 4140 legunturlbitt⁰³

271 4155 369 4223 bonae,
385 4153 481 4212 cerdis
497 4159 543 4210 est
557 4153 689 4210 medicus
699 4153 793 4225 (Prae.
809 4169 868 4220 rev,
884 4151 939 4218 30).
956 4171 971 4203 r
988 4151 1017 4208 Si
1029 4150 1097 4224 quis
1151 4155 1299 4230 loquatur,
1316 4155 1492 4229 obstrepunt
1508 4154 1636 4212 unirersi
1651 4156 1693 4228 (8)
1709 4172 1717 4224 ;
1744 4167 1811 4209 cunr
1836 4144 1941 4214 Mnus

272 4243 561 4319 pretereaedversus
575 4239 710 4315 nequitis
725 4240 868 4315 spiritalis
882 4239 1019 4297 incursus
1033 4238 1098 4296 vult
1150 4245 1267 4318 legitur,
1296 4244 1360 4317 ipse
1396 4243 1453 4301 sibi
1486 4246 1531 4300 ast
1562 4243 1681 4303 effector
1713 4239 1830 4300 silentii,
1859 4235 1942 4295 omns

271 4349 335 4390 esse
351 4331 578 4404 munitus‚quid
596 4331 691 4404 magis
716 4327 794 4404 qued
825 4327 1010 4404 psallendum
1040 4325 1097 4383 sibi
1150 4333 1322 4407 loquuntur,
1337 4335 1368 4389 et
1378 4330 1481 4393 nullus
1493 4331 1647 4404 obstrepit.
1663 4331 1812 4399 Psalmum
1825 4339 1896 4400 reges
1911 4317 1941 4374 ti·
2012 4324 2013 4343 l

274 4437 340 4477 esse
358 4419 469 4476 neverit
484 4421 498 4475 t
527 4417 676 4477 Psallebet
704 4417 793 4476 lluvid
818 4415 1042 4488 adolescentior,
1068 4418 1098 4471 ct
1151 4439 1187 4480 ne
1221 4420 1354 4480 otestetis
1368 4419 1524 4493 supercilio
1539 4418 1696 4486 monitant.
1713 4421 1746 4479 ln
1760 4407 1943 4479 tueamini*

274 4507 372 4564 Saulis
388 4523 514 4580 nequem
530 4507 667 4581 spiritum
690 4507 819 4580 lugebat,
836 4507 887 4579 qui
915 4522 983 4562 eum
1012 4509 1134 4597 antean
1149 4516 1222 4569 tene
1237 4510 1326 4567 David
1340 4509 1488 4583 gaudebat
1501 4507 1603 4565 sideri.
1620 4507 1758 4566 Psalmus
1782 4506 1904 4571 canutup
1915 4493 1942 4548 eb

278 4597 452 4672 stringebat.
1150 4595 1388 4673 imperatoribus,
1400 4596 1548 4670 jubilatur
1560 4615 1578 4658 a
1592 4597 1721 4672 populis.
1736 4596 1848 4657 Certant
1859 4589 1942 4646 clems-

309 4687 336 4744 8.
353 4683 394 4744 Dc
420 4685 527 4744 virtute
553 4689 651 4742 sutem
681 4685 840 4760 prophetica
866 4684 936 4757 quid
966 4683 1099 4756 loquar?
1150 4685 1551 4762 resiuguliquedemnibus
1571 4687 1697 4760 prolicit.
1724 4684 1808 4744 Demi
1834 4675 1942 4747 Psalmo!

276 4775 359 4842 Quod
374 4773 424 4834 alii
440 4773 691 4833 annuntiaverunt
703 4791 754 4848 per
766 4774 933 4845 enigmata,
949 4771 1018 4832 huie
1041 4771 1097 4837 seli
1149 4777 1277 4847 canitur,
1290 4775 1363 4838 ieris
1380 4779 1563 4840 ¹accerseretur.
1580 4774 1650 4838 Siue
1678 4773 1778 4834 lubere
1801 4764 1942 4846 percipitur.

272 4863 369 4939 palam
385 4867 473 4937 atque
488 4867 587 4936 aperte
611 4862 726 4920 videtur
753 4877 817 4919 esse
845 4862 1035 4934 premissum,
1064 4864 1098 4917 ut
1150 4882 1219 4922 cum
1232 4864 1380 4938 veluptate
1394 4861 1943 4932 senatur;l>srtmurutssteenteswt¹¹·

246 4953 421 5010 vDominus·
441 4952 528 5011 lesus
543 4969 579 5008 ex
600 4951 664 5024 ejus
679 4951 792 5009 semine
814 4953 990 5008 nasceretur,
1020 4949 1099 5007 sicut
1150 4954 1202 5023 let,
1231 4951 1382 5010 discordes
1413 4951 1517 5019 sociat,
1550 4951 1677 5009 elienses
1699 4945 1867 5009 reconciliat.
1889 4932 1943 5003 0³5⁸

272 5041 344 5100 dixit
358 5042 394 5100 ad
410 5059 477 5100 eum
492 5041 660 5099 Dominus:
691 5063 706 5094 a
721 5040 762 5097 lle
790 5039 887 5099 fructu
915 5039 1024 5098 ventris
1053 5038 1097 5095 tui
1150 5041 1229 5103 enim
1245 5039 1584 5110 nenremittntei,eum
1605 5057 1664 5114 quo
1692 5056 1783 5099 unam
1809 5034 1843 5093 sd
1867 5029 1939 5088 trau

306 5184 346 5254 (6)
360 5184 412 5242 llic
427 5185 517 5243 trudit
529 5183 703 5242 Ambrosius
716 5179 891 5260 Apostolum
908 5180 1097 5255 prohibuisse
1150 5185 1200 5247 tta.
1215 5181 1397 5250 Meliusnlii,
1411 5185 1528 5241 emer:
1558 5179 1600 5236 ibi
1627 5179 1708 5240 enim
1735 5163 1940 5252 subsedendum

271 5255 392 5328 quidam
405 5272 440 5313 ne
457 5257 485 5312 in
500 5254 624 5313 eeclesia
638 5257 775 5313 docerent
791 5253 940 5322 mulieres,
958 5270 1015 5310 neu
1040 5269 1096 5311 eu·
1150 5256 1320 5324 manerius,
1328 5253 1358 5310 id
1372 5257 1426 5320 est,
1439 5253 1510 5308 seire
1520 5249 1550 5308 nl
1560 5255 1726 5328 opponatur
1735 5248 1861 5321 sequenti
1869 5247 1940 5322 meu·

270 5330 331 5406 tem
347 5344 382 5384 ne
408 5327 576 5399 psallerent.
603 5327 637 5382 st
662 5343 762 5384 revera
776 5324 857 5399 ipses
872 5323 966 5382 saneti
982 5327 1095 5383 Praesu-
1151 5328 1215 5400 bro,
1230 5326 1303 5385 tunc
1316 5324 1448 5386 meditari
1459 5323 1526 5397 (hee
1540 5325 1596 5391 est,
1609 5322 1724 5397 dorm)
1746 5315 1841 5396 psum
1864 5307 1939 5380 ΜΨ·

271 5395 308 5452 lrs
322 5403 406 5454 stete
420 5399 550 5471 psalmes
564 5403 681 5456 unumne
694 5397 725 5454 iu
740 5395 832 5456 sacris
847 5394 1038 5454 conventibus
1048 5412 1096 5452 se·
1135 5400 1203 5461 tie.
1842 5455 1848 5466 ,

270 5464 340 5523 litas
354 5477 434 5549 extra
447 5469 572 5526 dubium
589 5472 652 5536 cst;
669 5474 699 5528 et
728 5486 781 5527 nes
810 5484 863 5526 sue
878 5467 942 5525 lece
972 5466 1096 5526 demen-
1187 5468 1227 5541 (8)
1241 5467 1305 5544 Yet.
1321 5467 1392 5526 edit.
1407 5481 1475 5527 cum
1491 5481 1562 5523 mss.
1575 5465 1658 5541 fleg,
1672 5462 1753 5532 Colle,
1768 5464 1796 5544 pt
1818 5455 1892 5515 trec,
1903 5441 1941 5500 Oi

271 5538 442 5596 strrbrmus.
1151 5543 1250 5616 strepit
1265 5535 1549 5606 ereverrermelius
1564 5537 1724 5601 comeum
1738 5533 1810 5601 alus,
1820 5516 1941 5595 tillidi

308 5605 347 5684 lt)
360 5606 436 5664 tuit.
452 5613 481 5666 at
495 5609 553 5667 uuo
568 5627 653 5680 rues,
674 5611 752 5672 suec
776 5615 870 5676 terrem
898 5610 979 5684 uestit
999 5613 1095 5686 purri-
1151 5612 1284 5676 ericen.
