4159 6184
172 340 215 403 ιι
845 321 939 385 ura
961 318 994 381 a.
1017 316 1207 387 aunuasu
1844 331 1883 396 ιι

174 470 241 527 dinc
262 466 361 525 subito
383 467 517 537 arreptus
532 479 550 519 a
564 460 668 535 spiritu
691 458 857 524 immundo,
874 456 999 510 clamare
1013 450 1042 518 Α
1058 453 1104 523 ip
1108 474 1155 510 aru
1181 476 1246 513 ura
1271 460 1430 519 Maximum
1454 481 1472 519 a
1494 461 1712 521 communionis
1735 466 1884 524 consortio

173 558 261 661 erepit
284 556 325 613 ita
347 552 478 628 torqueri
500 568 551 610 eas
566 550 633 623 (12),
655 548 719 606 ut'
711 564 775 622 ipse
799 542 1000 618 torquebatur
1057 548 1230 618 segregavit,
1245 548 1406 608 admonens
1432 555 1463 608 at
1488 551 1573 609 effusi
1600 550 1755 627 sanguinis
1770 552 1884 612 domiui

173 648 223 723 qui
244 648 385 721 negarent
408 645 562 715 martyres
578 638 621 697 vel
640 638 690 712 qui
714 654 771 694 uon
798 630 979 693 crederent
971 646 1001 684 ιιι
1057 631 1113 699 sui,
1127 636 1156 689 et
1177 638 1255 737 quod
1272 643 1315 695 est
1331 640 1459 713 gravius,
1476 641 1653 713 innocentis,
1669 645 1769 715 ageret
1790 644 1886 716 preri-

87 728 90 735 “
172 734 324 793 Trinitatis
342 732 497 794 unitatem,
511 746 598 803 quam
617 730 701 785 docet
715 721 897 784 Ambrosius.
910 723 944 776 nt
960 717 1001 773 illi
1057 722 1191 794 tentiam,
1207 725 1231 782 ei
1248 725 1305 783 sibi
1319 728 1397 800 apud
1413 728 1505 785 Deam
1521 729 1608 786 vellet
1622 744 1688 786 esse
1703 730 1886 790 consultum.

173 824 228 882 bau
241 839 311 881 voce
321 820 445 889 confusi,
458 836 508 893 qur
500 817 649 876 'conuerti
662 817 834 879 debuerant,
842 814 871 869 et
881 810 1001 882 dignam
1057 807 1113 865 Sed
1126 808 1176 869 ille
1189 829 1256 871 cum
1271 816 1474 889 paenitentiam
1485 817 1614 875 declinat
1628 819 1756 892 superbo
1768 820 1885 895 spiritu,

171 912 224 970 tali
253 910 436 969 confessicae
460 923 546 982 agere
573 902 809 981 peonitentiam,
802 918 832 957 m
857 898 1001 973 piscinam
1057 899 1226 957 uonsolarn
1245 903 1449 973 suturamsed
1465 904 1552 963 etiarn
1568 911 1742 979 presentem
1758 907 1887 967 salutem

173 1004 341 1060 demersum
357 998 508 1056 hominem
529 998 715 1062 necaverunt,
732 990 860 1066 perfidiae
878 986 1001 1045 homini·
1057 987 1168 1058 emisit,
1184 1006 1368 1065 regnumque
1382 996 1461 1067 quod
1478 994 1554 1053 male
1575 995 1749 1070 arripuerat,
1762 998 1886 1056 leminea

173 1090 255 1147 diam
281 1084 628 1161 edJ‘ungentes3deduxit
653 1082 731 1139 enim
762 1078 830 1136 illos
858 1078 893 1134 ad
924 1076 1002 1132 hunc
1058 1076 1184 1148 quodam
1199 1080 1887 1159 modo,timoredeposuit,utprocuratoremse

173 1180 262 1236 linem
290 1178 378 1251 digna
405 1174 576 1232 necessitas.
597 1173 724 1229 Sanctus
738 1184 807 1225 vero
829 1165 1002 1223 Ambrosius
1056 1164 1885 1246 reipublicu,nauimpcratorcmluisse(ll)c0atiteretur.

172 1266 328 1341 episcopus
347 1265 468 1337 majoris
487 1259 663 1319 humilitatis
677 1259 722 1316 vir
736 1258 842 1324 lactus,
859 1256 1001 1312 donatam
1093 1255 1137 1310 20.
1149 1255 1264 1314 Mortua
1276 1275 1345 1316 vero
1358 1260 1486 1331 lustina,
1497 1262 1618 1335 quidam
1634 1262 1781 1336 haruspex
1797 1263 1886 1321 luno-

173 1355 230 1411 sibi
255 1371 272 1412 a
293 1354 418 1411 Domino
446 1351 570 1425 gratiam
595 1348 773 1415 reservabat,
796 1345 1003 1418 crescebatque
1056 1343 1171 1401 centius
1181 1346 1310 1417 romine,
1322 1366 1379 1406 non
1390 1353 1488 1406 tamon
1499 1366 1596 1424 opere,
1609 1352 1666 1425 (15)
1676 1368 1744 1408 cum
1755 1352 1785 1408 iu
1797 1369 1887 1411 cauea

173 1443 303 1517 quotidie
319 1443 376 1499 tide
391 1445 418 1497 et
434 1454 532 1496 amore
547 1455 645 1495 caram
661 1438 720 1495 Deo
736 1441 766 1494 et
782 1432 964 1492 hominibus.
1056 1432 1269 1491 maleficiorum
1286 1452 1303 1493 a
1313 1437 1414 1509 judice
1431 1441 1617 1513 torqueretur
1635 1440 1713 1497 aliud
1737 1457 1825 1514 quarn
1839 1442 1886 1500 in-

209 1534 253 1588 17.
270 1532 324 1589 Per
337 1530 415 1585 idem
431 1532 550 1601 tempus
570 1531 633 1584 erat
654 1526 774 1600 quidam
789 1525 834 1581 vir
848 1524 884 1580 de
898 1521 1002 1579 heresi
1056 1522 1263 1595 terrogabatur
1284 1524 1371 1583 lateri
1392 1528 1480 1601 coepit
1495 1546 1502 1584 ι
1519 1527 1666 1585 clamabat
1679 1529 1759 1586 enim
1781 1530 1817 1586 ab
1833 1548 1886 1587 nn·

172 1620 357 1685 annuorum,
370 1616 531 1674 acerrimas
545 1612 858 1688 nimiumliisputator,
870 1617 898 1668 et
909 1612 1001 1668 duras
1057 1608 1121 1682 gelo
1145 1612 1258 1682 majora
1281 1617 1427 1671 tormenta
1440 1615 1497 1673 sibi
1514 1616 1646 1674 adbiberi
1661 1634 1695 1675 eo
1710 1618 1760 1692 qui
1788 1626 1885 1678 custo·

172 1714 258 1783 atque
272 1704 503 1763 inconvertibilis
518 1706 553 1761 ad
576 1705 663 1761 iidem
690 1703 875 1761 catholicum.
890 1701 918 1757 ls
933 1716 1002 1755 ron·
1056 1698 1133 1754 diret
1159 1700 1364 1771 Ambrosium
1391 1705 1532 1777 quoniam
1555 1707 1739 1781 temporibus
1762 1708 1885 1767 lustina

172 1796 293 1855 stitutus
303 1796 333 1851 ia
344 1794 478 1861 ecclesia,
489 1798 633 1851 tractante
643 1794 789 1867 episcopo,
800 1790 873 1848 vidit
883 1791 927 1862 (ut
937 1788 1038 1891 ipseB
1057 1787 1093 1842 ad
1107 1787 1262 1846 excitanda
1277 1791 1344 1847 odia
1359 1792 1537 1865 populorum
1557 1794 1587 1850 in
1609 1795 1780 1873 episcopum
1796 1814 1885 1855 cacu-

171 1885 360 1959 postmodum
372 1882 557 1956 loquebatur)
568 1882 706 1957 angelum
718 1882 755 1938 ad
768 1896 854 1937 aures
867 1878 997 1951 episcopi
1054 1890 1120 1931 men
1138 1876 1205 1933 tecti
1231 1879 1358 1936 ecclesie
1379 1883 1590 1953 conscendens,
1607 1884 1703 1942 medio
1727 1886 1821 1943 noctis
1836 1904 1884 1944 sa·

170 1972 324 2030 tractantis
340 1972 524 2045 loquentem
541 1975 574 2027 ut
594 1970 682 2028 verba
705 1967 802 2044 angeli
817 1966 923 2043 pupulo
938 1966 998 2039 epi·
1053 1964 1236 2024 criticaverit.
1259 1968 1315 2025 Sed
1342 1974 1453 2042 quanto
1483 1972 1642 2029 instantius
1669 1976 1700 2029 et
1728 1973 1883 2033 sollicitius

170 2078 278 2135 scopus
301 2060 471 2119 renuntiare
493 2058 650 2116 videretur.
669 2059 731 2125 Ouo
753 2058 817 2116 viso
841 2072 998 2114 conversus
1052 2067 1141 2127 opera
1155 2055 1286 2129 maligna
1300 2060 1463 2130 exercebat,
1476 2063 1559 2118 tanta
1575 2061 1670 2135 magis
1684 2080 1769 2119 amor
1782 2063 1883 2139 populi

170 2150 260 2206 tidem
275 2165 365 2223 quam
381 2149 577 2223 expugnabat,
594 2146 680 2221 coepit
694 2148 757 2221 ipse
771 2146 936 2203 defendere.
1053 2142 1131 2197 circa
1167 2142 1256 2201 tidem
1293 2146 1468 2205 catholicam
1496 2152 1526 2206 et
1548 2149 1665 2206 Domini
1702 2151 1883 2209 sacerdotem

208 2238 251 2294 aa.
269 2239 397 2295 Fuerunt
411 2236 499 2294 etiarn
513 2238 570 2294 dua
584 2235 757 2295 cubicularii
772 2240 842 2292 tunc
856 2232 997 2307 temporis
1052 2230 1284 2290 convalescebat.
1300 2235 1418 2293 Misieee
1436 2253 1468 2295 se
1491 2238 1581 2296 etiam
1605 2243 1635 2295 et
1658 2240 1815 2310 damonae,
1830 2240 1881 2314 qui

170 2326 303 2383 Gratiani
330 2324 516 2399 imperaturis
544 2326 581 2382 de
609 2324 713 2381 heresi
740 2324 924 2390 brianonum,
946 2320 996 2395 qui
1052 2317 1138 2375 illum
1161 2320 1386 2392 internecarent,
1403 2325 1549 2384 fatebatur
1565 2345 1572 2385 :
1588 2329 1638 2385 sed
1664 2328 1811 2386 daemones
1837 2345 1881 2386 rc-

171 2414 309 2472 tractanti
324 2414 461 2487 episcopo
472 2412 529 2487 (13)
541 2412 730 2487 questionem
744 2414 946 2487 proponerent,
959 2409 996 2467 sd
1054 2406 1207 2465 nuntiasse
1221 2426 1253 2467 se
1267 2428 1325 2468 nen
1341 2411 1437 2471 sclam
1461 2415 1498 2470 ad
1522 2415 1619 2488 ipsum
1645 2416 1882 2490 appropinquare

172 2520 262 2577 quam
287 2503 466 2561 audiendam
481 2502 573 2560 altera
588 2503 634 2561 die
658 2503 694 2559 ad
720 2501 871 2558 basilicum
888 2498 996 2557 Portis-
1053 2495 1176 2554 minime
1200 2515 1414 2572 posse,verum
1439 2503 1529 2559 etiarn
1544 2521 1598 2561 uec
1620 2505 1657 2561 ad
1683 2504 1759 2563 iares
1775 2506 1881 2563 domus

171 2608 240 2649 nem
256 2608 287 2649 se
302 2591 456 2648 adiuturos
478 2591 688 2664 promiserant;
704 2590 859 2648 eratenim
875 2587 1002 2667 questio
1052 2584 1083 2642 iu
1099 2602 1159 2658 qua
1173 2588 1309 2645 manebat
1332 2590 1502 2665 episcopam
1519 2594 1589 2665 qaia
1604 2592 1681 2666 ignis
1694 2592 1880 2667 insuperabi-

170 2683 208 2737 de
228 2679 429 2738 incarnatione
454 2680 580 2737 Domini.
604 2680 659 2737 Sed
687 2680 744 2737 alio
766 2680 812 2737 die
837 2676 996 2735 miserandi
1052 2671 1090 2729 lis
1111 2691 1197 2732 omne
1225 2675 1299 2733 illud
1328 2679 1485 2736 aediticium
1509 2680 1715 2749 communiret,
1731 2686 1765 2738 ut
1787 2681 1877 2739 etiam

170 2769 306 2826 homines
325 2768 469 2841 superbie
485 2773 600 2827 tumore
620 2768 766 2842 completi,
783 2784 836 2824 neo
852 2782 995 2824 memores
1051 2760 1137 2836 longa
1162 2764 1250 2837 positi
1275 2771 1451 2825 urerentur:
1468 2772 1556 2841 atque
1577 2768 1619 2824 ita
1642 2786 1775 2827 cesmase
1799 2774 1877 2829 artes

170 2857 395 2932 promissorum,
421 2861 640 2915 contemnentes
667 2858 759 2915 Deum
788 2857 818 2912 in
846 2855 996 2912 sacerdote
1051 2868 1131 2920 suos,
1148 2852 1257 2924 quibus
1275 2856 1416 2913 adversus
1430 2856 1547 2915 Domini
1561 2858 1745 2915 sacerdotem
1769 2875 1801 2917 se
1821 2858 1877 2917 ali-

170 2948 275 3047 ipsius,
288 2962 340 3001 aec
356 2944 449 3018 plebis
470 2946 664 3018 exspectantis
685 2945 904 3002 considerantes
918 2944 995 3015 inju-
1050 2942 1163 3015 qaidp
1164 2958 1231 2999 osse
1254 2945 1461 3002 arbitrabatur.
1476 2946 1559 3003 Alius
1582 2947 1671 3003 etiarn
1686 2947 1817 3020 gladium
1834 2949 1875 3007 ie·

171 3034 256 3101 riam,
272 3034 461 3090 immemores
485 3034 572 3091 etiarn
597 3033 741 3091 dictorum
768 3034 995 3099 Dominicorum,
1049 3044 1118 3086 rans
1134 3032 1169 3088 ad
1186 3031 1354 3089 cubiculum
1376 3051 1470 3109 usque
1492 3035 1634 3108 pervenit,
1645 3040 1679 3092 ut
1701 3036 1877 3095 interficeret

171 3122 310 3197 quoniam
326 3123 374 3195 qui
391 3121 620 3179 scandalizarent
633 3139 722 3178 unum
735 3138 770 3179 ee
783 3124 907 3179 minimis
924 3122 993 3186 iotis,
1050 3122 1250 3178 sacerdotem:
1263 3123 1313 3178 sed
1338 3138 1406 3179 cam
1429 3123 1571 3181 elevasset
1593 3140 1728 3198 manum,
1743 3125 1874 3183 districto

170 3218 273 3285 oportet
286 3218 317 3267 ιι1
329 3211 402 3267 moto
423 3212 550 3267 asinario
572 3212 640 3267 coito
664 3213 723 3283 ejus
745 3212 885 3283 alligetur,
904 3219 931 3268 ct
951 3210 996 3267 de·
1009 3188 1032 3260 c
1051 3208 1157 3281 gladio,
1161 3210 1288 3277 dextera,
1301 3211 1437 3267 exserta'
1429 3228 1460 3267 ιιι
1476 3228 1544 3268 aera
1557 3212 1709 3287 obrigente
1723 3214 1874 3272 remansit.

170 3308 311 3373 merpctur
337 3302 368 3356 in
398 3300 568 3373 profundum
599 3302 686 3357 maris
712 3300 815 3373 (Metto.
844 3318 924 3367 xvnr,
954 3300 994 3369 d),
1049 3298 1131 3356 Tunc
1145 3315 1177 3355 se
1191 3298 1471 3357 missumalustius
1484 3305 1641 3375 postquam
1653 3303 1805 3361 contessas
1819 3307 1873 3373 est,

171 3388 385 3447 ascendentes
377 3406 407 3445 m
422 3389 556 3457 rhedam,
572 3390 657 3462 quasi
677 3406 729 3463 gra
731 3390 771 3445 tia
795 3388 939 3463 gestandi,
955 3388 996 3444 oi·
1049 3386 1202 3444 brachium
1217 3386 1319 3460 quod
1309 3387 1411 3461 inique
1425 3404 1493 3446 oum
1508 3390 1723 3461 extenderetur,
1738 3391 1874 3465 obrigue-

169 3479 290 3535 vitatem
305 3477 414 3551 egressi
426 3481 506 3545 suut,
517 3482 702 3551 exspectante
712 3478 862 3535 sacerdote
872 3480 900 3534 et
912 3476 996 3550 plebe
1050 3480 1106 3543 rat,
1121 3481 1258 3533 sanatum
1274 3481 1320 3534 est
1334 3478 1526 3537 confessione.

170 3567 201 3623 in
231 3565 353 3623 ecclesia
388 3566 557 3622 constituta.
588 3565 644 3623 Sed
680 3566 770 3639 hujus
805 3564 996 3623 contumaciae
1084 3566 1130 3619 21.
1146 3564 1291 3621 Paridem
1317 3570 1517 3640 tempuscum
1541 3567 1586 3624 vir
1613 3566 1737 3626 illustris
1762 3568 1875 3625 Probus

170 3656 237 3730 quis
261 3655 328 3712 llnis
353 3654 603 3724 luerit,borreseo
628 3655 770 3725 relerens;
797 3656 894 3712 subito
917 3654 995 3711 enim
1050 3668 1174 3725 puerum
1202 3670 1290 3711 suurn
1321 3655 1478 3726 notarium,
1508 3656 1558 3730 qai
1586 3656 1692 3731 spiritu
1720 3656 1875 3714 immundo

171 3744 342 3819 precipitati
372 3744 407 3801 de
436 3743 535 3813 rheda,
566 3744 681 3801 animas
708 3744 879 3813 emiserunt,
908 3748 997 3815 atque
1050 3742 1177 3815 graviter
1189 3743 1358 3815 vexabatur,
1370 3744 1523 3803 direxisset
1536 3746 1571 3803 ad
1588 3746 1877 3819 episcopumegrea·

170 3849 293 3907 corpora
316 3832 433 3889 illarum
458 3832 615 3906 sepulture
640 3836 710 3891 sunt
733 3832 851 3890 tradita.
871 3832 996 3889 Sanctus
1051 3847 1118 3887 sum
1132 3848 1167 3888 ex
1181 3831 1254 3887 urbe
1275 3833 1389 3889 dimisit
1417 3833 1563 3899 diabolus,
1579 3835 1688 3891 timens
1713 3837 1750 3892 ad
1778 3835 1876 3892 virum

170 3938 237 3979 vero
251 3920 424 3979 Ambrosius
440 3938 507 3978 cum
528 3922 676 3995 ignoraret
694 3922 764 3996 quid
779 3920 889 3977 lactum
907 3922 995 3986 essct,
1051 3924 1186 3977 sanctam
1201 3922 1330 3995 perduci.
1345 3924 1440 3996 litque
1462 3923 1502 3979 ita
1526 3939 1599 3997 puer
1613 3925 1743 3996 quandiu
1763 3923 1877 3981 Medic·

171 4026 224 4067 nac
239 4010 352 4067 diutius
375 4014 476 4083 posset
494 4010 608 4083 plebem
634 4014 743 4077 tenere,
759 4008 920 4067 ascendens
944 4024 996 4081 pro
1050 4007 1109 4065 lani
1126 4011 1204 4083 apud
1219 4011 1389 4086 episcopum
1415 4011 1479 4082 tait,
1496 4013 1578 4069 nulia
1592 4012 1620 4068 in
1636 4012 1686 4069 illo
1703 4012 1811 4071 diaboli
1825 4013 1876 4069 do·

169 4098 321 4168 tribunali,
337 4099 373 4156 de
395 4100 496 4157 eadem
518 4100 757 4173 quaestioneque
773 4099 868 4155 luerat
891 4112 996 4171 prope·
1051 4097 1173 4156 minatio
1188 4100 1344 4173 apparuit:
1361 4102 1412 4157 sed
1428 4100 1478 4157 ubi
1494 4116 1631 4175 egressus
1644 4101 1807 4161 Mediolano
1821 4104 1877 4169 est,

171 4188 237 4259 sita,
265 4204 430 4245 sermonem
460 4192 582 4246 adorsus
610 4192 665 4257 sot,
696 4188 796 4244 dicens
825 4204 832 4242 :
861 4186 996 4255 Debitum,
1051 4191 1081 4244 et
1094 4204 1184 4261 prope
1199 4189 1303 4245 urbem
1328 4190 1470 4264 pervenit,
1485 4189 1563 4251 idem
1579 4190 1703 4264 spiritus
1717 4190 1768 4263 qui
1792 4189 1878 4247 illum

170 4280 280 4351 notrae,
304 4280 385 4350 cupio
412 4278 580 4348 soluendum,
604 4276 651 4335 aad
676 4276 814 4334 Metaurus
841 4290 914 4332 mcor
938 4292 997 4331 non
1052 4279 1138 4333 antea
1151 4276 1306 4350 babuerat,
1318 4295 1422 4336 vexare
1436 4294 1506 4335 eum
1525 4279 1686 4352 capitoni
1700 4294 1768 4335 curu
1784 4277 1878 4334 inter·

171 4367 282 4423 invenio
302 4366 457 4439 medimna,
473 4364 629 4440 etreliqua
652 4382 717 4439 qum
742 4364 852 4437 scripta
874 4366 944 4421 suut
967 4364 997 4420 in
1052 4369 1204 4438 rogaretur
1231 4367 1268 4422 ab
1296 4366 1449 4424 exorcistis
1476 4384 1538 4436 cur,
1561 4366 1692 4441 quandiu
1720 4363 1877 4422 Mediolani

171 4454 247 4512 libro
257 4455 308 4528 qui
319 4455 352 4513 dc
362 4455 553 4513 incarnatione
563 4456 674 4511 Domini
687 4451 949 4525 intitulaturttcm.
960 4452 996 4521 ll,
1051 4454 1167 4525 fuisset,
1184 4472 1241 4512 non
1258 4456 1288 4512 ia
1302 4455 1353 4512 illo
1368 4456 1555 4529 apparuisset
1570 4473 1577 4512 :
1593 4455 1746 4512 consessus
1759 4457 1805 4510 est
1817 4452 1879 4509 dia·

171 4558 237 4617 pag.
254 4544 329 4617 703).
1012 4543 1138 4627 Dbolas
1152 4543 1288 4602 timuisse
1310 4561 1342 4601 se
1365 4542 1564 4611 Ambrosium,
1580 4547 1609 4600 et
1631 4542 1697 4600 ideo
1722 4541 1878 4599 recessisse

208 4632 252 4687 19.
263 4631 365 4689 Occiso
380 4632 480 4704 itaque
491 4630 629 4688 Gratiano
641 4629 825 4702 imperatore,
839 4630 997 4704 recipiendi
1053 4634 1088 4692 ad
1102 4638 1231 4707 tempas,
1248 4637 1336 4705 atque
1350 4635 1535 4705 exspectasse
1559 4631 1589 4687 in
1612 4630 1661 4687 illo
1685 4630 1749 4688 loco
1773 4630 1824 4688 ubi
1840 4631 1878 4688 ab

173 4722 302 4796 eorporis
317 4723 382 4795 eius
398 4737 487 4777 caasa
498 4718 655 4776 secundam
671 4719 707 4774 ad
722 4718 881 4777 Maximum
898 4738 997 4779 susce·
1052 4722 1103 4780 illo
1115 4724 1284 4788 recesserat,
1300 4721 1392 4777 donee
1407 4724 1618 4776 reverteretur:
1633 4736 1691 4793 quo
1706 4724 1876 4789 revertente,

172 4810 216 4883 pit
230 4810 416 4885 legationem.
432 4809 516 4881 Apud
533 4823 620 4880 quem
641 4822 730 4881 quam
749 4813 918 4867 constanter
932 4828 997 4885 ege·
1052 4829 1104 4868 vas
1119 4810 1196 4885 quod
1212 4809 1391 4878 deseruerat,
1406 4808 1569 4881 repetisset.

173 4898 222 4968 rit,
238 4901 288 4974 qui
304 4897 429 4955 voluerit
451 4911 634 4969 cognoscere,
651 4895 745 4970 ipsius
767 4897 922 4973 legationis
937 4900 998 4973 epi·
1086 4902 1132 4957 22.
1148 4897 1299 4954 arsuram
1313 4896 1454 4964 Maxima,
1465 4896 1561 4969 posito
1576 4897 1740 4956 Theodosio
1755 4899 1878 4973 impera·

174 4988 279 5046 stolam
294 4988 330 5046 ad
345 4984 584 5042 Valentinianum
596 4986 745 5057 Juuiorem
760 4986 859 5045 datam
873 5005 941 5044 cum
959 4989 998 5045 le·
1053 4992 1115 5044 turs
1128 4982 1294 5054 Mediolani,
1306 4985 1461 5043 Ambrosio
1476 5002 1544 5043 vero
1567 4986 1703 5062 episcopo
1718 4988 1878 5045 constituto

174 5078 249 5152 gerit
263 5074 360 5149 (epist.
375 5075 433 5147 21),
449 5074 634 5148 approbabit;
657 5075 743 5133 uobis
767 5077 846 5133 enim
869 5075 999 5133 alienum
1053 5073 1200 5149 Aquileia,
1215 5073 1246 5131 in
1271 5073 1405 5149 partibus
1419 5073 1548 5134 Orientis
1561 5078 1592 5133 in
1608 5078 1735 5151 quodam
1759 5075 1878 5135 castello

175 5164 405 5239 repromissione
417 5164 514 5221 visum
529 5168 573 5221 cst
591 5164 673 5221 illam
688 5164 827 5231 inserere,
843 5180 879 5220 ne
893 5164 998 5236 adjuu-
1053 5183 1071 5222 a
1099 5162 1274 5221 Christianis
1299 5163 1371 5221 uiris
1399 5180 1550 5241 synagoga
1576 5166 1746 5225 ludaeorum
1774 5170 1804 5224 et
1829 5164 1878 5221 lu·

174 5258 228 5311 ote
242 5250 376 5326 epistola
399 5252 549 5325 prolixitas
563 5253 717 5310 fastidium
739 5250 848 5325 legenti
873 5251 998 5309 afferret.
1054 5270 1107 5310 cus
1120 5251 1393 5311 Valentinianorum
1413 5253 1550 5313 incendio
1585 5260 1772 5313 concremata
1793 5260 1876 5325 sunt,

212 5393 269 5467 (12)
285 5392 393 5451 Omnes
407 5395 476 5454 edit.
493 5412 559 5453 oum
582 5395 681 5452 cadica
700 5407 759 5448 uao
773 5391 817 5448 vel
841 5392 943 5463 altero,
959 5397 1087 5472 itaep

175 5473 277 5549 optare
283 5480 313 5522 aa
325 5468 448 5538 torquere
457 5484 520 5525 eoa.
531 5465 625 5524 ceteri
639 5478 710 5520 mss.
723 5480 839 5520 summo
854 5480 1000 5525 consensu
1054 5400 1273 5542 Msswsomm
1287 5468 1370 5539 edit,
1380 5486 1409 5527 aa
1421 5471 1581 5544 respublacae
1594 5472 1705 5528 nomina
1716 5470 1877 5544 prestatura:

176 5536 343 5611 repudiant
357 5543 451 5611 optare
464 5555 502 5597 aa
1055 5557 1160 5600 omnes
1175 5557 1247 5598 mss.
1265 5542 1319 5597 ut
1311 5558 1341 5597 m
1357 5546 1504 5599 contextu.

212 5608 269 5685 (13)
284 5609 328 5669 lta
352 5626 425 5669 mss
456 5610 525 5669 edit
541 5622 557 5665 e
581 5606 737 5677 contrario,
752 5609 801 5681 qui
829 5610 1000 5671 tractandam
1090 5614 1147 5691 (lo)
1163 5612 1233 5671 Mas.
1249 5610 1395 5683 nonnulli,
1409 5613 1775 5686 aedopnecrudatim'maa
