4159 6184
154 331 213 401 801

544 335 596 403 uu
616 336 987 406 tnraaeettartottu
1006 333 1076 404 lOB
1099 335 1149 406 aa
1169 341 1301 408 navio.
1323 339 1400 408 uta.
1421 337 1473 407 lli.

154 467 243 542 (Part.
259 485 359 542 uvnr,
375 469 430 545 at).
449 492 464 523 a
478 471 541 529 Non
555 473 680 530 enimse
698 473 815 548 erigunt
829 475 864 529 ad
881 475 979 528 eoelss·
996 474 1019 540 Α
1036 476 1104 546 quis
1115 474 1240 532 nutrierit
1255 476 1284 532 in
1300 475 1386 533 nobis
1399 479 1508 542 tenere,
1524 471 1672 530 remittere
1690 485 1745 530 noa
1773 487 1858 546 open

154 559 208 627 tia,
225 557 276 632 qui
292 558 407 617 Christo
422 561 698 619 non'adbeserunt.
716 563 749 618 bt
763 563 827 619 ideo
857 581 908 619 nec
936 581 981 618 re·

155 653 284 722 surgunt
297 665 367 705 eum
381 642 426 718 eo,
442 667 568 724 qaorum
584 669 662 707 mors
675 651 812 724 pessima,
823 652 900 708 sicut
910 652 981 707 sori-

154 743 242 811 ptum
259 741 320 804 est;
337 761 352 790 a
368 739 446 797 Mors
459 743 642 813 peccatorum
658 741 784 813 pessima
798 741 982 811 (recturam

150 831 212 898 22).
237 847 251 876 »
278 827 331 892 Qui
360 832 459 885 autem
485 828 602 886 Christo
612 831 813 898 commoritur,
827 835 857 886 et
880 845 981 886 conse·

155 915 265 990 pelitur
273 932 342 972 cum
353 916 414 985 illo,
426 934 484 974 noa
495 919 591 976 solum
602 918 769 984 reclinatur,
777 920 826 975 sed
838 919 927 974 ctiam
940 935 983 974 re·

155 1005 327 1062 suscitatur.
340 1009 448 1078 Deque
459 1006 664 1079 pulchreillud
686 1009 820 1063 convenit
843 1009 955 1064 dietum
972 1024 979 1062 ε

155 1094 360 1151 «Universum
380 1101 505 1152 stratum
520 1097 642 1154 versasti
664 1096 694 1152 in
719 1096 890 1152 infirmitate
917 1098 981 1168 ojus

155 1185 244 1253 (Psoi.
256 1201 302 1249 xc,
312 1185 338 1256 1)
356 1203 362 1252 ;
376 1207 390 1234 a
401 1185 529 1241 maxime
539 1186 563 1242 si
576 1185 744 1258 martyrarii,
757 1187 843 1256 cujus
857 1185 981 1240 infirmi·

155 1279 203 1330 tas
213 1272 350 1346 passione
360 1273 493 1340 solvitur,
505 1291 584 1331 mors
595 1275 821 1331 resurrectione.

193 1361 270 1420 006
285 1365 312 1418 8.
329 1361 466 1420 Vidimus
481 1362 563 1419 illum
581 1365 699 1420 divitem
715 1363 764 1435 qui
779 1363 902 1419 indutus
912 1380 980 1436 pur-

156 1468 233 1525 pura
247 1455 276 1509 et
290 1453 378 1524 bysso
390 1451 420 1507 in
437 1453 493 1509 hoo
505 1452 611 1510 seculo
624 1452 822 1519 recumbebat,
838 1456 868 1508 et
881 1451 980 1524 epula·

155 1542 246 1598 batur
260 1541 393 1614 quotidie
407 1541 570 1614 splendide,
587 1543 623 1598 de
638 1542 723 1613 cujus
738 1557 841 1597 mensa
854 1557 919 1614 que
934 1557 981 1597 oa·

1037 571 1089 630 tet,
1101 583 1137 622 ne
1153 567 1273 638 incipiat
1287 567 1316 621 in
1321 565 1466 637 Judicium
1479 563 1578 621 venire
1592 562 1745 619 nobiscum
1765 577 1774 628 ς
1790 569 1817 617 et
1831 561 1857 618 si

1036 655 1102 728 quis
1118 655 1247 712 tunicam
1262 660 1393 712 nostram
1408 671 1494 727 quern
1513 651 1680 726 accepimus
1696 649 1857 724 spiritalem

1036 745 1150 801 auterre
1166 749 1296 808 conetur,
1310 745 1425 800 remitte
1441 742 1564 816 pallium
1581 739 1756 814 iniquitatis,
1773 753 1858 795 sume

1035 833 1250 906 operimentum
1265 833 1331 888 tidci
1347 835 1434 905 atque
1449 831 1604 904 patientie,
1629 847 1687 902 quo
1703 845 1734 885 se
1767 829 1857 886 David

1036 921 1184 995 operiebat
1194 923 1223 977 in
1235 922 1359 994 ieiunio,
1370 939 1406 978 ne
1421 922 1568 977 auritteret
1583 919 1774 994 integimenta
1801 917 1857 974 vir·

1035 1011 1118 1068 tutis.
1135 1013 1233 1084 ipsum
1247 1012 1394 1084 jamnium
1411 1011 1625 1084 operimentum
1642 1011 1696 1064 est.
1727 1007 1859 1080 Denique

1036 1099 1094 1156 nisi
1110 1104 1244 1156 sanctam
1260 1100 1368 1173 loseph
1385 1101 1503 1155 texisset
1509 1096 1859 1171 Jejunasobnetasndnl-

1036 1194 1104 1246 teres
1122 1190 1291 1262 protervitas
1307 1189 1444 1246 eruisset·
1461 1191 1521 1256 Quo
1534 1187 1647 1260 Jejunio
1663 1187 1688 1243 si
1704 1203 1735 1244 se
1760 1190 1858 1258 tegere

1035 1278 1477 1346 voluissetbdanr,nudusnon
1507 1279 1611 1334 luisset
1639 1277 1769 1332 allectus.
1800 1275 1857 1332 Sed

1037 1368 1157 1440 quiade
1173 1367 1253 1440 ligno
1268 1368 1395 1424 scientie
1411 1367 1479 1424 boni
1498 1371 1527 1424 et
1542 1366 1611 1422 mali
1640 1369 1742 1422 contra
1769 1365 1858 1421 inter-

1035 1447 1280 1514 dictum'coeleste
1299 1458 1435 1530 gustavit,
1452 1461 1480 1512 et
1507 1456 1684 1528 impuratum
1709 1454 1856 1526 Jejunium

1036 1547 1243 1620 prevaricatus
1258 1551 1303 1602 est
1317 1544 1533 1602 incontinentis
1549 1544 1624 1612 cibo,
1641 1544 1754 1600 undum
1769 1559 1801 1600 se
1815 1559 1859 1599 es·

156 1628 267 1687 debant
280 1644 393 1703 pauper
408 1631 535 1686 Lazarus
550 1628 715 1704 colligebat,
731 1630 981 1703 quemadmodum
1036 1651 1067 1691 se
1083 1634 1226 1708 cognovit.
1243 1634 1324 1701 Quod
1340 1633 1365 1691 si
1375 1635 1550 1706 jejunasset,
1576 1635 1604 1689 et
1621 1632 1686 1688 fidei
1715 1635 1860 1688 servasset

157 1719 189 1775 in
204 1718 360 1774 tormentis
376 1718 500 1790 positus,
516 1719 676 1774 ininferna
697 1735 728 1775 se
752 1718 894 1775 reclinare
922 1735 981 1773 non
1036 1723 1166 1794 exuvias,
1182 1739 1236 1779 nec
1250 1739 1281 1779 se
1297 1723 1458 1795 aspexisset
1472 1725 1624 1778 intectum.
1643 1722 1705 1777 Non
1722 1737 1790 1794 ergo
1805 1737 1859 1776 aas

156 1807 351 1881 potoral;sed
367 1808 414 1863 vix
428 1808 464 1864 ad
480 1807 639 1866 Abrabam.
654 1825 712 1864 non
738 1813 833 1864 totum
859 1825 901 1877 se,
929 1807 980 1864 sed
1034 1810 1365 1886 induamusiniquicotc
1389 1815 1416 1867 et
1444 1810 1605 1883 impietate,
1635 1827 1670 1866 ne
1698 1810 1734 1864 de
1761 1808 1859 1880 aliquo

157 1895 508 1970 0010000010000180001,
525 1902 675 1970 10800001
688 1896 980 1962 01000000011110111,
1037 1902 1114 1958 (tou
1130 1905 1263 1956 nostrum
1279 1901 1414 1958 dicatur:
1433 1922 1447 1950 a
1462 1903 1494 1956 Et
1510 1899 1606 1954 induit
1620 1915 1651 1954 se
1679 1895 1859 1954 maledictio·

157 1986 209 2059 qui
221 1989 383 2041 extremum
399 1985 484 2058 digiti
501 1986 546 2041 sui
563 1987 713 2058 inaquam
729 1984 864 2057 tingeret,
881 1989 911 2042 et
923 1985 979 2040 lia·
1027 2007 1104 2047 nrrern
1119 1991 1196 2062 (Pani
1223 2007 1302 2056 cvur,
1320 1991 1375 2060 ts).
1395 2013 1408 2040 a
1426 1989 1499 2046 itale
1514 2005 1545 2045 se
1573 1987 1669 2043 induit
1696 1990 1725 2044 ct
1751 1987 1856 2055 Adam,

156 2075 812 2148 8⁰⁸m⁰lu⁸rssltl80fflfflil11¹t⁶·xvhiil-24l·
842 2074 918 2147 Ergo
946 2073 981 2129 ll·
1036 2080 1098 2154 qui,
1114 2081 1185 2135 dum
1201 2085 1342 2152 quareret
1355 2078 1546 2152 integimenta
1561 2077 1707 2143 foliorum,
1737 2074 1859 2132 maledi·

157 2164 218 2221 lius
232 2163 320 2220 morti
335 2162 486 2220 reclinatio
500 2181 559 2220 non
569 2168 641 2235 erat,
652 2179 705 2219 nec
720 2163 940 2219 firmamentum
951 2162 981 2218 ia

158 2253 247 2328 plaga
260 2252 325 2323 ejus
339 2253 424 2325 (Psoi.
442 2269 529 2319 ιιιιιι,
543 2253 581 2321 1).
598 2252 677 2308 Nihil
692 2252 771 2308 enim
784 2255 909 2324 prosunt
930 2252 981 2308 tia·

156 2341 236 2417 gella
250 2346 317 2411 post
331 2346 466 2398 mortam.

192 2433 220 2487 9.
237 2433 271 2487 lit
285 2431 350 2486 ideo
364 2431 453 2487 David
469 2432 541 2487 dum
556 2434 634 2486 esset
648 2430 678 2486 in
692 2429 780 2486 istius
794 2429 924 2502 corporis
945 2429 983 2485 vi-

156 2525 199 2591 ta,
209 2520 239 2576 in
252 2519 366 2592 tingella
375 2535 407 2575 se
416 2520 609 2596 prepambat,
621 2523 730 2574 nteum
748 2517 893 2574 Dominus
909 2518 981 2574 reei-

1037 2169 1143 2226 otionis
1160 2168 1272 2243 excepit
1286 2169 1471 2226 sententiam.

1074 2260 1117 2314 lt.
1137 2259 1296 2314 luducrunt
1310 2275 1341 2314 se
1356 2255 1559 2314 maledictione
1572 2255 1589 2311 J
1593 2254 1676 2322 ndei,
1697 2254 1733 2310 de
1750 2253 1860 2325 quibus

1037 2347 1263 2420 scriptumest:
1281 2369 1295 2396 «
1319 2346 1428 2402 Prodiit
1443 2344 1528 2419 quasi
1543 2361 1578 2400 ex
1605 2343 1690 2416 adipe
1717 2341 1859 2415 iniquitas

1038 2452 1152 2502 eorum,
1167 2434 1347 2490 transierunt
1360 2434 1390 2489 in
1407 2432 1628 2506 dispositionem
1646 2431 1745 2488 cordis
1772 2431 1857 2500 (Psoi.

1038 2541 1125 2590 axxn,
1141 2524 1190 2595 7.).
1209 2545 1222 2571 n
1238 2524 1282 2577 Ab
1297 2523 1381 2594 adipe
1397 2521 1509 2594 adipsal
1527 2521 1583 2592 (26)
1597 2520 1676 2576 enim
1691 2519 1809 2588 dicitnr,
1829 2519 1859 2574 id

157 2614 240 2683 peret
249 2610 436 2680 castigatum.
447 2609 606 2664 Considera
622 2607 729 2664 iterum
753 2606 826 2663 mihi
847 2612 982 2663 sanctum
1036 2615 1092 2672 est,
1108 2612 1225 2685 pingue.
1242 2611 1324 2667 Siout
1337 2610 1415 2665 cnim
1431 2609 1530 2665 anima
1544 2607 1629 2672 bonis
1644 2611 1756 2679 pastea,
1771 2611 1801 2664 et
1814 2621 1859 2662 re-

157 2698 282 2770 Job,qni
295 2697 505 2770 pertusnsemt
523 2696 681 2764 ulceribus,
699 2699 729 2752 et
761 2695 983 2752 concutiebatur
1038 2702 1112 2758 terta
1126 2699 1295 2764 virtutibus,
1311 2703 1452 2771 tanquam
1469 2697 1555 2770 adipe
1570 2701 1598 2752 et
1613 2695 1791 2770 pinguedine
1814 2711 1858 2751 re-

158 2786 298 2844 omnibus
309 2785 461 2847 membris,
473 2785 618 2857 etplenus
629 2785 790 2840 erattotins
801 2783 981 2857 corporissui
1037 2789 1143 2864 pictur,
1160 2793 1192 2844 ut
1207 2789 1347 2860 scriptum
1364 2791 1408 2842 est
1424 2787 1511 2858 (Psoi,
1529 2803 1596 2851 aare,
1612 2785 1640 2856 6)
1658 2802 1665 2852 ;
1683 2784 1726 2840 sio
1749 2783 1859 2856 iniqni-

157 2874 321 2940 doloribus‚
332 2874 434 2947 glebas
444 2879 529 2929 terra
541 2874 696 2930 vulneram
717 2890 838 2930 snorum
850 2874 932 2930 sanie
954 2878 983 2929 et
1036 2883 1083 2936 tas
1099 2895 1162 2951 qun
1178 2875 1262 2950 qnasi
1277 2893 1311 2932 ex
1326 2874 1412 2948 adipe
1427 2875 1568 2948 promit,
1585 2891 1642 2929 non
1653 2873 1750 2930 tenuis
1764 2876 1793 2928 ρ(
1802 2870 1859 2928 011.

157 2961 730 3035 humoredissolvcns,quemadmadum
748 2962 898 3019 cumsein
927 2962 982 3017 hoe
1037 2963 1281 3036 lissignilrcatur,
1298 2961 1612 3033 sedeenavitiorum.
1640 2959 1772 3032 Denique
1801 2970 1858 3014 non

158 3069 280 3126 eorpors
288 3052 403 3125 positus
411 3051 551 3108 reclinare
561 3068 619 3107 oon
630 3056 739 3124 posset,
763 3051 893 3123 requiem
904 3068 981 3107 mor·
1035 3053 1155 3110 fortuito
1166 3052 1292 3125 quodam
1304 3050 1387 3123 lapsu
1399 3051 1429 3106 in
1439 3065 1566 3107 errorem
1577 3049 1704 3105 incidere
1712 3065 1718 3104 :
1727 3047 1778 3104 sed
1788 3063 1857 3104 con·

158 3141 353 3201 tisinveaerit
366 3158 374 3208 3
386 3141 654 3214 ideoqueconscius
665 3141 710 3197 sui
721 3141 814 3197 dixit:
828 3141 929 3198 «Mors
939 3141 981 3195 iri-¹
1037 3142 1102 3199 silio
1118 3147 1146 3198 et
1157 3139 1349 3212 dispositione
1364 3140 1394 3194 in
1410 3138 1596 3213 saerilegium
1612 3138 1802 3194 transierunt.

158 3249 191 3289 ro
201 3230 318 3304 requies
328 3230 388 3302 (lob
398 3247 440 3298 111,
450 3231 510 3299 zi.)
521 3251 535 3280 a
546 3228 707 3302 lsigitarin
719 3229 805 3302 plaga
813 3247 871 3286 non
882 3235 980 3286 motus
996 3211 1017 3278 C
1354 3245 1470 3302 CAPUT
1497 3245 1531 3301 q⁸

156 3325 213 3390 est,
225 3318 552 3376 necantasitsermonis
564 3319 610 3375 sui
621 3318 802 3390 lubrico,qni
812 3318 843 3373 in
853 3317 982 3374 illisom·
1036 3340 1090 3409 Qu,
1104 3355 1132 3393 05
1146 3352 1228 3394 ,uum
1244 3338 1272 3390 g,
1288 3337 1385 3392 ,mlum
1398 3339 1514 3408 ponunt·
1529 3352 1573 3392 00,
1586 3347 1647 3407 pm
1667 3335 1774 3392 retnis
1802 3347 1858 3390 ὣς)

157 3407 331 3467 nibusaibil
343 3408 472 3481 peccavit
482 3406 888 3480 labiissuis.sicutSoriptura
898 3410 983 3462 testa·
1072 3412 1121 3481 qui
1132 3409 1226 3463 omnio
1242 3409 1383 3464 stellarum
1400 3409 1558 3464 necessitati
1584 3406 1760 3462 seminant:
1791 3406 1859 3474 ipsis

157 3498 274 3569 turitot
289 3514 321 3565 u,
338 3497 383 3569 10)
399 3513 405 3552 :
420 3496 471 3551 scd
483 3496 580 3568 magis
590 3495 683 3567 plagae
697 3511 757 3551 suae
770 3495 876 3567 reperit
887 3495 983 3550 iirma-
1072 3487 1164 3606 ΞΜ)
1179 3481 1346 3604 011100οι010
1360 3479 1692 3605 (111ῐιὲα11ινθδθνυαινεὶψί
1719 3480 1860 3606 witti·

158 3589 369 3658 menn
383 3601 472 3688 anm
692 3583 722 3639 r
737 3583 916 3684 ernon
1073 3568 1119 3679 ι).
1132 3560 1859 3692 ιιιιιιιι)ιιιιιιιιιιι,ι(

158 3675 311 3750 8001000
326 3680 357 3730 00
371 3674 471 3739 Dalm·
488 3673 619 3745 11010100
634 3671 774 3745 flagellati
789 3677 869 3739 Simia
885 3673 983 3728 00100·
1074 3697 1149 3748 rinae
1164 3692 1259 3746 inderet
1271 3699 1442 3764 pcccatorum
1452 3691 1558 3746 diuitiis
1573 3709 1582 3745 .·
1594 3695 1729 3763 postremo
1745 3689 1816 3746 telem
1829 3689 1861 3744 de

159 3769 294 3822 mentum
308 3763 476 3820 habueruut
487 3764 518 3819 in
529 3763 614 3836 plaga
624 3779 679 3819 sua
692 3779 699 3828 ;
711 3762 781 3834 qnia
795 3759 924 3834 tlagellet
935 3777 984 3833 pa-

1077 3765 1182 3820 Christo
1196 3765 1310 3820 sensisse
1325 3763 1463 3819 Simonem
1478 3763 1663 3820 saansaan.

158 3851 630 3924 tortiliumquemsusoipitzqui
656 3855 754 3908 autem
783 3850 905 3907 hionou
930 3851 985 3905 tla-
1076 3853 1120 3907 ta.
1138 3850 1372 3907 «Posueruntin
1389 3849 1493 3906 coelum
1515 3867 1548 3905 os
1576 3864 1675 3918 suum,
1704 3853 1733 3904 et
1756 3847 1864 3920 lingua

157 3942 318 4017 gellantar,
329 3941 370 3996 ibi
385 3957 444 3997 non
469 3941 668 4013 suscipientur
686 3939 794 3996 attilii.
815 3940 942 4012 ideoque
955 3939 985 3993 iu
1041 3957 1142 3999 eorum
1157 3939 1296 3996 transivit
1310 3944 1521 4012 superterram
1537 3938 1623 4008 (Psoi.
1636 3937 1769 4008 aurat).
1787 3957 1802 3985 »
1813 3935 1864 3990 Po-

163 4031 317 4089 laboribus
335 4017 490 4086 hominum
503 4046 561 4085 non
582 4034 661 4098 sunt,
675 4034 704 4085 et
726 4045 793 4084 eum
817 4027 989 4084 hominibus
1043 4031 1149 4085 nerein
1166 4026 1273 4084 celum
1286 4045 1318 4083 os
1331 4043 1417 4082 suum
1430 4026 1499 4099 quid
1515 4025 1563 4094 sit,
1575 4026 1659 4081 docet
1682 4039 1735 4080 nos
1758 4022 1808 4078 ille
1830 4037 1865 4076 ex

164 4138 224 4178 non
238 4119 563 4193 flagellabunturtl’snl.
579 4134 666 4187 anxir,
678 4119 706 4189 5)
723 4136 730 4185 ;
743 4140 757 4167 »
769 4122 801 4173 ut
812 4117 840 4172 in
851 4119 988 4191 perpetu·
1042 4118 1182 4176 iratribus
1193 4116 1415 4180 adolescentior,
1427 4116 1477 4187 qui
1490 4131 1640 4188 regressus
1652 4114 1687 4169 ad
1698 4116 1810 4187 patrem
1821 4109 1865 4166 di-

167 4223 218 4263 um
229 4222 297 4262 oum
307 4203 424 4262 diabolo
438 4204 624 4278 flagellentur
636 4204 716 4276 (ibid.
734 4204 774 4275 6).
1043 4205 1085 4264 xit
1097 4225 1104 4275 ς
1122 4231 1136 4257 n
1148 4207 1239 4273 Pater,
1252 4206 1367 4279 peccavi
1378 4207 1408 4260 in
1420 4205 1526 4261 coelum
1537 4209 1566 4260 et
1576 4219 1674 4260 eoram
1684 4205 1713 4259 ie
1731 4201 1808 4274 (buc.
1818 4215 1866 4264 xv,

483 4293 600 4349 CAPUT
621 4293 667 4348 1v.
1045 4297 1100 4368 18).
1110 4317 1124 4346 n
1138 4298 1249 4351 Ponant
1260 4297 1357 4350 autem
1366 4293 1396 4348 in
1407 4293 1513 4348 omium
1526 4309 1559 4348 os
1571 4305 1658 4347 suum
1670 4291 1722 4362 qui
1734 4288 1790 4347 sibl
1810 4287 1867 4344 ori·

162 4387 328 4443 Peccatores
342 4383 489 4455 iniquitate
499 4383 614 4454 propria
628 4383 722 4438 vestiri
734 4399 745 4446 ;
759 4381 829 4451 qaod
844 4382 990 4436 vestimen·
1045 4385 1159 4440 minum
1174 4383 1360 4439 auctoritates
1371 4383 1438 4454 (27),
1456 4380 1618 4438 nativitatis
1628 4378 1868 4453 putantquadam

202 4459 264 4511 tum
279 4455 381 4510 000010
394 4453 794 4522 1011000000·010011100010
804 4453 937 4507 ”mmm
947 4457 991 4507 m·
1046 4473 1219 4530 necessitate
1233 4471 1349 4526 deiorri.
1366 4471 1400 4526 Hi
1417 4487 1471 4526 neo
1485 4469 1556 4526 coeto
1572 4483 1624 4526 neo
1637 4463 1725 4525 terris
1753 4482 1870 4540 parcere

200 4523 991 4671 ἕῖᾞζζάῗεδζὲῒᾚᾘυᾝῗἕεῖζέθᾭοῶξὲῗῖιὲξηῖἕῗῖ
1009 4583 1030 4647 [J
1047 4560 1151 4627 solent,
1168 4565 1200 4615 ut
1215 4576 1302 4615 cursu
1318 4560 1445 4630 quodam
1461 4558 1614 4616 stellarum
1628 4557 1813 4614 arbitrantur
1827 4555 1870 4610 vi·

204 4669 323 4740 mim
332 4668 491 4724 Junoeomm
503 4668 679 4739 iniquitatem
689 4666 770 4738 qm·
778 4683 814 4721 xe
827 4666 908 4737 agap,
928 4682 995 4739 pro.
1051 4655 1111 4706 tem
1126 4648 1255 4705 hominis
1269 4647 1437 4719 gubernari.
1462 4645 1540 4702 Nihil
1570 4646 1768 4720 providentie,
1798 4641 1890 4723 nibil¹

205 4741 336 4796 cleantem
346 4739 706 4808 mnqaamacdeliteretom
721 4739 869 4792 exstitisse.
1052 4738 1137 4794 bonis
1154 4735 1286 4793 moribus
1300 4734 1517 4807 derelinquunt.
1535 4737 1627 4807 Atque
1641 4735 1753 4790 utinam
1770 4735 1796 4788 et
1811 4729 1870 4794 isti,

205 4829 250 4883 10.
267 4849 281 4916 a
298 4826 365 4884 idco
380 4826 518 4895 obtinuit,
535 4827 642 4900 inquit,
659 4843 708 4882 eos
723 4827 861 4898 superbis
883 4844 996 4892 eornm,
1053 4828 1130 4883 siout
1144 4825 1194 4881 ille
1209 4841 1288 4880 unus
1302 4825 1337 4880 de
1351 4825 1468 4881 duobus
1483 4822 1728 4889 adolescentibus,
1743 4816 1874 4875 revertis·

168 4917 300 4990 cooperti
320 4920 392 4974 sunt
423 4915 579 4988 iniquitate
607 4920 637 4970 et
664 4914 813 4987 impietate
837 4933 892 4973 sua
909 4918 996 4986 (Psoi.
1054 4919 1119 4972 sent
1131 4933 1136 4970 :
1150 4913 1573 4970 bonusDomiuusremediam
1585 4927 1640 4967 non
1656 4911 1792 4980 negasset
1806 4906 1872 4976 (28),

170 5023 259 5075 amr,
274 5007 312 5078 6).
331 5027 345 5054 n
360 5005 470 5062 Malum
485 5005 694 5061 vestimentum
709 5003 862 5076 iniquitas,
877 5007 955 5077 quod
974 5005 998 5062 si
1054 5007 1187 5060 ettamen
1199 5002 1376 5074 etiamsiipsi
1389 4995 1873 5068 nolintsanari,reservatltominus

211 5167 268 5238 (16)
283 5165 330 5222 sn
347 5181 418 5222 mes.
434 5163 562 5230 Thoan,
578 5164 668 5220 Laud.
686 5168 715 5219 et
729 5163 809 5220 Colb.
832 5163 887 5220 atii
902 5169 999 5222 autem
1092 5167 1148 5236 (27)
1163 5165 1239 5220 Edit.
1255 5164 1333 5230 Era,
1349 5165 1397 5234 qut
1411 5163 1466 5218 sibi
1478 5161 1627 5218 ariminum
1640 5159 1777 5226 auctores,
1801 5157 1875 5212 nali·

175 5239 247 5307 duo,
269 5236 332 5294 loco
350 5237 428 5293 vocis
443 5237 560 5309 adipsal,
577 5235 712 5291 lacunam
727 5235 844 5291 habent.
861 5236 935 5292 Edit.
953 5254 999 5293 re·
1056 5235 1263 5304 critatemtiill.
1288 5234 1387 5290 etduo
1416 5249 1476 5288 mss
1482 5272 1535 5299 .....
1563 5231 1715 5292 vanitatem
1744 5223 1875 5309 Rumpu-

175 5327 209 5366 ro
220 5309 428 5365 tantammodo
442 5307 607 5380 praeierunt,
623 5306 674 5362 ode
692 5306 929 5377 sdicitarpiapac.
942 5309 1003 5364 Cla,-
1057 5309 1258 5365 nativitatibus.
1276 5305 1330 5361 llis.
1346 5321 1412 5360 vcro
1428 5307 1482 5358 Vat
1486 5343 1562 5368 .......
1586 5301 1747 5358 auctoritate
1773 5305 1877 5356 natave-

177 5377 641 5437 rumestindnctamessebano
681 5378 869 5444 iversitatem,
883 5382 917 5434 ut
948 5397 1002 5435 sos
1057 5378 1193 5441 tonantii
1224 5376 1407 5447 denique....‚
1432 5375 1615 5440 airctoritntcs,
1643 5371 1797 5427 natiuitatis
1822 5372 1877 5424 eto.

178 5469 238 5509 non
254 5450 402 5506 intellecta
416 5451 575 5506 evitaretur
590 5450 660 5517 ;sed
675 5465 729 5504 nos
754 5449 900 5520 potiorum
928 5467 1001 5506 mss.
1058 5452 1150 5522 Cujus
1166 5447 1297 5504 lectionis
1309 5445 1556 5502 sensusomnium
1566 5445 1681 5500 videtur
1691 5441 1816 5499 maxime
1829 5452 1880 5496 ua·

179 5521 336 5580 lectionem
351 5525 607 5593 representamus,
624 5519 750 5576 maxime
764 5537 832 5576 oum
860 5521 923 5577 lieri
952 5541 1003 5595 po-
1058 5522 1173 5580 taralis.

1095 5593 1152 5666 (28)
1163 5591 1238 5648 Edit.
1250 5589 1345 5656 Rom,
1357 5596 1484 5645 ettamen
1497 5589 1579 5644 etiam
1590 5588 1666 5660 ipsis,
1681 5587 1706 5642 si
1719 5586 1814 5644 volunt
1835 5598 1879 5639 so-

1059 5653 1881 5735 nare,etc.uait.am.un.ecGilt.cum.mss.vu.eteul.

178 5593 270 5650 tuerit
287 5597 318 5648 ut
332 5593 420 5674 dictio
435 5592 554 5720 adipsci,
573 5595 658 5647 etate
680 5590 867 5660 ambrosiis
896 5594 1003 5667 populo

180 5682 232 5739 per
244 5669 461 5737 corruptionem
488 5667 719 5737 requenteretur.
