4159 6184
246 336 309 408 eos
974 337 1007 404 s.
1029 335 1216 418 euenum
1866 343 1915 407 aa
1991 321 1996 330 '

248 473 310 543 aui,
326 488 395 532 cum
407 469 523 545 oblatus
536 487 616 532 esses
628 469 769 531 Antiocho
797 472 987 548 perscutari,
1015 487 1067 527 neo
1081 471 1110 540 Α
1124 470 1214 542 enimi
1227 469 1318 530 victor
1336 485 1401 530 esse
1422 486 1588 545 mnarum,
1615 468 1786 544 pietatisque
1814 473 1915 548 untps

229 562 369 624 ‘botulis
383 563 504 638 potuisti
528 562 603 636 capi,
633 579 686 619 nec
714 561 840 636 premiis
870 561 988 628 inilccti,
1016 576 1070 619 nec
1126 575 1240 618 servare
1255 561 1400 635 integram
1416 561 1445 618 in
1471 559 1562 624 tentis
1590 559 1730 621 ductibus
1753 560 1917 634 pudorem

247 641 460 725 suppliciorum
475 652 684 708 acerbitatibus
707 651 799 726 lrangi
811 652 847 724 (ll
863 651 952 710 Meet.
966 667 1004 720 vr,
1021 649 1069 704 18·
1445 675 1563 733 CAPUT
1579 675 1628 730 xp·

249 741 307 813 30).
324 741 453 813 Denique
469 757 487 798 a
503 739 713 798 blandimentis
743 741 839 816 caepit,
865 740 936 814 quis
954 738 1070 837 judica·
1125 767 1166 820 D,
1179 766 1339 824 admirabili
1350 767 1486 838 patim„
1499 779 1532 820 ,w
1540 764 1703 835 som-mim
1711 769 1808 836 ,mem
1820 766 1918 836 {mmm

249 829 301 904 but
315 833 461 888 tormenta
481 845 536 884 sua
559 845 646 903 posse
673 829 816 902 superari.
846 829 1001 894 Erubesce,
1026 843 1071 880 m-
1160 833 1385 902 Machameum,
1415 836 1512 908 quiem
1539 839 1628 891 m
1649 839 1743 892 octava
1762 834 1850 892 addes
1866 839 1918 906 piei,

251 919 326 991 quit,
341 917 476 975 canitiem
494 922 586 986 tuam,
603 933 735 974 revereor
761 921 952 984 senectutem,
981 916 1073 971 miror
1162 911 1281 977 quisuis
1300 908 1443 982 suppucia
1457 906 1589 965 meritum
1609 906 1698 976 aare
1725 908 1788 974 tilii
1810 909 1921 979 aequuu-

250 997 456 1080 prudentism:
473 1022 526 1061 cur
544 1006 752 1064 abstinendum
768 1005 853 1062 bonis
867 1004 962 1078 epulis
986 1008 1072 1076 putes
1166 988 1242 1039 ΝΜ·

250 1112 325 1168 quas
340 1098 445 1151 natura
458 1093 603 1168 largituri
625 1094 733 1151 Relaxa
761 1094 928 1151 istiusmodi
944 1091 1072 1166 pervica-
1163 1099 1288 1154 t5.Post
1301 1095 1399 1167 ipsum
1415 1090 1516 1155 statuti
1530 1094 1601 1148 suut
1628 1090 1712 1163 pueri
1738 1094 1844 1163 septem
1867 1108 1922 1150 ouu

251 1175 337 1253 ciam,
353 1183 551 1258 expergiscere
575 1182 743 1255 aliquando,
772 1183 843 1238 dum
871 1183 967 1239 adhuc
996 1178 1073 1236 malo
1128 1192 1221 1246 matre
1235 1186 1273 1259 (il
1285 1185 1369 1242 Meet.
1386 1197 1437 1250 vn,
1454 1178 1537 1253 til).
1555 1179 1701 1245 Insultare
1722 1178 1790 1240 licet
1809 1184 1922 1253 wmuno,

250 1271 302 1330 tibi
318 1274 504 1346 persuadere,
520 1288 609 1346 quam
630 1276 818 1346 extorquer03
836 1287 871 1327 ue
893 1270 987 1328 victus
1003 1286 1073 1342 sup·
1128 1276 1179 1349 qui
1194 1276 1265 1332 dum
1279 1272 1383 1331 callide
1398 1288 1414 1327 a
1429 1269 1711 1342 sencinoipiectlum
1736 1273 1824 1342 putat,
1850 1270 1925 1343 mugi·

173 1355 184 1362 ’
251 1359 348 1435 pliciis
364 1353 464 1429 iacies,
488 1362 564 1434 quod
586 1360 695 1418 refutas
711 1360 822 1416 ratione
854 1359 1004 1418 invitatus.
1030 1357 1074 1413 Ad
1129 1367 1223 1420 etrum
1237 1360 1319 1434 eligit
1333 1357 1565 1433 quodiscipulos
1579 1358 1688 1425 iaceret
1703 1358 1840 1426 turtures,
1865 1373 1925 1430 quo·

251 1447 312 1504 hec
328 1448 600 1521 responditscnex:
616 1449 685 1518 Nos,
708 1447 862 1518 Antioche,
891 1464 949 1504 non
979 1446 1074 1502 inteu-
1128 1467 1194 1508 rum
1208 1450 1289 1507 velut
1303 1447 1444 1523 puerilem
1458 1445 1717 1518 oetstemproemiis
1731 1447 1926 1519 provocabrtad

253 1537 331 1593 tione
341 1537 397 1609 (dt)
413 1537 558 1606 ducimur,
574 1537 625 1594 scd
641 1537 803 1596 reverentie
825 1536 900 1612 legis
928 1539 1073 1601 tenemur,
1128 1539 1257 1613 eulpam,
1273 1537 1395 1610 urgebat
1408 1535 1571 1597 terroribus
1585 1535 1622 1598 ed
1632 1535 1828 1598 formianae.
1841 1539 1874 1600 rit
1893 1535 1927 1592 illi

252 1640 317 1698 que
333 1643 350 1682 a
364 1624 451 1682 suilla
466 1642 553 1683 cerne
567 1625 774 1682 abstinendum
787 1624 927 1698 precipit.
943 1621 1076 1680 Pulcher·
1130 1629 1353 1701 mndegeneoes
1377 1629 1458 1682 tento
1481 1623 1555 1681 dune
1581 1622 1776 1696 respondeat:
1796 1623 1865 1687 Ouid
1883 1639 1933 1680 sor

252 1711 359 1770 rimam
370 1714 488 1786 judicas
498 1717 678 1781 creaturum
695 1728 801 1785 negare
816 1717 977 1770 tamennon
993 1715 1076 1784 potes
1130 1715 1293 1786 muteronis
1307 1713 1352 1771 vel
1366 1711 1595 1780 circumscribis,
1611 1715 1644 1769 ut
1658 1727 1766 1782 pueros
1783 1711 1858 1786 (libii
1883 1711 1928 1770 Sed

253 1801 330 1873 quod
343 1801 438 1874 potior
450 1802 489 1858 sit
500 1801 702 1874 temperantia,
718 1817 808 1873 quum
822 1799 967 1874 voluptas,
982 1797 1078 1872 potior
1132 1807 1204 1866 tides
1233 1821 1307 1863 caua
1338 1806 1392 1869 est,
1419 1801 1471 1864 sed
1496 1799 1594 1859 valide
1620 1798 1787 1872 disciplina.
1815 1800 1929 1872 &perne

252 1887 327 1962 legis
338 1885 512 1956 obedientie,
531 1905 619 1962 quam
635 1887 842 1961 prevaricatio.
868 1888 950 1953 Quod
976 1887 1001 1944 si
1020 1887 1076 1943 hoc
1131 1899 1217 1962 ceris,
1232 1893 1344 1964 subjice
1357 1891 1465 1963 quibus
1479 1887 1574 1961 placet
1588 1886 1684 1960 paris
1696 1887 1928 1961 pueriliauiscem,

253 1977 315 2033 leve
330 1981 426 2050 putus,
442 1981 475 2034 ut
489 1993 576 2037 carue
590 1992 744 2034 vescamur
763 1975 868 2035 suilla:
886 1976 936 2048 qui
961 1974 991 2032 in
1020 1975 1076 2032 mi·
1131 2001 1190 2047 non
1204 1981 1335 2043 inuenies
1349 1979 1437 2039 corde
1451 1975 1660 2050 puerilisznec
1674 1976 1929 2049 potent'moeserunt

253 2065 343 2122 nimis
366 2065 460 2138 legem
482 2064 700 2143 contempserit,
728 2064 873 2138 quomodo
901 2065 932 2120 in
961 2063 1077 2140 magnis
1130 2075 1344 2136 tormentorum
1360 2066 1514 2135 machine,
1529 2064 1764 2138 qunmlogitirne
1777 2065 1930 2128 cannabo

253 2152 388 2235 tenebit?
402 2155 461 2209 Aut
476 2153 500 2209 si
516 2153 645 2226 pretiosa
659 2155 703 2210 est
723 2157 857 2210 creatura
884 2152 1076 2226 hujusmodi;
1130 2161 1177 2219 nie
1192 2158 1330 2217 excubia.
1346 2157 1438 2224 Quem
1445 2153 1516 2217 vicit
1529 2157 1677 2221 maenius,
1687 2152 1836 2225 superabit
1844 2151 1931 2212 amau

253 2240 425 2312 vindicaris,
442 2257 509 2302 cum
524 2257 558 2297 eo
573 2241 650 2314 quod
662 2241 951 2313 sitpulcherrimum,
963 2240 1077 2298 delrau·
1130 2243 1434 2318 senoetutispueritia.
1445 2242 1604 2314 Sequimur
1614 2244 1731 2314 petrem
1741 2240 1803 2309 tilii,
1814 2239 1933 2313 diadpuli

254 2329 370 2387 damur.
386 2329 574 2386 Abstinentia
598 2332 695 2397 eutem
724 2333 824 2386 nostra
852 2328 1009 2401 disciplina
1031 2332 1077 2384 est
1130 2333 1409 2408 doctoremcollige
1420 2330 1633 2404 suppliciorum
1642 2329 1932 2402 iustrssmcnlapmpe

255 2415 446 2475 castimonie.
473 2416 622 2474 Disoimus
651 2417 730 2472 enim
759 2433 889 2474 resecare
916 2416 1075 2484 luxuriam,
1130 2426 1207 2484 sitq:
1222 2421 1442 2488 meditationem
1453 2419 1611 2492 patientie.
1627 2435 1687 2481 neu
1701 2423 1840 2480 terromm
1853 2417 1932 2476 inlau-

255 2503 432 2577 cupiditates
464 2505 590 2572 vincere,
626 2504 778 2564 excludere
813 2505 1075 2580 concupiscentias,
1114 2515 1176 2571 -tiae
1191 2515 1317 2573 afferunt
1330 2511 1398 2583 (67),
1413 2509 1486 2569 dum
1497 2508 1642 2574 ceatur.

255 2591 497 2651 delectationibus
512 2593 641 2666 corporis
651 2594 779 2652 obviare.
798 2593 989 2655 Fortitudinis
1003 2611 1076 2666 quo·
1165 2604 1210 2664 te,
1226 2601 1322 2661 tumit
1336 2599 1499 2664 maximum
1514 2600 1585 2662 natu
1598 2595 1678 2671 eligi.
1705 2600 1743 2661 at
1764 2595 1812 2656 ille
1832 2595 1931 2652 ridens:

255 2698 312 2754 que
331 2681 499 2739 exercitium
515 2682 675 2756 est,poenis
705 2700 756 2755 pru
786 2681 849 2758 lege
874 2698 931 2739 non
962 2681 1074 2738 cedere.
1131 2693 1228 2759 Reate,
1242 2689 1350 2762 inquit,
1364 2686 1623 2747 naturaeordiaeor
1637 2701 1750 2749 semes.
1765 2685 1820 2742 Sed
1834 2681 1931 2742 cnrbei

254 2770 380 2828 lustitia
405 2787 522 2844 quoque
537 2771 652 2843 insigne
668 2773 755 2844 atquc
771 2771 942 2845 prudentia,
955 2775 987 2826 ut
997 2770 1075 2843 quod
1130 2779 1225 2852 legem
1239 2775 1441 2834 temerandam
1455 2772 1564 2845 putas?
1578 2774 1613 2840 lit
1627 2789 1680 2846 pro
1693 2773 1809 2846 piatam
1829 2770 1931 2844 quidun

256 2859 590 2933 sequendumelegimus
606 2860 710 2918 timore
724 2859 785 2928 Dei,
807 2863 900 2916 morte
927 2858 1078 2932 proposita
1131 2883 1234 2926 omnes
1248 2864 1369 2922 maximi
1383 2879 1506 2927 sumus:
1518 2862 1574 2929 sed
1584 2865 1685 2919 minen
1700 2861 1933 2922 ameinebostum

255 2962 447 3004 reservemus.
462 2948 533 3012 Quis
547 2964 646 3032 escam
661 2945 921 3020 imperetliberisi
943 2948 996 3012 Qui
1024 2963 1077 3003 eu·
1131 2956 1254 3029 gaudeo.
1262 2952 1462 3026 Quidquaeris,
1475 2951 1934 3025 tyranneitloufflsornossummo

256 3038 316 3092 tem
332 3052 363 3092 se
378 3035 533 3092 ridendum
550 3035 675 3110 prebeat
692 3039 723 3094 ut
738 3035 768 3091 in
783 3035 837 3091 boc
852 3035 1076 3102 serviat,etnon
1132 3049 1189 3105 neo
1204 3043 1361 3112 scrvire,et
1374 3041 1461 3110 doces
1474 3041 1546 3114 quit
1565 3055 1650 3112 agam
1672 3040 1842 3104 debeamus.
1864 3037 1892 3094 Si
1908 3039 1935 3092 tu

255 3121 399 3182 ridebitur
413 3123 568 3196 (dbitNon
588 3140 656 3180 sum
671 3122 711 3180 ita
740 3138 837 3192 senex,
868 3127 900 3180 ut
922 3123 995 3180 mibi
1018 3140 1087 3186 uon,
1133 3136 1216 3192 tanta
1229 3130 1389 3206 pertinacis
1402 3129 1446 3188 vis
1459 3133 1633 3202 extorquere
1644 3128 1807 3196 veritatem,
1824 3145 1873 3186 cur
1886 3141 1933 3182 nou

252 3213 424 3284 iulissflwfli
435 3212 525 3270 &nimi
537 3213 686 3270 fortitude
1094 3198 1116 3268 G
1134 3222 1215 3282 omni
1229 3221 1337 3278 virtute
1350 3234 1479 3277 naseam
1503 3218 1661 3277 brendam
1690 3219 1851 3290 putemus?
1873 3212 1934 3280 Ouid

274 3298 277 3306 '
293 3301 336 3358 ta.
350 3301 518 3374 Suspensus
534 3302 632 3374 itaque
648 3317 715 3358 cum
731 3300 799 3358 binc
814 3305 901 3375 etque
921 3301 988 3358 inde
1010 3319 1079 3376 gra·
1133 3310 1242 3384 plura?
1257 3307 1440 3366 Adhibentur
1448 3305 1598 3372 variarum
1608 3319 1719 3379 gauere
1728 3301 1933 3379 persuasu

255 3389 328 3444 viter
342 3391 520 3458 verberatur,
537 3405 589 3446 nec
604 3390 668 3461 jam
683 3391 792 3448 terrent
815 3390 920 3450 senilia
947 3391 1080 3448 membra
1132 3390 1934 3471 vieitpietesimmsnitstisiuroremmxclusaectauimt.

147 3545 156 3560 ⁹
255 3476 408 3534 verberum
424 3494 536 3550 parnas,
554 3477 672 3537 lassatis
696 3477 883 3536 carnificibus
915 3485 1002 3552 etque
1029 3497 1078 3536 ex·
1133 3504 1191 3552 non
1207 3485 1309 3559 religio
1320 3484 1402 3559 (ibuit.
1413 3484 1483 3556 26).

254 3561 432 3639 tensortbus,
448 3563 478 3623 in
493 3569 600 3624 terram
610 3567 740 3629 deflexus
750 3566 938 3624 inflexibilem
950 3571 1078 3626 monmm
1165 3577 1210 3638 67.
1227 3573 1380 3633 Secundum
1392 3571 1524 3640 accemit.
1539 3571 1732 3644 neudegeuer
1740 3569 1835 3631 nuru
1850 3566 1936 3625 munit

253 3648 382 3728 gerebat.
400 3650 434 3710 iit
449 3654 569 3726 quidam
585 3671 636 3712 seu
651 3654 811 3730 longarum
835 3656 991 3714 miseratus
1009 3662 1077 3714 cta·
1130 3666 1185 3739 pire
1225 3661 1418 3725 consessionis
1458 3659 1591 3734 impleuit
1610 3659 1691 3732 (bue.
1727 3659 1796 3732 7.·9).
1829 3658 1860 3716 tt
1878 3669 1935 3712 eum

251 3744 323 3811 tem,
344 3757 396 3798 seu
424 3744 613 3800 tentamentis
642 3744 853 3801 circumvenire
882 3745 1075 3804 desiderans:
1130 3742 1935 3822 detrahereturmembrauecepitis,respouditztuicriit

249 3827 412 3904 Responde,
428 3829 535 3904 iuquit,
550 3834 754 3916 tantummodo
769 3833 845 3912 4Ἰὸ
862 3837 891 3888 te
913 3834 1075 3891 manduce*
1129 3841 1250 3914 quidem
1265 3838 1479 3906 membranam,
1490 3837 1543 3902 sed
1553 3835 1773 3911 babergeteem
1781 3831 1934 3908 spiritalem,

249 3912 366 3976 turum:
384 3923 569 3978 roswescae
589 3921 653 3991 ejns
668 3920 832 3978 immunem
857 3922 1073 3992 prestabimus.
1129 3946 1217 4003 quem
1237 3944 1296 3985 non
1319 3925 1441 3999 potestis
1470 3925 1595 3986 auferre.
1624 3926 1663 3985 uc
1682 3942 1752 3988 uere
1772 3926 1844 3984 hauc
1869 3919 1933 3981 41⁸

248 4008 286 4062 At
300 4003 348 4063 ille
368 4007 521 4064 clamans:
553 4008 757 4080 Nequaquam,
790 4008 898 4082 inquit,
926 4011 1076 4084 contingat
1127 4017 1333 4092 galeamnemo
1348 4013 1576 4087 potestantem,
1591 4008 1933 4087 sbutpoetesitpmtulus

249 4093 572 4162 mibi,utfismseuca
597 4095 928 4168 incentivumjuuenitis
954 4099 1072 4168 erroris,
1127 4104 1226 4162 docuit
1248 4105 1278 4159 io
1306 4100 1435 4159 Ecclesia
1470 4102 1607 4170 Domini:
1626 4124 1641 4154 κ
1663 4103 1740 4168 Quia
1776 4103 1858 4174 caput
1887 4095 1932 4150 titt

249 4181 571 4255 quibucusqueeram
588 4187 681 4240 lorms
704 4184 842 4241 salutaris
865 4185 1002 4243 instituti.
1021 4188 1073 4245 llis
1125 4193 1258 4251 christus
1291 4194 1337 4248 est
1364 4191 1387 4258 (l
1413 4189 1475 4247 Cor.
1505 4207 1544 4256 xc,
1571 4191 1610 4263 3).
1627 4214 1641 4243 α
1672 4190 1709 4252 Fet
1746 4191 1810 4262 ejus
1842 4199 1932 4244 summ

247 4285 302 4342 ego
316 4269 463 4338 ludibriis,
481 4274 513 4327 ut
527 4271 683 4345 paululum
699 4273 794 4330 vivam
810 4273 955 4342 lucrabor,
972 4280 1001 4331 et
1027 4281 1071 4332 to·
1126 4279 1367 4351 membr-adtritos.
1383 4295 1411 4348 v,
1428 4280 1473 4350 36)
1501 4301 1516 4330 »
1527 4279 1615 4341 Recta
1629 4295 1703 4352 puer
1731 4279 1819 4338 isam
1845 4273 1931 4332 dirim

248 4355 308 4412 tius
321 4357 385 4413 vite
401 4357 516 4416 labores
526 4360 658 4418 abdicem
671 4361 879 4419 brevisviotico
893 4365 1071 4420 senectutis?
1125 4363 1930 4446 spiritudoctrinomapostolicamprauidebaidixuebunt

247 4447 386 4502 Senectus
401 4451 502 4520 portua
518 4448 604 4506 debet
627 4465 701 4515 esse,
731 4468 788 4506 oon
816 4450 880 4506 vitra
909 4452 1070 4526 superioris
1124 4460 1269 4518 immanes
1293 4455 1392 4520 bestie
1417 4456 1534 4516 corium
1560 4456 1677 4529 cupitis,
1719 4460 1750 4514 et
1790 4448 1929 4528 patdfllitiss

247 4532 445 4604 naufragium.
461 4539 524 4590 Non
539 4541 567 4592 te
582 4538 704 4610 negabo,
719 4537 765 4594 lex
779 4538 883 4610 patria,
907 4555 965 4596 non
987 4541 1067 4612 abiu
1081 4547 1285 4624 [pteritatibus
1298 4543 1577 4607 seviebantbtille,
1588 4545 1748 4606 delicians:
1760 4536 1932 4612 ouamduloe

247 4620 318 4678 rabo
336 4636 397 4689 vos,
410 4623 816 4697 sanctainstitutemajorum‚
829 4644 885 4683 non
894 4627 1066 4688 decolorabo
1122 4643 1177 4704 est,
1194 4633 1300 4707 inquit,
1317 4631 1392 4692 mori
1406 4649 1458 4706 pro
1472 4632 1722 4707 religioue‚quam
1735 4625 1930 4696 suumomni

245 4726 309 4782 vos,
325 4707 424 4790 iniulce
440 4710 652 4780 sacerdotales3
670 4731 727 4769 non
739 4719 766 4770 te
793 4715 921 4787 pertidia
949 4716 1068 4789 pulvere
1122 4724 1266 4782 acerbitas
1281 4720 1452 4793 mortispro
1480 4722 1607 4794 pietate.;
1624 4722 1695 4795 quia
1723 4719 1929 4790 mamiliorum

246 4798 370 4872 turpabo
391 4796 501 4872 palem,
517 4799 1069 4865 canitiestQuidmultsilmmoriendo
1122 4809 1330 4874 remumeratio
1356 4808 1514 4870 laboruml
1541 4812 1605 4870 Tua
1619 4815 1701 4878 sunt,
1730 4827 1790 4880 rex,
1812 4805 1929 4882 aarum

244 4887 398 4946 tormentis
412 4887 509 4943 lactus
524 4892 569 4943 est
584 4889 694 4944 ceteris
710 4891 911 4963 magisterium
936 4909 1067 4965 perseue-
1121 4904 1286 4957 tormenta:
1301 4903 1330 4954 te
1342 4897 1402 4955 tuis
1413 4898 1767 4972 vehementiustorqueris
1777 4891 1926 4971 suppliciis;

136 5005 141 5008 ·
245 4975 358 5042 rantis,
375 4975 425 5050 qui
452 4974 562 5037 electus
578 4981 640 5032 erat
654 4978 689 5036 ad
696 4978 877 5038 infirmitatis
888 4982 1065 5062 exemplum.
1122 4987 1288 5062 quinvides
1301 4991 1329 5042 te
1344 4984 1422 5054 vinci
1436 4987 1471 5044 iu
1482 4990 1638 5064 potestate.

248 5063 471 5138 beatusigitur,
500 5063 530 5120 in
560 5080 618 5136 quo
648 5082 706 5122 non
735 5071 894 5138 potuerunt
922 5074 1069 5128 tormenta
1157 5079 1201 5132 48.
1218 5074 1480 5144 Ethocdeiuncto,
1507 5076 1630 5136 tertium
1653 5076 1743 5137 statui
1769 5073 1827 5133 sibi
1849 5067 1928 5144 (1116ίῖ

247 5151 389 5209 rationem
409 5151 534 5210 vincere.
553 5153 1068 5229 innonbeatus,quipotuitvirtute
1121 5165 1158 5237 (tl
1197 5163 1282 5220 dact.
1313 5179 1364 5228 vu,
1390 5164 1416 5234 l,
1451 5162 1556 5237 10-(2).
1586 5165 1623 5221 lit
1649 5181 1717 5221 cum
1738 5177 1815 5233 eum,
1832 5158 1925 5236 parlim
1957 5193 1961 5202 ·

281 5275 337 5357 (66)
375 5276 536 5360 latentique,
566 5279 595 5335 id
634 5284 679 5336 est
714 5280 833 5353 propria
856 5280 1005 5340 voluntate
1033 5301 1067 5342 sc
1121 5287 1249 5354 multum
1263 5285 1464 5344 receduntulii
1483 5285 1772 5361 descensuque
1788 5281 1925 5344 munden·

246 5343 477 5426 electionetnrsr
494 5349 660 5406 iorteidem
685 5353 733 5422 sit,
763 5356 850 5424 atque
877 5352 968 5408 animi
997 5370 1066 5411 con·
1121 5376 1199 5416 mus.

245 5418 375 5472 tentione
389 5421 417 5474 et
428 5418 596 5502 pertinacis.
1156 5429 1213 5502 (66)
1228 5429 1298 5486 Post
1309 5443 1410 5487 vocem
1424 5444 1533 5499 pueros,
1547 5429 1628 5488 addit
1642 5428 1713 5491 adit.
1738 5428 1831 5492 Rom..
1854 5419 1925 5496 pueri

280 5485 336 5558 (66)
350 5487 412 5544 Vct.
428 5491 488 5546 edit
503 5507 569 5547 eom
586 5495 667 5574 parte
690 5509 762 5549 mss.
789 5495 935 5565 preteeti
957 5499 990 5550 ln
1018 5495 1067 5552 too
1119 5517 1226 5570 sumes,
1263 5499 1319 5555 uod
1335 5515 1483 5570 nusquam
1498 5499 1568 5561 alibi
1583 5500 1721 5574 moedu-
1800 5508 1804 5515 ’

243 5559 356 5626 serviat,
372 5559 417 5614 sed
435 5577 491 5615 noe
505 5563 615 5620 ridetur.
647 5563 728 5620 Rom.
756 5565 894 5692 erubet?
920 5566 986 5636 Quia
1018 5584 1067 5622 au
1157 5573 1211 5644 (67)
1259 5587 1299 5628 ss.
1316 5587 1374 5629 nou
1398 5571 1495 5642 pauci,
1519 5588 1572 5631 nec
1593 5569 1740 5637 inuersa
1765 5573 1848 5638 now,
1875 5577 1923 5634 Μ

244 5636 298 5686 tem
312 5630 342 5686 iu
357 5627 406 5686 tor
420 5634 528 5701 seruiat,
559 5641 584 5689 et
612 5650 667 5690 uon
697 5635 754 5692 ride
774 5636 908 5694 iturtltb
923 5637 978 5696 buc
1007 5655 1065 5696 non
1121 5650 1252 5704 umorem
1269 5642 1532 5723 imciticnciioruut.
