4159 6184
257 301 318 376 rer
986 299 1020 372 s.
1042 301 1229 376 nonnoso
1624 335 1629 344 ·
1863 319 1911 390 m

258 444 415 502 draconem
443 437 527 514 (Paul.
557 453 604 512 xe,
633 437 689 514 43).
716 457 733 492 a
766 435 803 499 Ut
828 435 1021 500 ambulaverit
1049 441 1080 496 in
1096 438 1123 510 Α
1138 440 1379 513 misericordiam,
1392 439 1502 503 babent
1523 440 1725 517 sobrietatem
1747 445 1793 507 eod
1811 449 1911 514 tractum

257 531 467 600 incarnatione,
496 527 708 588 conculcaverit
744 528 774 586 in
802 529 948 604 passione,
977 528 1022 587 vel
1050 528 1081 586 in
1135 548 1195 589 non
1223 531 1342 603 babent,
1367 532 1546 607 quistinam
1573 549 1630 592 non
1655 533 1773 593 babenti
1792 539 1914 601 babumm

256 622 414 680 traditione
451 619 534 694 regni
569 619 727 687 conculcat,
762 620 839 692 quod
869 620 946 678 Patri
974 620 1080 685 tradet,
1135 619 1194 677 cito
1217 620 1296 689 lolia,
1322 620 1373 678 ubi
1399 624 1505 679 ventus
1532 621 1653 679 flaverit.
1681 624 1715 680 Et
1737 624 1818 699 aliqui
1841 629 1913 688 ludet

257 728 325 770 cum
353 725 470 769 ornnem
505 708 687 766 evacuaverit
720 708 928 782 principatum.
957 708 1081 766 Pulchra
1135 708 1246 767 babent
1258 711 1475 780 castimoniam,
1487 710 1671 769 sedulitatem
1686 712 1714 768 in
1734 713 1843 773 lectona
1857 721 1915 776 mul-

256 805 358 860 autem
381 798 526 873 Aquilast
541 807 784 871 μεταπιφυτευμινον
808 796 890 866 dixit,
932 797 987 855 hoc
1025 801 1080 866 cst,
1134 798 1467 873 tem,etdiligentiam;
1483 800 1614 858 eadsine
1636 801 1815 874 iructusunt,
1833 809 1915 863 etser-

256 891 514 964 transplsntatum,
530 903 564 945 eo
588 889 666 961 quod
690 887 785 961 primo
808 887 847 945 sit
869 887 1035 961 plantatum
1049 887 1080 943 in
1135 890 1282 944 santurut
1295 887 1375 946 lolia.
1390 889 1456 945 llaec
1471 889 1545 946 forte
1565 893 1636 946 sunt
1659 889 1727 947 folia
1744 907 1801 964 que
1813 892 1916 952 Satoris

256 979 385 1052 Virgine,
415 981 515 1050 postea
544 975 791 1050 transplantatum
829 975 860 1032 in
889 975 1079 1049 paradisum:
1135 975 1165 1033 in
1180 976 1232 1034 illa
1244 978 1302 1034 ticu
1312 976 1429 1052 reperit,
1451 979 1503 1035 sed
1518 977 1646 1035 fructum
1657 995 1712 1036 non
1724 979 1823 1036 invenit
1835 981 1915 1054 (ron

257 1067 334 1126 sient
347 1066 421 1124 dixit
433 1067 469 1122 sd
485 1065 629 1124 latronem
645 1081 652 1121 :
669 1087 684 1116 ι(
699 1067 803 1134 Amen,
819 1079 904 1121 amen
928 1063 993 1121 dico
1007 1063 1080 1121 tibi:
1134 1083 1193 1135 ιιι,
1210 1067 1265 1140 49).

257 1157 345 1215 bodio
356 1171 472 1213 mecum
495 1155 553 1212 eris
579 1154 610 1210 in
638 1154 775 1227 paradiso
803 1153 1048 1226 (luc.xx111,i3).
1066 1175 1080 1202 n
1170 1158 1214 1211 42.
1235 1155 1359 1229 Mystico
1380 1154 1505 1224 salvam,
1531 1159 1561 1212 et
1582 1173 1601 1213 a
1620 1160 1711 1213 morte
1732 1157 1916 1217 liberorumn-

293 1247 336 1302 40.
353 1244 413 1303 Hoc
427 1244 542 1318 lignum
554 1243 644 1317 igitur
658 1243 786 1299 fructum
801 1242 883 1299 dabit
903 1242 934 1298 in
949 1245 1082 1314 tempore
1134 1242 1209 1301 ralia
1223 1247 1324 1301 autom
1339 1249 1512 1302 ornamenta
1525 1245 1639 1302 decoris
1656 1249 1732 1313 sunt,
1748 1262 1800 1303 non
1813 1247 1916 1303 subsidia

256 1351 320 1393 suo.
338 1335 431 1408 Ligna
444 1336 560 1390 terrene
575 1332 703 1389 lructum
715 1348 773 1388 nnn
791 1332 870 1400 dara,
886 1331 937 1387 sed
952 1330 1027 1387 serre
1039 1330 1081 1386 di·
1135 1332 1356 1406 redemptionis.
1371 1334 1513 1391 Praestare
1530 1336 1630 1392 eutem
1653 1334 1771 1408 mystica
1791 1334 1919 1392 morsibus

255 1429 382 1482 cuntur:
397 1423 448 1480 sed
463 1421 577 1495 lignum
590 1421 654 1477 vite
670 1438 704 1479 ac
719 1420 869 1494 sapientie
880 1420 930 1477 dat
939 1420 1080 1489 fructum,
1134 1422 1224 1478 etiam
1238 1421 1302 1495 ipse
1317 1423 1459 1480 Dominus
1478 1423 1562 1480 docet
1576 1423 1606 1479 in
1617 1422 1767 1496 Evangelio
1780 1439 1828 1480 sno
1841 1423 1917 1480 dicens

254 1512 310 1571 boc
323 1516 378 1584 est,
394 1509 520 1584 largitur
533 1513 562 1566 et
575 1511 674 1568 donat.
700 1511 813 1566 Rursus
838 1507 911 1565 illud
935 1507 1078 1566 occurrit:
1135 1510 1171 1566 de
1185 1509 1288 1583 Maria,
1304 1528 1369 1584 que
1383 1512 1490 1569 sedens
1505 1526 1591 1569 secus
1609 1511 1699 1585 pedes
1720 1511 1826 1568 Domini
1842 1511 1919 1568 audie·

255 1602 286 1661 si
297 1601 413 1676 lignum
428 1604 472 1658 est
487 1600 648 1673 snpientia,
673 1616 725 1656 our
742 1599 772 1655 in
792 1602 924 1671 tempore
946 1596 1036 1665 dabit,
1052 1599 1081 1652 et
1134 1598 1320 1656 batuerbum
1335 1590 1428 1669 illins,¹
1442 1614 1511 1656 cum
1535 1599 1650 1657 Martha
1671 1599 1746 1656 circa
1758 1596 1917 1656 ministeriun

254 1708 313 1748 non
333 1689 473 1764 semper?
495 1689 537 1745 Ne
560 1689 633 1745 sorte
656 1703 742 1760 gram
765 1687 805 1744 sit
826 1686 912 1743 nobis
935 1685 990 1743 hoo
1012 1701 1080 1742 scn-
1134 1686 1292 1756 festinaret,
1307 1692 1338 1745 et
1361 1693 1532 1760 quereretur
1554 1687 1633 1761 quod
1656 1704 1739 1745 soror
1759 1687 1920 1760 oampmpria

254 1781 310 1838 tire
324 1780 360 1837 ds
375 1777 509 1846 Christo;
527 1777 577 1834 sed
591 1779 624 1833 tu
638 1777 689 1850 qui
703 1775 799 1850 legisti
815 1775 885 1850 quia
900 1774 1081 1849 dispensato·
1095 1809 1120 1876 B
1136 1775 1215 1833 circa
1228 1793 1337 1834 mense
1352 1776 1549 1834 ministerium
1563 1793 1622 1834 non
1639 1777 1773 1849 juraret:
1790 1797 1803 1826 e
1824 1775 1919 1840 Martha,

254 1884 317 1926 rem
332 1865 449 1924 fidelem
464 1869 493 1922 et
509 1866 681 1938 prudentem
696 1862 854 1922 constituet
871 1863 1014 1921 Dominus
1028 1879 1081 1920 su·
1135 1864 1261 1935 Martha,
1282 1865 1375 1922 Maria
1403 1865 1544 1938 optimam
1568 1869 1682 1939 partem
1708 1863 1763 1922 sibi
1775 1863 1861 1938 elegit,
1873 1879 1919 1936 qna

254 1974 308 2032 pra
322 1955 467 2014 familiam
483 1970 579 2023 suem,
594 1957 628 2010 ut
641 1954 691 2011 det
705 1952 764 2010 illis
789 1953 820 2009 in
847 1958 976 2026 tempore
990 1950 1080 2009 tritici
1135 1970 1194 2010 non
1209 1954 1359 2012 auferetur
1387 1953 1431 2011 illi
1454 1954 1530 2027 (tur.
1545 1970 1574 2023 x,
1590 1955 1636 2026 44,
1651 1954 1707 2027 42).
1723 1975 1737 2005 s
1762 1953 1791 2010 si
1811 1951 1855 2008 illa
1874 1968 1919 2023 qur

255 2061 425 2104 mensuram
442 2045 517 2116 (luc.
533 2061 585 2110 ιιι,
606 2043 661 2116 42),
685 2042 716 2099 in
740 2046 871 2115 tempore
895 2041 1006 2115 utique,
1020 2058 1079 2098 rron
1131 2040 1250 2099 Christo
1265 2042 1453 2100 ministrabat
1467 2043 1504 2100 ad
1518 2059 1663 2114 mensam,
1683 2059 1741 2099 non
1754 2040 1921 2098 conterebatur

254 2150 381 2209 semper,
394 2133 507 2190 turbari
522 2133 626 2204 utiquo
641 2149 699 2188 non
714 2131 812 2188 debes.
825 2131 922 2189 Potest
936 2129 1080 2204 sapientia
1134 2129 1161 2187 si
1176 2146 1240 2204 que
1258 2131 1381 2188 verbum
1395 2131 1534 2204 cupiebat
1549 2131 1652 2189 andire
1664 2149 1672 2201 ;
1684 2147 1769 2204 quem
1785 2133 1920 2203 operantem

254 2239 371 2296 semper
393 2222 522 2279 fructum
551 2221 639 2290 dare;
669 2221 719 2277 sod
744 2221 814 2294 quia
842 2218 987 2294 sapientia
1002 2218 1075 2276 tbi
1133 2218 1267 2278 studioso
1287 2219 1464 2294 cognitionis
1477 2224 1593 2278 eternae
1614 2221 1746 2278 conferre
1769 2216 1920 2292 poterimus?

254 2316 308 2384 est,
331 2310 417 2368 debet
440 2310 586 2384 sapienter
609 2309 687 2378 dore,
712 2308 883 2383 dispensare
909 2308 1077 2382 prudenter,
1134 2309 1178 2365 lta
1187 2312 1298 2379 mmen,
1318 2311 1351 2364 ut
1365 2324 1418 2366 nec
1432 2307 1512 2365 illius
1524 2307 1687 2383 operationi
1701 2308 1782 2376 fides,
1795 2322 1842 2363 nac
1853 2304 1921 2374 bajus

254 2402 279 2459 si
303 2400 421 2474 quando
445 2416 499 2456 nos
522 2398 639 2472 plenam
664 2414 834 2456 mensuram
859 2400 912 2454 uut
929 2396 1079 2470 possimus
1133 2396 1302 2471 cognitioni,
1322 2397 1399 2454 sicut
1412 2396 1520 2466 Marias,
1533 2397 1609 2456 desit
1623 2391 1922 2472 operatiozneroliolis

254 2489 395 2562 occipere.
411 2487 494 2545 Siout
507 2487 556 2545 bic
570 2490 731 2546 extremum
747 2491 865 2561 tempus
881 2487 1021 2552 trucium,
1038 2485 1080 2544 ita
1133 2485 1198 2543 sine
1212 2486 1310 2544 fructu
1325 2484 1395 2557 sint,
1405 2484 1450 2543 vel
1464 2487 1577 2545 tructus
1591 2486 1657 2544 eine
1667 2483 1846 2544 munimentis
1855 2486 1921 2538 netu·

253 2581 283 2635 et
296 2575 356 2634 illio
371 2576 452 2634 dabit
466 2577 593 2633 fructum
617 2577 728 2634 bonum
747 2576 778 2632 in
803 2575 939 2650 gentibus
954 2575 1012 2649 (45)
1025 2593 1031 2644 ;
1047 2577 1080 2631 ut
1133 2573 1246 2632 ralibus
1259 2575 1301 2633 sit
1312 2574 1449 2643 intectus,
1464 2579 1494 2632 et
1506 2579 1606 2650 pateat
1618 2574 1744 2649 injurie.

252 2666 414 2741 possimus.
427 2663 510 2722 Nunc
524 2680 582 2721 non
598 2663 756 2736 possimus,
773 2664 874 2721 odioso
898 2661 1004 2720 seculo
1019 2679 1078 2720 uon
1171 2665 1217 2721 43.
1232 2667 1395 2722 Possumus
1414 2664 1504 2721 etiam
1517 2663 1591 2721 illud
1605 2663 1778 2738 intelligere,
1792 2660 1854 2734 quis
1865 2655 1922 2715 iotis

253 2754 475 2814 resurrectionis
499 2754 563 2826 ejus
584 2754 766 2811 consortium
788 2769 891 2827 capere
914 2767 1079 2809 asservare
1134 2767 1167 2810 se
1180 2755 1316 2810 texerunt
1328 2752 1422 2809 Adam
1437 2755 1526 2825 atquo
1539 2753 1609 2822 ilva,
1624 2767 1763 2827 corporea
1781 2748 1923 2807 vestimenta

252 2842 445 2900 sustinemus.
453 2841 1078 2914 Hicanimcorrupteleestitd),otcavsndum
1133 2844 1308 2914 querentes,
1322 2857 1356 2898 eo
1370 2841 1449 2915 quod
1471 2841 1647 2899 resurrectio
1670 2837 1810 2899 Dominioi
1822 2832 1924 2908 corporis

252 2927 1080 3004 luitneoorrumperemusbnnoslructus,quoslignumvi·
1133 2929 1376 3004 prophetaretur,
1404 2929 1476 3004 quia
1502 2946 1556 2988 occ
1589 2947 1669 3001 caro,
1698 2946 1761 3002 que
1784 2929 1859 2984 antea
1879 2922 1924 2976 riu

252 3023 289 3078 te
298 3021 381 3077 duret
392 3036 399 3089 ;
409 3018 563 3092 quianunc
572 3019 711 3092 corrupti,
720 3018 780 3075 illic
789 3023 887 3076 autem
896 3017 1077 3091 incorrupti:
1134 3017 1271 3077 loliorum
1284 3018 1403 3076 interire
1417 3023 1617 3090 consueverat,
1642 3018 1773 3092 peritura
1789 3013 1856 3074 458
1868 3011 1926 3069 certi

253 3131 269 3160 ι(
286 3108 403 3182 quando
418 3111 447 3166 et
460 3106 579 3176 mortui,
595 3107 702 3180 inquit,
728 3111 882 3181 resurgent
904 3105 1078 3180 incorrupti,
1133 3106 1164 3164 in
1179 3106 1294 3164 Christo
1306 3126 1314 3176 ;
1325 3107 1536 3181 justorumque
1549 3106 1697 3176 omnium,
1719 3107 1769 3179 qui
1792 3100 1924 3161 secundm

253 3201 283 3254 et
297 3213 351 3254 nos
365 3195 626 3254 commutabimur.
642 3195 762 3269 Oportet
784 3195 864 3252 enim
888 3194 1077 3267 corruptibile
1091 3173 1114 3242 C
1132 3195 1321 3270 Dvangelium
1335 3199 1366 3254 et
1379 3196 1574 3256 imitationem
1588 3195 1664 3270 ligni
1683 3193 1827 3270 sapientie
1839 3189 1891 3248 nati
1901 3202 1925 3243 u

252 3286 308 3344 boc
318 3285 440 3342 induere
455 3283 694 3356 incorruptelam,
707 3287 736 3340 et
750 3282 873 3340 monela
886 3283 941 3340 boc
955 3283 1077 3340 induere
1130 3285 1252 3359 Virgine
1277 3285 1367 3342 vitam
1397 3302 1483 3343 snam
1515 3289 1661 3358 actusque
1684 3285 1846 3342 formarent.
1869 3277 1925 3334 Nan

254 3372 474 3432 immortalitem
491 3373 517 3445 (1
531 3371 592 3428 Cor.
611 3388 657 3442 xv,
679 3371 726 3442 52,
747 3371 804 3444 53).
829 3371 904 3436 Quid
929 3387 1076 3446 orgopro·
1131 3375 1249 3432 Dreros
1285 3374 1327 3431 ita
1367 3374 1844 3448 dixitzsaeaosapsavacaeooaec:
1865 3361 1925 3439 quod

254 3463 338 3521 derat
361 3459 503 3517 morituro
532 3459 672 3532 accipere,
695 3461 773 3532 quod
797 3460 823 3517 ci
847 3476 927 3518 mors
950 3460 1078 3518 habebat
1131 3467 1229 3537 potest
1242 3464 1280 3521 nd
1294 3463 1413 3520 beatum
1427 3463 1540 3531 reterri,
1564 3473 1684 3538 μακάριος
1736 3469 1825 3535 uecta
1869 3462 1924 3521 liet

253 3547 487 3609 auterretNovit
501 3564 569 3622 crgo
584 3549 728 3622 sapientia
742 3549 851 3622 quibus
873 3550 990 3623 quando
1006 3550 1076 3608 dare
1131 3551 1247 3621 iirece3
1263 3550 1365 3608 Latine
1387 3554 1486 3609 autem
1514 3551 1557 3610 sic
1584 3552 1706 3624 dicitur,
1728 3554 1762 3607 ut
1782 3548 1834 3607 sit:
1849 3567 1862 3596 «ι
1874 3539 1926 3617 quit

252 3640 366 3708 debeat,
383 3654 446 3711 que
461 3636 633 3695 noerolium
658 3637 768 3695 amittit
791 3636 863 3711 ligni
888 3638 945 3695 sui.
963 3639 996 3694 lit
1010 3639 1076 3695 idco
1130 3640 1234 3698 beatus
1255 3640 1338 3699 dabit
1360 3640 1500 3709 bustum,
1515 3661 1531 3693 s
1557 3639 1589 3698 in
1613 3640 1823 3700 resurrections
1839 3631 1926 3692 scilicet

254 3727 305 3801 qui
321 3727 433 3784 tructus
447 3727 487 3783 sit
501 3724 661 3799 sapientie,
685 3725 763 3799 quod
787 3725 890 3782 iulium
911 3726 1076 3784 considere·
1130 3746 1195 3797 sun,
1211 3730 1330 3803 quando
1344 3731 1442 3802 potest
1454 3732 1629 3802 perpetuum
1644 3731 1727 3786 dare.
1754 3727 1842 3784 Potest
1852 3725 1876 3778 et
1886 3717 1926 3783 sic·

253 3832 331 3874 mus.
883 3814 888 3822 ’
1131 3825 1203 3875 tres
1219 3826 1315 3892 καρπὸν
1328 3825 1405 3876 αὑτοῦ
1432 3824 1495 3892 ὑπὲρ
1517 3826 1598 3888 ξύλον,
1652 3823 1687 3875 ut
1736 3815 1867 3873 referatur
1900 3803 1927 3860 ul

288 3904 333 3961 44.
363 3903 487 3961 Fructus
515 3902 636 3960 interior
662 3908 727 3974 cst;
743 3903 846 3962 lolium
874 3920 931 3976 quo
960 3903 1085 4017 fructu*
1141 3906 1255 3981 ignum,
1270 3905 1555 3979 crdusisctaomnia
1578 3906 1836 3981 prosperabuntur.
1845 3898 1872 3956 ln
1884 3906 1926 3967 qno

252 3991 297 4049 vel
312 4010 330 4051 a
343 3990 404 4050 sole
418 3992 550 4061 torrenti,
573 3992 618 4048 vel
641 4010 658 4049 a
680 3991 789 4066 frigore
814 3992 988 4050 detenditur.
1005 3993 1076 4050 Frn·
1130 3995 1250 4053 evidens
1263 3995 1442 4062 testificatio,
1458 3995 1528 4068 quin
1540 3996 1577 4052 de
1599 3995 1752 4053 Salonem
1774 3992 1873 4049 dietim
1885 3986 1927 4040 ast.

253 4085 318 4140 ctus
331 4081 447 4138 uidetur
466 4095 531 4139 esse
554 4081 638 4149 tides,
658 4098 724 4154 pax,
749 4082 892 4149 doctrine,
907 4081 1078 4139 excellentia
1130 4083 1222 4157 Gujns
1236 4083 1316 4140 enim
1328 4083 1386 4141 nisi
1400 4082 1496 4158 ipsius
1510 4085 1588 4142 iacta
1599 4087 1730 4159 possunt
1746 4081 1872 4139 universa
1882 4072 1927 4128 lut·

252 4188 325 4228 vore
363 4169 548 4244 cognitionis,
586 4169 709 4227 intentio
745 4169 834 4237 bona,
869 4169 1076 4244 mysteriorum
1131 4172 1206 4240 dari,
1221 4175 1251 4228 et
1265 4187 1421 4246 prosperos
1438 4171 1547 4230 babere
1568 4173 1693 4231 exitus?
1716 4169 1820 4245 Aquila
1842 4167 1928 4224 auum

253 4258 336 4318 ratio.
352 4259 412 4317 llos
426 4260 539 4316 tructus
552 4259 628 4317 boue
646 4259 705 4315 vita
723 4259 870 4315 custodit:
896 4258 1077 4317 melaetiam
1134 4283 1146 4312 ι
1173 4259 1350 4335 dirigentur,
1379 4282 1393 4312 s
1424 4261 1494 4317 ait:
1524 4262 1602 4334 quod
1629 4265 1661 4318 et
1688 4261 1726 4316 ud
1754 4259 1927 4331 quemcnul¹¹⁶

254 4349 279 4406 si
302 4348 473 4422 perceperit,
507 4347 633 4404 emittit:
657 4371 670 4398 α
696 4348 841 4405 Peccatori
866 4351 965 4406 numm
1003 4347 1078 4404 dixit
1131 4349 1281 4407 hominem
1297 4349 1484 4406 referendum
1498 4349 1623 4422 videtur,
1639 4365 1730 4423 quem
1745 4344 1841 4419 dirigit
1855 4334 1928 4398 Domi·

253 4437 501 4503 Deus.0uaretu
516 4436 780 4512 cnarrosjustitias
796 4453 876 4496 moes
895 4437 982 4510 (Prot.
998 4454 1075 4508 ιιιιι,
1131 4453 1189 4495 nus
1207 4437 1304 4496 fauore
1331 4436 1448 4495 celesti.
1477 4439 1502 4495 A
1529 4437 1654 4496 Domino
1684 4437 1765 4495 enim
1789 4431 1929 4504 diriguntlr

255 4524 322 4597 16)(
335 4523 368 4580 ln
383 4524 513 4598 mysticis
528 4525 641 4583 tructus
656 4530 712 4598 est,
732 4525 762 4582 in
785 4525 948 4584 moralibus
961 4525 1076 4597 lolium,
1091 4547 1116 4613 D
1130 4542 1250 4600 gressum
1263 4526 1329 4594 viri,
1344 4530 1374 4583 ct
1391 4526 1554 4585 orationem
1573 4543 1659 4585 suam
1684 4527 1715 4583 in
1736 4522 1881 4595 conspectu
1891 4509 1929 4570 Dei

254 4611 499 4686 contomplatione
514 4615 721 4688 mysteriorum
742 4614 905 4672 coelestium
919 4615 986 4688 (47).
1002 4614 1077 4672 Num
1132 4615 1223 4673 David
1238 4613 1382 4689 propbeta
1396 4615 1484 4690 dirigi
1498 4615 1660 4690 postulavit
1672 4616 1758 4690 (Paci.
1774 4627 1832 4680 cxc,
1846 4597 1929 4696 2)θῷ

253 4704 375 4761 virtutes
391 4703 455 4760 sinc
469 4704 537 4770 fide,
553 4704 621 4761 lolia
636 4707 725 4761 eunt:
749 4704 886 4762 videntur
906 4703 1009 4774 virere,
1025 4703 1078 4760 sed
1132 4707 1162 4762 et
1175 4704 1239 4778 ipse
1251 4703 1396 4762 Dominus
1408 4704 1515 4762 direxit
1527 4721 1616 4779 opera
1630 4723 1696 4775 suo,
1714 4707 1749 4761 ut
1758 4699 1833 4760 nullo
1845 4701 1930 4754 crruflt

190 4809 195 4812 ·
253 4794 392 4867 prodesse
406 4810 465 4851 non
480 4796 616 4866 possunt.
635 4791 792 4866 Agitantur
813 4795 911 4861 vento,
935 4792 1077 4866 quianon
1132 4796 1324 4852 curvarentur
1337 4793 1482 4851 anfractu.

253 4883 363 4941 habent
390 4882 626 4940 fundamentum.
667 4881 773 4949 Quanti
809 4880 933 4955 gentiles
969 4881 1080 4938 babent
1168 4884 1214 4938 44.
1229 4882 1322 4954 (Vere.
1350 4881 1392 4956 4.)
1417 4881 1572 4956 Sequitur:
1590 4906 1605 4935 ιι
1624 4883 1689 4940 Non
1717 4881 1760 4939 sic
1786 4872 1872 4948 impii,
1885 4879 1929 4925 nul

289 5061 346 5135 (t5)
361 5059 425 5118 Vct.
439 5059 510 5118 adit.
526 5077 559 5118 ao
574 5060 658 5117 ltom.
674 5075 742 5117 eum
758 5075 830 5116 mss.
850 5057 924 5116 Vict.
941 5063 971 5117 et
984 5059 1078 5130 Colb,
1169 5060 1225 5133 (47)
1266 5059 1499 5133 coemptarum
1542 5063 1739 5135 mysmwmm
1777 5049 1926 5111 cmm:

251 5131 410 5205 perimor.
448 5133 521 5189 Tunc
529 5132 607 5188 debet
641 5130 707 5188 dore
743 5146 860 5204 semper,
889 5131 995 5202 quondo
1029 5147 1079 5187 nos
1134 5131 1261 5189 deerant
1275 5131 1337 5188 bec
1360 5131 1390 5188 in
1405 5131 1475 5189 edit.
1490 5135 1548 5189 vat.
1571 5148 1604 5189 ao
1626 5147 1700 5190 mss.
1724 5127 1797 5185 Vict.
1811 5115 1928 5182 eterit-3

251 5204 364 5274 plenam
377 5221 536 5261 morum
546 5219 690 5276 possumus
708 5202 804 5276 (item,
819 5201 899 5269 odit..
923 5219 1079 5271 marescum
1133 5204 1184 5260 sed
1209 5204 1240 5259 ln
1265 5203 1350 5259 Rom.
1374 5202 1498 5276 aliisque
1525 5203 1678 5261 codicibus
1702 5198 1886 5258 inveniuntur.
1906 5181 1927 5237 ld

255 5289 338 5346 mss,
378 5277 525 5349 possimne)
558 5277 689 5348 cropore.
733 5273 808 5330 Sicut
845 5273 898 5329 bic.
917 5315 923 5328 .
943 5315 975 5330 ..
1003 5273 1080 5330 dubit
1134 5271 1309 5332 autemillis
1326 5274 1449 5333 vocibus
1470 5273 1665 5348 significatur,
1683 5272 1805 5329 usuca
1826 5255 1928 5345 morales

236 5346 374 5416 fructum
402 5348 479 5403 bonis
504 5347 731 5404 indesinentibsu.
760 5343 918 5402 Nobiscum
946 5361 1013 5404 vero
1036 5344 1079 5402 la·
1134 5362 1187 5403 seu
1222 5344 1321 5402 active
1347 5345 1425 5412 site,
1451 5345 1477 5402 si
1505 5363 1573 5402 cum
1602 5343 1750 5420 mysteriis
1776 5332 1928 5396 colesttbttr

147 5452 152 5462 ·
255 5415 337 5472 ciunt
351 5417 442 5474 Poris.
459 5419 527 5474 edit.
543 5423 631 5491 atque
645 5417 694 5474 alii
710 5433 760 5474 sex
775 5433 846 5474 mss.
1133 5432 1295 5490 eorumque
1308 5417 1366 5474 tide
1379 5421 1469 5491 atque
1481 5415 1737 5491 mntemplatione,
1748 5405 1926 5468 moraniur,

291 5485 347 5612 llo)
363 5487 404 5542 ltu
419 5488 501 5547 ltom.
523 5490 593 5546 edit.
611 5507 643 5545 ao
667 5505 738 5546 mss.
763 5491 829 5544 Vat.
856 5503 925 5545 cum
949 5487 1081 5561 quinque
1133 5505 1198 5546 esse
1210 5493 1352 5561 tunquam
1365 5488 1468 5547 lolium
1483 5505 1552 5547 oum
1566 5489 1661 5546 truotu
1683 5471 1927 5558 comparatumut

255 5555 489 5686 ῗᾶὲίοὰὣξκθᾱὶι.
511 5565 567 5618 vet.
584 5577 650 5618 cum
675 5560 751 5628 aliis,
775 5561 825 5618 llic
848 5561 924 5618 enim
945 5559 1081 5633 conupti·
1133 5559 1373 5635 insequentibus
1392 5560 1645 5635 exponitssnotus
1664 5558 1776 5616 dnotnr.
