4159 6184
132 370 180 463 tu
715 378 833 445 avana
856 378 909 442 nn
932 374 1050 443 isaac
1071 360 1123 441 av
1146 380 1289 448 ieret.
1810 394 1870 460 ee

164 530 309 598 motibus,
326 530 399 595 eto„
417 525 559 582 incussam
574 520 720 597 queritur,
733 522 761 575 et
777 534 865 589 qaaere
877 519 973 576 tidem
987 496 1017 577 Ᾰ
1032 516 1301 589 persecutionibus,
1326 522 1356 577 et
1378 519 1436 579 cito
1461 520 1625 584 inveniunt.
1651 528 1687 586 Et
1702 528 1768 588 ideo
1783 531 1869 606 qusai

165 616 251 665 emen
274 604 371 677 postea
400 597 573 654 inuenitur:
600 592 730 668 quomodo
746 592 804 661 ipse
819 594 911 646 teneri
926 592 972 646 de·
1032 610 1101 678 post
1117 608 1308 676 tentationes,
1333 610 1404 681 quia
1433 613 1574 685 periculis
1598 616 1731 676 lidelium
1746 639 1870 680 suorum

166 677 366 819 ffllgmngffi
380 668 740 800 dfgffszlgssmfflmrf
755 660 975 803 mmm?
1034 694 1120 749 adest
1136 713 1143 750 :
1161 697 1252 764 Quam
1265 698 1406 755 modicam
1421 700 1528 773 inquit,
1550 722 1612 761 cum
1626 711 1746 766 transivi
1769 712 1803 767 ab
1819 715 1870 780 eie,

167 824 267 879 tamtam
281 818 432 889 promte
454 809 645 883 epithalamio
664 806 811 862 celebrant.
831 804 893 875 lpse
906 816 975 873 qac-
1036 784 1133 839 meni
1158 801 1232 852 “uma
1259 789 1339 842 ‘enm'
1363 804 1436 857 mma
1459 795 1484 846 ά
1507 809 1564 848 ”⁰²²
1586 795 1682 853 dimisi
1695 816 1759 854 ‘um
1777 800 1869 872 (Gatt-

166 910 215 967 que
245 892 369 947 oninium
396 886 512 959 propius
545 884 677 936 vocatam
718 876 805 932 coriis
841 874 978 953 laudibus
1039 874 1136 940 uv,l).
1162 873 1266 929 Omnis
1291 875 1370 931 enim
1394 880 1444 949 qui
1474 881 1586 952 querit,
1612 885 1734 954 invenit,
1757 892 1786 944 et
1819 890 1871 963 qui

165 970 287 1021 emat·
1042 957 1198 1030 invenerit,
1216 963 1363 1021 adherere
1379 966 1475 1034 debet,
1495 986 1532 1025 ne
1548 972 1640 1042 possit
1654 976 1797 1033 amittere.

165 1071 206 1127 38.
228 1069 338 1126 Tertius
352 1064 457 1120 celime
468 1073 636 1133 processus.
651 1088 684 1097 —
699 1054 754 1111 Sed
771 1049 842 1124 quia
857 1060 981 1119 semper
1081 1050 1124 1103 42.
1140 1050 1176 1104 a:
1206 1051 1346 1121 quoniam
1369 1070 1422 1125 per
1439 1056 1625 1129 Evangeliuvn
1642 1062 1671 1118 in
1687 1064 1774 1120 terris
1789 1066 1872 1125 vide-

133 1156 243 1215 sclliciti
268 1169 334 1211 esse
359 1152 509 1213 debemus,
534 1160 668 1218 semper
691 1140 796 1201 intenti
819 1158 826 1208 ;
855 1144 885 1194 et
905 1133 985 1208 quie
1045 1152 1113 1193 mus
1129 1138 1406 1214 coelestiamyateria
1421 1144 1721 1215 figurataveniamns
1736 1152 1771 1207 ed
1789 1151 1870 1209 illam

134 1247 256 1302 Verbum
271 1242 325 1299 Dei
342 1241 419 1297 siout
445 1234 587 1308 capreola
612 1232 722 1297 exsilit,
745 1235 795 1287 aut
811 1229 889 1284 sicul
909 1222 986 1279 hin·
1046 1223 1169 1281 Mariam
1186 1229 1252 1299 (st),
1272 1229 1424 1286 veniamus
1439 1236 1468 1287 at
1482 1234 1518 1289 ad
1538 1234 1751 1309 Megdelenam.
1769 1240 1869 1297 Consi·

136 1334 216 1391 nulus
231 1346 402 1397 cervorum,
419 1340 530 1397 semper
546 1320 659 1395 vigilet
684 1320 794 1387 anima,
811 1322 840 1373 et
855 1316 986 1387 preten·
1046 1314 1182 1371 deremus
1210 1320 1459 1389 quemadmodum
1483 1321 1633 1380 Christum
1650 1327 1680 1381 in
1697 1328 1786 1383 cubili
1803 1346 1870 1386 ccr-

137 1425 257 1494 datque
288 1418 418 1491 requirit
445 1430 521 1479 eum,
554 1416 674 1481 etque
704 1414 804 1465 tenere
819 1402 986 1461 desiderat.
1044 1404 1124 1474 poris
1148 1405 1193 1459 sui
1217 1405 1247 1460 in
1272 1422 1330 1478 quo
1354 1407 1509 1464 defunctus
1530 1412 1658 1481 jacebat,
1684 1415 1869 1473 innoctibus

135 1512 194 1568 ldeo
209 1508 298 1582 quasi
316 1505 494 1577 sublapsum
510 1502 582 1566 sibi.
602 1500 637 1555 ln
667 1498 768 1563 cubiti,
785 1494 893 1567 inquit,
909 1505 984 1557 meo,
1043 1493 1239 1563 quesiverint,
1257 1495 1374 1565 quando
1390 1496 1463 1551 dixit
1477 1496 1536 1553 illis
1551 1501 1691 1571 angelus:
1707 1505 1798 1560 terere
1819 1507 1870 1577 qai

134 1598 304 1657 maeotides
321 1594 439 1668 quesivi
461 1609 542 1665 quem
567 1586 674 1645 ditexit
696 1588 796 1641 animo
810 1600 873 1641 mec
888 1582 983 1653 (Cant.
1041 1582 1191 1651 crucifissus
1208 1590 1248 1637 est
1269 1583 1416 1652 queritat:
1439 1600 1493 1639 nce
1509 1591 1549 1641 eet
1572 1588 1627 1654 dte,
1643 1593 1767 1647 surrevit
1780 1595 1865 1650 enim.

132 1705 169 1757 nv,
186 1688 221 1759 l).
239 1684 298 1753 Oui
323 1684 402 1741 bene
432 1680 549 1754 querit,
579 1677 610 1733 in
625 1674 723 1731 cubili
745 1678 866 1746 queret,
883 1669 913 1726 in
930 1687 984 1727 no·
1042 1669 1113 1737 Quid
1133 1673 1220 1740 ipttur
1242 1672 1368 1744 quaeritis
1391 1673 1524 1729 calventem
1546 1692 1610 1731 cam
1631 1681 1865 1752 serantapicus.

128 1778 221 1835 stibus
237 1776 373 1849 querat,
391 1786 443 1827 nec
459 1770 522 1826 dies
548 1766 689 1833 feriatus,
704 1778 803 1833 noque
817 1765 917 1817 noctes
934 1759 982 1815 sit.
1038 1774 1138 1828 xxvia,
1154 1759 1224 1825 5-7;
1240 1758 1303 1813 buc.
1320 1775 1397 1827 xxiv,
1412 1760 1466 1830 bl?
1480 1761 1553 1827 Quid
1570 1765 1700 1835 queritis
1722 1768 1752 1823 iu
1767 1770 1867 1843 sepul·

126 1864 243 1925 Nullum
270 1868 403 1934 tempus
427 1861 541 1915 vaceta
559 1847 907 1927 pietatis,oll1cio;etsi
925 1865 982 1905 non
1000 1863 1173 1938 Beroeam
1200 1845 1250 1918 qui
1266 1848 1330 1917 jam
1357 1846 1386 1902 in
1411 1847 1482 1904 coelo
1507 1849 1570 1905 sit?
1593 1851 1669 1916 Quid
1691 1856 1821 1926 queritis
1835 1857 1866 1913 iu

123 1952 267 2013 invenerit
278 1950 398 2025 primo,
414 1945 590 2019 perseveret
605 1941 635 1995 iu
652 1938 840 2010 requirendo.
858 1936 992 2009 ideoque·
1038 1935 1168 1992 vinculis
1195 1935 1353 2007 sepulture
1379 1936 1582 1994 universorum
1607 1941 1726 1998 vincula
1752 1944 1866 2001 solven-

123 2044 209 2103 dicit:
237 2044 411 2109 cesaream
435 2037 547 2106 itaque,
574 2033 600 2087 et
624 2040 750 2099 queram
774 2028 804 2081 in
817 2028 937 2091 civitate,
954 2027 984 2081 ie
1039 2027 1124 2080 tem?
1149 2024 1212 2079 Nun
1229 2022 1397 2096 sepulcrum
1416 2024 1487 2080 huic
1501 2027 1596 2095 sedes,
1617 2030 1668 2085 sod
1684 2030 1791 2088 caelum
1810 2037 1865 2090 est.

128 2140 192 2207 loro,
210 2136 244 2189 in
269 2129 382 2203 plateis
398 2124 477 2197 (llic.
507 2121 555 2185 2).
574 2119 610 2174 Et
633 2115 757 2171 tortasse
781 2114 845 2170 ideo
862 2130 919 2168 non
935 2112 984 2169 in·
1040 2113 1106 2169 ldeo
1122 2113 1195 2169 dixit
1210 2130 1269 2168 una
1282 2128 1316 2167 ex
1331 2111 1397 2168 bis:
1415 2114 1537 2182 caesia
1558 2133 1632 2186 mm,
1657 2126 1684 2175 et
1702 2136 1758 2177 nce
1771 2124 1868 2180 incerat

129 2223 206 2281 mit
220 2220 342 2286 adhue,
361 2214 436 2288 quia
449 2213 478 2269 in
496 2212 568 2267 loro
584 2202 728 2277 quesivit,
750 2203 799 2258 ubi
813 2201 879 2257 lites
895 2204 984 2269 sunt:
1039 2217 1103 2256 eam
1114 2200 1203 2272 (Cant.
1220 2218 1263 2266 ιιι,
1276 2203 1312 2273 1).

132 2312 161 2369 tn
188 2308 312 2384 plateis,
347 2304 405 2362 ubi
430 2298 577 2358 nundine
606 2308 705 2349 rerum
734 2290 891 2347 venalium.
920 2289 984 2345 Nou
1075 2292 1120 2346 43.
1136 2292 1621 2365 Tamendumvaduntllpcstolis
1643 2297 1788 2368 nuntiare,
1810 2300 1865 2356 mi·

138 2401 211 2458 enim
227 2398 294 2455 ulle
309 2393 455 2453 Christus
471 2382 603 2461 pecunia
616 2384 813 2451 comparetur.
1039 2384 1156 2434 seratas
1172 2384 1335 2451 querentes
1349 2383 1468 2437 occurrit
1481 2383 1519 2436 eie
1540 2386 1622 2438 leole
1645 2384 1755 2441 dicem:
1773 2389 1864 2445 Aucta.

172 2483 454 2546 accesseramus
472 2466 865 2539 steintelligerczlnoubili
882 2466 987 2538 querit
1038 2467 1101 2524 ute
1128 2476 1219 2523 autem
1237 2474 1418 2537 accesserant,
1434 2474 1460 2525 et
1485 2474 1633 2528 tenuerant
1652 2473 1733 2543 pedes
1758 2477 1866 2547 cjua,ct

144 2576 306 2643 ebriatum,
319 2562 667 2645 quequeriteumcum
680 2554 902 2628 tranquillitate,
917 2571 985 2611 cum
1039 2556 1222 2611 adoraverant
1250 2574 1311 2612 eam
1337 2557 1439 2628 (dee.
1461 2574 1559 2623 xxvtvv,
1585 2560 1624 2630 9).
1647 2560 1774 2618 Tenetur
1795 2582 1865 2639 ergo

148 2666 261 2739 pacata
278 2660 427 2719 noctibus
451 2647 566 2725 querit,
596 2642 735 2717 quonlam
765 2660 815 2716 per
830 2642 984 2715 parabolas
1038 2643 1137 2710 lesus,
1154 2644 1553 2712 seddelectatursicteneri,
1570 2647 1712 2718 quiallde
1736 2653 1863 2710 tenetur.

148 2753 335 2825 loquebatur.
353 2740 460 2803 Posuit
470 2736 549 2793 enim
562 2734 697 2789 tenebras
709 2729 865 2787 latibulum
876 2748 983 2801 suum;
1038 2731 1170 2804 Denique
1185 2732 1337 2789 delectavit
1360 2750 1426 2790 eum
1442 2736 1471 2790 et
1486 2732 1536 2789 ille
1558 2734 1664 2792 mulier
1688 2752 1753 2809 que
1767 2740 1864 2814 tetigit

150 2845 181 2897 et
194 2856 249 2897 nox
277 2834 360 2895 nocti
391 2826 507 2885 indicat
527 2820 692 2879 scientiam.
719 2819 829 2876 Deinde
845 2818 985 2893 quoniam
1039 2835 1118 2886 eum,
1143 2823 1172 2875 et
1187 2826 1289 2878 curata
1302 2825 1348 2879 est
1361 2822 1515 2896 sanguinis
1538 2822 1629 2891 lluxu,
1646 2825 1682 2880 de
1696 2842 1755 2897 qua
1770 2828 1862 2886 dixit:

151 2946 216 3003 que
241 2926 373 2983 disimue
387 2919 422 2974 in
438 2913 524 2970 corda
540 2916 652 2975 nostro,
668 2924 702 2964 ea
718 2924 771 2964 nov
787 2924 985 2981 compungere
1040 2910 1135 2980 Tetiqtt
1148 2925 1193 2965 me
1206 2910 1319 2983 cliqats,
1334 2928 1401 2967 eam
1414 2913 1502 2967 sentio
1520 2913 1693 2969 virtatemde
1713 2932 1756 2971 me
1773 2920 1865 2976 exisse

150 3020 184 3075 in
197 3014 346 3073 cubilibus
367 3006 488 3065 debent.
505 3000 562 3056 Sed
583 3003 681 3053 tamen
698 3012 750 3053 nec
765 2997 807 3053 sio
821 2996 940 3064 invenit,
957 3002 986 3053 et
1039 2998 1115 3069 (tac.
1130 3014 1192 3065 vm,
1217 3000 1272 3071 46).
1296 3002 1396 3071 'lenge
1424 3015 1504 3073 ergo,
1529 3004 1558 3056 et
1580 2998 1638 3057 fide
1658 3006 1725 3059 tene
1739 3019 1818 3074 eam,
1835 3012 1865 3064 et

152 3106 220 3163 ideo
246 3101 318 3159 dicit
334 3115 341 3153 :
359 3098 528 3159 aetrnum,
553 3086 583 3141 id
599 3088 653 3152 eet,
670 3083 791 3155 erigam,
808 3088 837 3140 et
851 3082 984 3139 attollam
1039 3086 1207 3159 constringe
1232 3088 1356 3144 fideliter
1382 3088 1471 3161 pedes
1500 3089 1575 3160 ejus,
1605 3093 1639 3145 ut
1665 3091 1759 3149 virtus
1775 3094 1810 3150 do
1829 3112 1864 3153 eo

152 3192 349 3250 intemionem
380 3195 488 3243 meam,
519 3189 649 3248 queram
678 3170 813 3244 impigre,
853 3186 982 3244 queram
1039 3179 1131 3241 exeat,
1152 3178 1530 3233 etsanetanimamtuam.
1548 3178 1864 3241 liteidicat:thime

153 3278 299 3340 sollicite:
316 3268 447 3329 introibo
462 3266 492 3321 iu
514 3263 674 3319 civitatem.
690 3260 741 3317 Est
754 3266 782 3317 et
804 3260 903 3316 aalma
920 3276 985 3331 quae
1000 3232 1022 3301 G
1040 3272 1154 3333 caepere
1178 3264 1266 3335 (tucn.
1288 3283 1335 3333 xx,
1350 3266 1407 3339 l'l),
1422 3269 1453 3321 tu
1468 3269 1534 3321 tene
1549 3266 1616 3338 (25).
1637 3268 1763 3324 Nondum
1787 3275 1864 3329 enim

154 3369 246 3427 dicit:
272 3368 327 3436 Epo
351 3361 450 3415 euitat
470 3354 589 3418 munita,
605 3366 654 3421 cqc
679 3350 777 3406 civitas
801 3349 905 3405 elecem
920 3349 982 3419 (lea.
1039 3352 1162 3408 escendit
1175 3352 1211 3406 ad
1232 3355 1341 3410 Patrem
1359 3370 1461 3420 meam,
1482 3352 1556 3410 dixit
1570 3356 1670 3412 semel.
1687 3356 1783 3413 Dixit:
1800 3361 1864 3418 lloc

153 3472 246 3514 xxviv.
265 3453 304 3523 3).
330 3448 383 3504 list
405 3443 509 3500 civitas
534 3438 649 3495 munita
678 3454 730 3510 per
755 3436 915 3503 Christum,
941 3440 986 3493 est
1038 3457 1082 3496 me
1105 3445 1227 3511 tenpore,
1244 3443 1361 3513 quando
1377 3441 1554 3499 resurrexit:
1577 3448 1629 3500 eut
1645 3445 1718 3501 sorte
1732 3444 1775 3502 illi
1789 3448 1864 3506 dixit

153 3536 326 3603 eivitaeille
348 3529 533 3590 Hierusalem
558 3528 587 3583 ia
611 3526 728 3583 coeloia
760 3526 986 3598 quesbuadant
1039 3528 1410 3602 queputabatlurtoesse
1440 3529 1601 3602 sublatum,
1619 3537 1648 3590 et
1677 3550 1735 3591 aon
1754 3536 1862 3596 virtute

153 3631 261 3691 divine
282 3624 356 3697 legis
380 3622 566 3691 interpretes,
589 3619 618 3671 et
636 3613 797 3687 discipline
813 3614 916 3687 periti:
933 3630 985 3686 per
1039 3617 1156 3690 propria
1171 3618 1388 3674 resuscitatum.
1405 3616 1537 3690 Denique
1552 3620 1582 3676 in
1597 3621 1654 3678 alio
1668 3621 1743 3678 libro
1758 3624 1859 3694 hebes,

152 3738 209 3779 ω,
231 3715 360 3772 Verbum
387 3708 439 3766 Dei
469 3704 621 3779 queritur.
648 3705 788 3773 Quaeram,
819 3704 925 3775 inquit,
953 3706 982 3759 in
1038 3707 1109 3778 quis
1122 3706 1290 3763 tenentibus
1305 3708 1393 3779 pedes
1407 3709 1436 3761 et
1461 3706 1652 3767 adurentibus
1667 3710 1757 3767 dixit:
1774 3714 1862 3773 Nolite

152 3813 218 3883 foro
245 3803 324 3861 illius
348 3797 487 3861 civitatis,
511 3794 541 3849 in
556 3793 606 3850 illo
633 3793 694 3849 loro
710 3792 760 3849 ubi
779 3796 905 3849 tractant
914 3794 984 3865 jure
1038 3797 1135 3852 timere
1148 3795 1258 3866 (llattlv.
1284 3812 1383 3864 xxviii,
1398 3794 1454 3865 lo).
1471 3795 1549 3852 Tene
1564 3813 1634 3871 ergo
1648 3803 1677 3855 et
1690 3803 1733 3870 tu,
1750 3801 1859 3871 anima,

154 3892 297 3961 consulti,
326 3888 376 3944 ubi
400 3885 500 3942 oleum
522 3882 668 3949 venditur,
698 3881 777 3955 quod
805 3881 982 3957 Evangelice
1036 3884 1113 3940 sicut
1126 3884 1246 3940 tenebat
1260 3888 1287 3941 et
1300 3884 1401 3953 illaria,
1418 3885 1446 3938 et
1460 3881 1534 3940 dic:
1562 3886 1647 3941 Tenui
1667 3904 1739 3954 eam,
1756 3896 1783 3943 et
1803 3907 1859 3946 non

153 3982 287 4056 virgines
301 3984 404 4034 emunt
440 3972 545 4046 (doct.
568 3989 634 4041 xxv,
653 3970 681 4043 9)
708 3974 740 4027 ut
766 3986 880 4043 semper
905 3972 982 4027 seces
1036 3972 1177 4030 dimittam
1198 3973 1287 4041 (Cant.
1310 3990 1353 4039 m,
1375 3973 1413 4044 l),
1429 3970 1507 4027 sicut
1521 3972 1657 4030 dicebaut
1676 3974 1787 4031 ambe:
1804 3978 1858 4033 Te-

154 4088 220 4131 sue
235 4069 360 4133 luceant,
376 4080 428 4120 neo
440 4060 601 4119 eaelumus
625 4059 789 4132 iniquitatis
804 4052 979 4134 exstiiiguat.
1036 4078 1159 4118 neamus
1177 4066 1216 4117 te.
1238 4062 1319 4118 Vade
1342 4061 1377 4117 ad
1407 4060 1534 4131 Patrem,
1562 4063 1614 4118 eed
1634 4080 1692 4118 noa
1709 4061 1858 4135 relinquas

151 4166 296 4233 (swam,
313 4152 418 4226 inquit,
434 4152 466 4206 in
488 4150 587 4222 plateis
611 4147 640 4202 in
664 4147 771 4219 quibus
797 4148 983 4219 superlluunt
1034 4150 1132 4219 livam,
1150 4167 1185 4207 ne
1200 4150 1306 4207 iterum
1322 4149 1448 4206 labatur.
1464 4148 1573 4205 'l'ecum
1588 4166 1653 4207 cam
1668 4149 1775 4218 ducito,
1792 4152 1856 4223 jam

150 4264 240 4321 aque
269 4245 304 4301 de
329 4240 388 4298 illis
408 4238 540 4296 lontibus
572 4240 804 4309 prorumpentes,
838 4236 914 4294 808
945 4239 980 4295 de
1034 4256 1093 4295 non
1108 4243 1263 4308 errantem,
1287 4238 1338 4294 sed
1365 4236 1499 4293 arborem
1514 4237 1577 4293 vite
1592 4243 1748 4296 tenentem.
1776 4240 1858 4314 Rape

150 4332 409 4411 quibueSalomon
420 4328 492 4384 dicit
507 4342 571 4382 esse
594 4325 754 4398 potandum
770 4324 860 4397 (Pron.
876 4343 905 4393 v,
923 4330 977 4396 15).
1034 4328 1092 4383 tuis
1107 4326 1233 4399 pedibus
1246 4324 1482 4389 taberentem,ut
1495 4326 1594 4379 tecum
1616 4326 1755 4383 ascendat
1771 4342 1778 4381 :
1795 4328 1856 4384 noli

194 4424 239 4479 lc.
251 4420 324 4478 Dum
335 4415 439 4491 querit
450 4413 707 4487 igituerrietum‚
717 4412 827 4469 invenit
841 4415 979 4471 custodes
1034 4431 1080 4471 me
1095 4415 1252 4480 dimittere,
1268 4430 1305 4469 ne
1320 4413 1426 4469 iterum
1456 4426 1576 4485 serpens
1595 4430 1705 4471 venena
1720 4431 1774 4471 sua
1789 4415 1855 4473 lun-

148 4512 208 4587 qui
234 4505 537 4569 inmiaiateriosunt,
568 4501 604 4557 ab
618 4500 665 4556 his
685 4501 808 4573 requirit
822 4501 918 4572 (Cant.
935 4522 976 4571 111,
1033 4505 1093 4571 dat,
1110 4521 1146 4560 ne
1161 4504 1267 4558 iterum
1283 4504 1394 4573 querat
1418 4498 1578 4556 femineum
1606 4506 1740 4560 mordere
1763 4506 1854 4561 vesti·

146 4604 196 4676 3).
222 4599 277 4656 Sed
303 4594 402 4653 anima
427 4609 491 4665 que
516 4590 608 4647 Deum
633 4589 747 4662 querit,
769 4588 857 4645 etiam
881 4598 978 4649 custo·
993 4584 1017 4664 1)
1031 4591 1161 4665 gium,ut
1175 4590 1344 4663 supplantet
1358 4587 1460 4643 Adam.
1486 4588 1570 4644 Dicat
1587 4606 1656 4663 ergo
1671 4592 1772 4649 anima
1784 4597 1852 4652 tua:

145 4692 210 4749 des
222 4686 338 4743 transit.
354 4684 428 4740 Sunt
442 4681 520 4737 enim
537 4677 675 4752 mysteria
691 4694 753 4750 que
764 4679 852 4736 etiam
876 4681 976 4755 dageli
1031 4681 1126 4737 Teneo
1140 4685 1178 4747 te,
1196 4684 1224 4734 et
1242 4678 1379 4733 inducam
1403 4679 1432 4732 te
1453 4676 1482 4731 iu
1497 4677 1618 4735 domum
1639 4682 1743 4738 matris
1762 4696 1851 4751 meae:

144 4774 368 4848 concupiscunt
390 4771 495 4827 videre.
527 4766 607 4824 Unde
633 4766 735 4823 Petrus
763 4767 822 4823 ait:
843 4772 976 4829 Nuntiata
1031 4770 1104 4825 etin
1124 4766 1347 4837 secretumejus
1373 4780 1437 4837 que
1466 4767 1599 4840 coacepit
1627 4785 1683 4837 me,
1702 4773 1853 4841 utcogno·

141 4874 230 4936 mm,
257 4862 362 4937 inquit,
375 4861 450 4917 votis
475 4874 525 4931 per
539 4872 582 4913 ecs
596 4855 692 4929 quitus
707 4857 974 4929 connecteretur,
1031 4875 1110 4914 scam
1127 4856 1266 4929 mysteria
1292 4860 1354 4921 tua,
1383 4861 1415 4909 ut
1430 4852 1564 4911 hauriam
1592 4860 1775 4913 sacramenta
1789 4861 1849 4913 tua.

56 4942 60 4947 '
141 4957 266 5030 spine„
286 4958 377 5008 ,aucto
391 4950 473 5004 misen
491 4946 524 5002 de
547 4946 623 5011 celo,
640 4946 670 4999 in
691 4950 976 5020 qucmccncupiseunt
1031 4947 1154 5019 Suscipe
1168 4946 1259 5019 igitur
1273 4944 1361 4999 Evam
1373 4943 1436 5014 jam
1452 4959 1510 4997 nou
1533 4944 1665 5001 ficulnee
1687 4942 1850 5000 foliisado-

142 5044 251 5117 meg,-
272 5041 426 5114 prowm
444 5038 468 5109 (1
488 5036 561 5092 petr,
585 5050 606 5103 ι,
629 5032 685 5103 42).
707 5034 780 5107 Ergo
804 5036 855 5108 qui
878 5042 975 5096 trane·
1030 5041 1154 5109 pertam,
1170 5034 1221 5091 sed
1248 5037 1348 5089 saneto
1364 5031 1501 5087 amictam
1516 5031 1636 5103 Spiritu,
1653 5036 1682 5086 et
1696 5047 1770 5087 nova
1784 5048 1851 5104 gra·

143 5134 221 5193 ierit
237 5129 386 5196 custodes,
405 5124 533 5182 Verbum
557 5120 675 5178 invenit.
700 5122 848 5180 Transivit
865 5125 973 5183 Johan·
1029 5126 1072 5181 tia
1096 5124 1279 5197 gloriosamt
1314 5120 1384 5194 qui&
1414 5120 1478 5192 jam
1511 5136 1570 5174 ”⁰¹¹
1596 5123 1738 5191 mlum
1772 5120 1850 5177 Μ

143 5240 217 5290 nes,
235 5216 288 5292 qui
300 5216 428 5273 Verbum
450 5212 525 5285 apud
537 5212 650 5267 Patrem
665 5210 776 5267 invenit
790 5215 879 5281 (loen.
896 5230 917 5286 1,
935 5218 972 5289 1).
1028 5214 1140 5269 nudata
1167 5209 1381 5268 absconditur:
1416 5206 1467 5263 sed
1497 5210 1640 5278 tauquam
1669 5207 1851 5266 circumdata

187 5314 236 5369 41.
255 5304 339 5363 Multi
366 5319 480 5377 quoque
507 5304 576 5357 eunt
604 5299 654 5371 qui
683 5299 713 5354 in
750 5301 807 5357 ctio
837 5310 974 5375 querunt
1026 5294 1504 5372 vestimentisplendorelulgentis
1524 5295 1660 5361 occurrit,
1680 5294 1750 5367 quia
1763 5298 1850 5355 vestit

138 5398 431 5461 centetum,etn0n
454 5390 614 5457 inveniunt,
638 5388 835 5446 etinveniunt
855 5406 922 5448 eum
942 5392 972 5450 in
1027 5408 1092 5449 eam
1118 5389 1222 5464 gratie.
1243 5379 1298 5442 Sed
1329 5398 1381 5439 nec
1408 5381 1501 5437 Adam
1529 5381 1625 5454 Pfim⁰
1653 5385 1752 5441 ”⁰⁶⁰⁸
1787 5392 1850 5444 ⁰¹¹1st

182 5559 246 5637 (24)
263 5556 346 5612 Rom.
372 5551 441 5635 edit.
465 5568 499 5609 ex
523 5567 581 5607 uno
600 5549 664 5607 Vel.
688 5552 764 5618 cod,
780 5555 971 5615 veniumuead
1025 5557 1098 5613 dicit
1126 5552 1194 5613 ooli,
1214 5546 1249 5629 'in
1274 5540 1628 5625 ,adit3dcsidcrabantur2
1647 5545 1698 5601 sed
1714 5548 1848 5605 omnium

126 5631 352 5705 lapdctcncm,
366 5640 505 5681 vemcmus
519 5621 592 5704 etad
608 5624 724 5679 atterum
736 5624 862 5681 llam'cm.
1026 5644 1098 5685 mss.
1111 5620 1281 5681 auctoritate
1297 5618 1431 5671 restituta
1446 5617 1525 5671 sunt.

178 5702 246 5781 (25)
262 5700 330 5767 oue
349 5697 517 5754 inseruntur
544 5698 619 5751 iuter
644 5710 738 5765 voces,
768 5704 799 5752 la
832 5704 893 5755 terte
930 5706 968 5772 et,
