4159 6184
54 452 56 507 q
157 389 208 452 33³
560 390 564 396 '
748 386 799 448 DE
821 376 913 448 (2le
935 387 986 448 ΕΤ
1006 382 1109 449 naht
1131 389 1204 450 LlB.
1228 385 1252 447 l.
1793 383 1853 453 331

55 520 57 577 l
156 521 268 576 clarant.
286 516 368 582 Quod
382 533 449 573 vero
464 518 500 574 nd
515 518 660 575 tractandi
685 517 827 574 rationem
851 517 966 588 attinet,
991 523 1198 591 argumentum
1223 535 1311 575 suum
1333 520 1443 594 ubique
1457 519 1516 579 iere
1531 521 1663 595 mysticis
1678 522 1852 594 interpreta-

156 609 278 666 tionibus
293 607 412 681 exponit
435 612 464 663 et
488 607 628 665 illustrat.
653 609 832 664 lmmoratur
846 607 1006 679 prasertim
1020 608 1050 662 in
1066 607 1246 681 explicandis
1275 609 1357 664 Caini
1371 615 1400 666 et
1413 611 1509 667 Abelis
1525 611 1689 677 sacrificiis,
1705 626 1763 682 qua
1777 608 1807 664 in
1823 625 1854 665 re

57 729 58 746 .
156 698 240 754 multo
253 697 398 768 majorem
412 696 503 752 totius
527 696 783 753 commentationis
810 700 933 767 partem·
948 695 1082 752 insumit.
1100 697 1238 761 Quamvis
1254 703 1351 754 autem
1367 698 1414 754 hio
1430 717 1488 756 non
1503 705 1563 756 tam
1580 699 1692 756 multas
1707 699 1746 754 sit
1762 698 1791 752 in
1806 713 1854 754 ex-

156 786 297 861 agitandis
312 786 558 858 conlutandisque
581 785 736 852 hereticis,
761 802 851 858 quam
874 784 903 840 in
930 785 1005 842 libro
1019 787 1057 842 De
1069 787 1217 858 paradiso:
1240 788 1290 843 sed
1315 787 1436 845 liberius
1452 790 1578 846 oratorio
1594 788 1667 861 stylo
1684 786 1853 860 indulgeat:

156 875 297 932 interdum
308 877 407 929 tamen
422 873 565 930 nonnulla
578 873 726 931 catholice
741 873 808 929 fidei
820 873 968 947 dogmata,
983 891 1048 946 qua
1062 875 1229 930 imbuendis
1241 874 1370 932 fidelium
1380 876 1487 933 animis
1502 877 1625 950 patabat
1640 876 1765 944 utiliora,
1783 874 1856 932 satis

156 963 296 1020 subtiliter
309 961 449 1019 insinuat.
467 963 508 1018 lla
522 979 589 1020 vcro
604 980 667 1035 qna
682 963 718 1018 ad
734 962 886 1034 fingendas
900 979 998 1020 mores
1013 965 1192 1031 conducunt,
1209 963 1304 1020 insius
1327 967 1549 1038 accuratiusque
1565 964 1764 1039 prosequitur.

186 1053 256 1108 ilinc
271 1050 391 1123 quidem
406 1069 464 1106 non
480 1056 589 1108 temere
605 1051 709 1124 secisse
723 1052 808 1108 nobis
823 1051 978 1120 videbitur,
995 1052 1045 1124 qui
1062 1053 1143 1124 prins
1165 1069 1239 1124 opus
1254 1051 1309 1108 hoo
1322 1052 1437 1124 publice
1453 1059 1630 1127 peroratum,
1644 1071 1677 1109 ac
1693 1057 1811 1126 postera
1824 1051 1855 1107 in

156 1157 224 1206 earn,
239 1157 298 1213 qua
313 1155 391 1195 nunc
401 1139 537 1209 habetur,
554 1141 679 1197 sormam
695 1141 847 1197 redactum
862 1157 927 1196 esse
953 1140 1143 1198 existimabit.
1160 1141 1289 1198 Tametsi
1305 1159 1363 1197 non
1380 1141 1419 1197 sit
1433 1141 1683 1199 dissimulandum
1699 1141 1728 1197 id
1745 1141 1774 1196 in
1790 1139 1855 1196 aliis

154 1227 352 1291 ambrosianis
367 1228 515 1301 operibus,
532 1229 562 1285 in
578 1229 687 1302 quihus
701 1227 820 1285 oratorii
838 1228 953 1284 dicendi
971 1227 1049 1285 modi
1065 1231 1227 1287 etiamnum
1242 1235 1369 1302 exstant,
1386 1230 1500 1286 lucilius
1516 1229 1720 1286 animadverti.

183 1318 344 1376 Fatendum
357 1334 443 1391 porro
459 1322 592 1375 sanctum
608 1318 687 1375 hunc
701 1322 835 1374 nostrum
851 1315 980 1391 plurima
994 1336 1009 1374 e
1023 1317 1145 1375 Philone
1161 1320 1190 1374 in
1206 1319 1439 1376 lucubrationem
1461 1337 1546 1377 suam
1567 1319 1768 1375 transtulisse.
1785 1318 1856 1375 Con·

153 1410 199 1476 ter,
215 1409 349 1474 sissent,
365 1424 429 1480 que
444 1407 516 1464 dicit
531 1408 560 1462 in
575 1407 636 1463 haec
658 1406 804 1464 Geneseos
825 1407 932 1464 rerba:
958 1409 1070 1464 Possedi
1088 1409 1228 1465 horainem
1244 1425 1295 1481 per
1315 1410 1410 1477 Deum,
1436 1426 1504 1464 cum
1523 1408 1616 1464 Jndaei
1632 1406 1714 1464 illius
1728 1407 1802 1464 libro
1818 1408 1856 1464 De

152 1497 306 1566 Cherubim,
319 1501 348 1553 et
361 1495 430 1553 hinc
454 1513 488 1552 ea
511 1496 667 1569 desumpta
682 1511 746 1553 esse
761 1494 842 1551 nullo
857 1496 975 1570 negotio
999 1497 1209 1567 deprehendes.
1235 1497 1374 1553 Similiter
1396 1498 1482 1553 etiam
1504 1514 1521 1553 a
1540 1497 1635 1554 medio
1651 1495 1745 1568 primo
1761 1495 1856 1570 capito

150 1585 253 1660 prioris
266 1584 334 1641 libri
351 1586 385 1641 ad
410 1588 499 1658 eaput
512 1589 648 1642 octavum
671 1583 851 1658 posterioris,
876 1601 934 1641 aon
958 1585 1114 1641 minimam
1131 1590 1243 1658 partem
1259 1585 1332 1642 libro
1348 1587 1481 1656 ejusdem
1508 1585 1636 1642 auctoris
1661 1587 1698 1643 De
1710 1585 1856 1656 ascetriis

150 1675 209 1730 lbet
222 1678 250 1730 et
265 1673 345 1742 Cain,
361 1673 460 1729 deberi
476 1673 666 1730 manifestum
681 1677 735 1730 est.
751 1675 886 1730 Attamen
911 1673 942 1730 in
965 1675 1062 1730 trihus
1088 1673 1201 1730 ultimis
1223 1674 1290 1730 libri
1306 1675 1427 1731 secundi
1443 1674 1599 1748 capitibus,
1616 1673 1666 1730 ubi
1681 1673 1857 1732 Ambrosius

149 1763 259 1835 reliqua
272 1763 308 1819 ad
326 1760 407 1817 illam
422 1761 516 1834 ipsam
536 1761 691 1819 historiam
720 1761 897 1834 pertinentia
922 1761 1022 1835 paucis
1047 1762 1173 1835 expedit,
1188 1779 1204 1818 e
1231 1761 1317 1828 libro,
1345 1763 1391 1818 cui
1407 1761 1512 1818 titulus
1525 1781 1534 1818 ι
1549 1763 1586 1818 lic
1608 1777 1639 1818 eo
1654 1761 1724 1834 quod
1736 1762 1859 1817 deterius

52 1841 53 1852 ¹
145 1852 245 1925 potiori
258 1849 389 1908 amiciori
402 1851 497 1917 soleat,
512 1850 542 1907 in
568 1867 625 1924 quo
649 1851 783 1906 eadema
806 1850 929 1908 Philone
957 1851 1054 1909 fusius
1076 1855 1302 1924 pertractantur,
1319 1855 1378 1908 tres
1403 1851 1523 1907 omniuo
1549 1850 1628 1907 locos
1653 1849 1788 1905 imitatas
1802 1851 1856 1905 est.

147 1941 252 1998 Veram
269 1944 298 1996 et
311 1940 378 1995 istic
392 1943 421 1996 et
436 1940 605 2013 ubicunque
619 1938 731 2012 aliquid
747 1956 782 1995 ex
795 1939 851 1996 hoc
866 1944 985 1997 auctore
999 1945 1162 2009 mutuatur,
1179 1957 1298 1996 summa
1312 1957 1427 2014 semper
1456 1940 1549 1997 utitur
1575 1938 1728 2006 libertate;
1758 1937 1855 2005 itaut,

148 2029 309 2098 numlibet,
333 2028 516 2086 Philonianis
527 2029 682 2087 sententiis
709 2028 818 2100 adjicit,
835 2028 970 2085 detrahat
983 2034 1012 2085 et
1026 2029 1189 2085 contrarias
1205 2045 1321 2101 quoque
1345 2045 1557 2102 nonnunquam
1580 2030 1746 2100 anteponat.

179 2118 325 2175 Ceterum
341 2102 458 2175 anobis
472 2117 628 2191 impetrare
644 2135 702 2174 non
719 2120 925 2188 pessumdant
939 2115 1029 2188 hujus
1040 2117 1138 2190 operis
1148 2117 1321 2174 divisionem
1337 2118 1373 2174 ab
1388 2119 1541 2175 Ambrosio
1555 2117 1716 2190 prolectam
1731 2115 1855 2172 arbitre-

48 2244 49 2247 =
147 2224 221 2264 mur.
236 2205 388 2263 Malamus
403 2206 482 2262 illam
496 2206 624 2262 tribuere
640 2204 729 2262 sciolo
745 2205 884 2279 cuipiam,
899 2204 950 2276 qui
965 2222 1032 2260 eum
1049 2206 1186 2277 ploraque
1202 2206 1311 2274 omnia,
1328 2207 1364 2262 de
1385 2205 1493 2278 quibus
1514 2205 1591 2278 apud
1607 2203 1758 2262 Philonem
1772 2201 1856 2259 libris

147 2297 262 2353 dnobus
276 2296 383 2370 agitur,
401 2295 432 2351 in
456 2295 512 2352 hoo
532 2299 657 2351 tractatu
683 2295 825 2350 contineri
850 2294 1023 2360 adverteret,
1049 2311 1115 2350 aum
1133 2309 1250 2366 quoque
1265 2295 1400 2351 hilariam
1416 2294 1606 2351 dividendum
1622 2309 1686 2350 esse
1695 2291 1855 2365 judicavit:

148 2387 195 2441 sed
212 2386 285 2441 adeo
299 2387 474 2458 praepostere
488 2383 561 2439 illud
586 2383 730 2456 prestitit,
747 2387 780 2439 ut
795 2383 833 2438 ihi
851 2383 981 2456 posuerit
997 2383 1118 2438 secundi
1134 2382 1200 2438 libri
1215 2383 1346 2450 initium,
1365 2383 1412 2438 ubi
1429 2400 1465 2440 ne
1480 2387 1569 2456 caput
1592 2383 1713 2455 quidem
1729 2380 1857 2453 incipere

48 2470 49 2541 T
149 2477 302 2547 oporteret.
318 2472 415 2546 Longe
430 2489 500 2529 sane
516 2471 698 2528 commodius
714 2470 751 2527 ab
766 2487 800 2527 eo
813 2468 887 2537 loco,
912 2471 963 2526 ubi
983 2471 1026 2525 vir
1051 2475 1171 2527 sanctus
1195 2473 1231 2527 ad
1256 2474 1402 2544 agendum
1418 2474 1453 2529 de
1480 2472 1608 2529 secundo
1624 2470 1761 2528 sacrificii
1774 2467 1856 2526 Caini

48 2606 49 2613 ,
149 2561 215 2616 vitio
231 2561 410 2636 aggreditur,
426 2560 544 2616 initium
567 2560 686 2616 duceret
707 2560 853 2616 secundus
878 2558 960 2614 liber.
977 2559 1050 2615 Cum
1071 2565 1168 2614 autem
1185 2559 1288 2616 divisio
1304 2561 1364 2629 illa,
1380 2561 1436 2617 etsi
1452 2561 1589 2628 absurda,
1604 2560 1640 2615 ah
1655 2555 1857 2630 antiquissimi

151 2651 198 2706 evi
213 2651 425 2724 manuscriptis
448 2651 483 2706 ad
509 2647 669 2706 editionum
692 2652 823 2722 tempora
849 2648 1021 2721 pervenerit,
1043 2665 1096 2704 nos
1119 2663 1236 2720 quoque
1258 2665 1333 2718 eam,
1349 2666 1385 2706 ne
1400 2666 1460 2721 qua
1473 2649 1503 2705 in
1518 2646 1707 2705 citationibus
1722 2643 1855 2703 confusio

99 2785 104 2798 .
151 2739 269 2811 oriatur,
285 2739 454 2798 censuimus
469 2753 534 2796 esse
548 2738 743 2795 retinendam.

472 3160 886 3321 Sabell
981 3159 1528 3320 AMBROSll

775 3426 1092 3492 nentommnsls
1113 3427 1293 3491 EPISCOPl

636 3619 741 3747 llll
787 3617 972 3748 (1le
1018 3619 1121 3747 ΕΤ
1163 3617 1365 3746 abab

811 3897 818 3907 ·
872 3857 1001 3934 LIBRI
1021 3858 1058 3922 (ἱ)
1085 3858 1181 3932 DUO

751 4080 952 4232 arnan
993 4141 1258 4232 narnus,

369 4466 444 4524 188
467 4465 585 4522 CAPUT
603 4464 759 4522 PRIMUM.
988 4463 1016 4530 Α
1067 4465 1095 4519 2.
1121 4461 1208 4518 Adam
1231 4466 1327 4518 autem
1347 4460 1470 4531 copnovit
1494 4461 1579 4515 Evam
1602 4458 1748 4514 maturam
1769 4471 1860 4525 scam,

164 4572 220 4626 {³032
241 4574 380 4630 amm
404 4572 474 4629 repro
497 4573 636 4643 mperiori
656 4570 693 4626 aa
716 4571 818 4625 pum
833 4570 975 4626 pampo.
1030 4567 1091 4622 quae
1115 4552 1236 4622 concepit
1258 4558 1284 4606 et
1312 4550 1433 4621 perperit
1458 4549 1527 4604 Caio
1553 4555 1579 4604 et
1605 4547 1698 4602 deut:
1724 4546 1863 4618 acquisivi

194 4659 253 4698 aaa
266 4645 365 4715 apator
379 4643 486 4702 Morta
499 4645 572 4700 Gaia
585 4649 612 4698 et
634 4643 721 4703 atet,-
737 4657 770 4696 cc
781 4656 831 4712 per
845 4641 893 4696 toa
907 4642 977 4696 sicat
1033 4641 1172 4696 homiaem
1185 4654 1234 4712 per
1259 4639 1342 4694 Deum
1371 4636 1448 4709 (Gen.
1465 4654 1503 4692 rv.
1520 4636 1558 4704 l).
1575 4634 1643 4698 Qua
1669 4634 1861 4708 acquirimus,

191 4723 275 4798 ”W
299 4718 419 4798 Eme?
441 4716 532 4781 ¹va
555 4713 795 4799 ‚dumswmimtm
817 4715 902 4768 ἕως
925 4712 979 4768 δῑὺῑ
1032 4745 1068 4784 ex
1082 4744 1150 4800 quo,
1168 4731 1197 4783 et
1211 4743 1228 4783 a
1243 4743 1312 4799 quo,
1328 4731 1357 4781 et
1380 4741 1432 4796 per
1456 4723 1526 4796 quid
1544 4724 1742 4797 acquiramus,
1767 4717 1862 4775 consi·

194 4802 307 4844 mmm
320 4792 460 4859 ΨΜ
472 4801 641 4859 ''mm'‘
656 4783 818 4841 mmm·
1034 4816 1130 4873 derari
1140 4815 1232 4872 solet:
1252 4831 1287 4872 aa
1299 4831 1368 4886 quo,
1380 4818 1521 4886 tanquam
1539 4829 1574 4868 ex
1598 4811 1720 4868 materia
1737 4825 1743 4863 :
1761 4821 1862 4877 aquo,

193 4913 218 4966 1.
231 4911 270 4967 De
284 4911 422 4983 paradiso
437 4911 467 4965 in
483 4908 684 4982 superioribus
701 4925 753 4981 pro
767 4910 855 4979 captu
871 4913 979 4971 nostro,
1035 4905 1102 4978 quis
1111 4908 1226 4960 auctor:
1241 4919 1292 4977 per
1303 4902 1386 4974 quid,
1401 4906 1545 4975 tanquam
1556 4917 1609 4973 per
1620 4896 1738 4969 aliquod
1754 4895 1865 4950 instru-

160 5003 192 5053 nt
205 5000 365 5071 potnimua,
381 4999 458 5070 quod
481 4998 625 5055 Dominus
644 4995 761 5065 inludit,
778 5011 884 5051 sensus
899 4995 981 5049 inra-
1036 4999 1181 5049 mentum.
1196 4991 1346 5064 Numquid
1358 4988 1405 5046 hio
1421 4990 1463 5046 sic
1472 4989 1543 5045 dicit
1557 5005 1564 5044 :
1581 4986 1720 5058 Arqatsici
1729 4983 1867 5039 bosniaem

160 5087 213 5155 nit,
226 5088 416 5162 digessimus,
433 5088 463 5143 in
483 5086 592 5160 quibus
603 5085 695 5141 Adam
709 5087 796 5156 atque
806 5084 870 5139 llvae
881 5082 982 5155 lapsus
1034 5098 1085 5156 per
1099 5083 1203 5143 Dauom
1219 5085 1252 5137 ut
1267 5079 1359 5136 Deum
1376 5078 1523 5152 intelligas
1533 5071 1789 5132 instrumentum?
1803 5071 1867 5126 Non

160 5182 206 5232 eat
218 5166 466 5250 comprehensus.
485 5176 569 5232 Nunc
593 5173 734 5246 quoniam
759 5171 810 5228 illa
824 5187 915 5244 peaes
932 5188 983 5227 au·
1040 5169 1142 5242 utique
1159 5186 1165 5224 :
1183 5170 1234 5225 sed
1252 5173 1284 5224 ut
1312 5167 1458 5240 intelligas
1474 5169 1622 5220 auctorem
1639 5165 1667 5216 ct
1683 5163 1867 5232 operatorem

159 5268 251 5321 clares
266 5281 325 5321 non
341 5264 422 5321 stetit
435 5263 542 5337 calpa:
559 5263 609 5318 sed
631 5263 708 5334 quod
724 5261 809 5333 pejus
832 5264 887 5324 est,
904 5261 985 5315 dete·
1039 5260 1143 5322 Deum.
1159 5257 1241 5313 Unde
1260 5256 1355 5328 magis
1376 5255 1433 5310 Deo
1451 5251 1564 5318 detulit,
1577 5250 1646 5322 quie
1657 5249 1750 5305 dixit:
1774 5247 1870 5321 Arqui-

159 5353 266 5410 riorem
294 5353 406 5409 invenit
432 5351 588 5414 heredem,
614 5353 785 5423 sequentem
818 5348 987 5404 adoriamur
1040 5349 1094 5404 siai
1115 5347 1254 5402 hominem
1275 5361 1324 5416 per
1339 5349 1436 5408 Deum,
1452 5345 1486 5396 ut
1501 5344 1529 5394 et
1544 5356 1598 5394 nos
1614 5355 1680 5394 curn
1698 5336 1810 5410 aliquid
1827 5351 1872 5392 aa·

159 5441 324 5509 historiam,
338 5446 368 5498 et
382 5457 416 5497 ea
431 5457 495 5514 que
511 5439 674 5497 secundum
689 5436 857 5509 Scripturas
875 5452 989 5494 annexa
1042 5437 1199 5511 quibimus,
1217 5432 1261 5490 vel
1286 5447 1389 5488 omnes
1404 5434 1527 5486 eventus
1543 5427 1689 5486 secundos
1704 5427 1762 5484 Deo
1777 5423 1872 5500 magis

159 5535 232 5588 snat
255 5529 382 5596 divinas,
396 5534 497 5586 nostro
521 5544 607 5601 opere
623 5541 847 5599 prosequamur.
1048 5525 1172 5596 deterre,
1187 5537 1276 5598 quam
1292 5519 1377 5580 uobis
1390 5534 1526 5594 arrogare
1541 5518 1694 5578 debemus.

199 5674 237 5749 (t)
253 5673 362 5750 Scripti
378 5672 457 5734 eirca
472 5689 520 5732 aa.
534 5671 598 5732 ³⁷5.
