<?xml version="1.0" encoding="UTF-8"?>
<!DOCTYPE html PUBLIC "-//W3C//DTD XHTML 1.0 Transitional//EN"
    "http://www.w3.org/TR/xhtml1/DTD/xhtml1-transitional.dtd">
<html xmlns="http://www.w3.org/1999/xhtml" xml:lang="en" lang="en">
 <head>
  <title>
</title>
<meta http-equiv="Content-Type" content="text/html;charset=utf-8" />
  <meta name='ocr-system' content='tesseract 3.04.00' />
  <meta name='ocr-capabilities' content='ocr_page ocr_carea ocr_par ocr_line ocrx_word'/>
</head>
<body>
  <div class='ocr_page' id='page_1' title='image "./patrologiaecurs31goog_0017.png"; bbox 0 0 4159 6184; ppageno 0'>
   <div class='ocr_carea' id='block_1_1' title="bbox 182 151 1891 276">
    <p class='ocr_par' dir='ltr' id='par_1_1' title="bbox 182 151 1891 276">
     <span class='ocr_line' id='line_1_1' title="bbox 182 151 1891 276; baseline 0 0"><span class='ocrx_word' id='word_1_1' title='bbox 182 212 223 276; x_wconf 84' lang='lat' dir='ltr'>is</span> <span class='ocrx_word' id='word_1_2' title='bbox 930 151 1151 272; x_wconf 67' lang='lat' dir='ltr'>caprino.</span> <span class='ocrx_word' id='word_1_3' title='bbox 1290 199 1295 206; x_wconf 88' lang='grc'>’</span> <span class='ocrx_word' id='word_1_4' title='bbox 1833 186 1891 276; x_wconf 80' lang='lat' dir='ltr'>&#39;ii</span> 
     </span>
    </p>
   </div>
   <div class='ocr_carea' id='block_1_2' title="bbox 170 336 1949 5883">
    <p class='ocr_par' dir='ltr' id='par_1_2' title="bbox 179 336 1940 3958">
     <span class='ocr_line' id='line_1_2' title="bbox 181 336 1887 428; baseline -0.001 -16"><span class='ocrx_word' id='word_1_5' title='bbox 181 344 310 421; x_wconf 81' lang='lat' dir='ltr'>occidit,</span> <span class='ocrx_word' id='word_1_6' title='bbox 347 342 478 428; x_wconf 76' lang='lat' dir='ltr'>spiritns</span> <span class='ocrx_word' id='word_1_7' title='bbox 503 349 609 408; x_wconf 85' lang='lat' dir='ltr'>autam</span> <span class='ocrx_word' id='word_1_8' title='bbox 636 339 797 420; x_wconf 81' lang='lat' dir='ltr'>iiviflaat3</span> <span class='ocrx_word' id='word_1_9' title='bbox 834 359 901 407; x_wconf 88' lang='lat' dir='ltr'>cuni</span> <span class='ocrx_word' id='word_1_10' title='bbox 934 360 970 406; x_wconf 83' lang='lat' dir='ltr'>eii</span> <span class='ocrx_word' id='word_1_11' title='bbox 1002 357 1069 425; x_wconf 76' lang='lat' dir='ltr'>qua</span> <span class='ocrx_word' id='word_1_12' title='bbox 1102 340 1144 406; x_wconf 83' lang='lat' dir='ltr'>uit</span> <span class='ocrx_word' id='word_1_13' title='bbox 1175 338 1304 408; x_wconf 74' lang='lat' dir='ltr'>itania</span> <span class='ocrx_word' id='word_1_14' title='bbox 1335 338 1562 426; x_wconf 74' lang='lat' dir='ltr'>paurii&#39;tutein</span> <span class='ocrx_word' id='word_1_15' title='bbox 1575 336 1679 406; x_wconf 81' lang='lat' dir='ltr'>docere</span> <span class='ocrx_word' id='word_1_16' title='bbox 1699 339 1887 422; x_wconf 83' lang='lat' dir='ltr'>ui‘detcntur,</span> 
     </span>
     <span class='ocr_line' id='line_1_3' title="bbox 179 421 1890 512; baseline 0 -22"><span class='ocrx_word' id='word_1_17' title='bbox 179 437 292 492; x_wconf 82' lang='lat' dir='ltr'>remoto</span> <span class='ocrx_word' id='word_1_18' title='bbox 324 429 451 512; x_wconf 75' lang='lat' dir='ltr'>mystico</span> <span class='ocrx_word' id='word_1_19' title='bbox 486 427 640 503; x_wconf 77' lang='lat' dir='ltr'>uelamine,</span> <span class='ocrx_word' id='word_1_20' title='bbox 676 425 856 510; x_wconf 72' lang='lat' dir='ltr'>spirituliter</span> <span class='ocrx_word' id='word_1_21' title='bbox 887 424 1021 506; x_wconf 80' lang='lat' dir='ltr'>aperiret</span> <span class='ocrx_word' id='word_1_22' title='bbox 1056 423 1098 505; x_wconf 89' lang='lat' dir='ltr'>(S.</span> <span class='ocrx_word' id='word_1_23' title='bbox 1122 423 1252 503; x_wconf 80' lang='lat' dir='ltr'>August.</span> <span class='ocrx_word' id='word_1_24' title='bbox 1280 421 1368 504; x_wconf 74' lang='lat' dir='ltr'>Cous.</span> <span class='ocrx_word' id='word_1_25' title='bbox 1390 423 1412 486; x_wconf 91' lang='lat' dir='ltr'>l.</span> <span class='ocrx_word' id='word_1_26' title='bbox 1449 441 1492 497; x_wconf 85' lang='lat' dir='ltr'>vr,</span> <span class='ocrx_word' id='word_1_27' title='bbox 1515 443 1584 505; x_wconf 90' lang='lat' dir='ltr'>cap.</span> <span class='ocrx_word' id='word_1_28' title='bbox 1607 425 1648 505; x_wconf 79' lang='lat' dir='ltr'>l).</span> <span class='ocrx_word' id='word_1_29' title='bbox 1673 424 1733 488; x_wconf 87' lang='lat' dir='ltr'>Sed</span> <span class='ocrx_word' id='word_1_30' title='bbox 1755 445 1818 489; x_wconf 91' lang='lat' dir='ltr'>uon</span> <span class='ocrx_word' id='word_1_31' title='bbox 1840 447 1890 490; x_wconf 91' lang='lat' dir='ltr'>so-</span> 
     </span>
     <span class='ocr_line' id='line_1_4' title="bbox 179 504 1889 589; baseline -0.001 -16"><span class='ocrx_word' id='word_1_32' title='bbox 179 509 249 573; x_wconf 86' lang='lat' dir='ltr'>lum</span> <span class='ocrx_word' id='word_1_33' title='bbox 270 509 327 571; x_wconf 92' lang='lat' dir='ltr'>ubi</span> <span class='ocrx_word' id='word_1_34' title='bbox 348 509 484 571; x_wconf 89' lang='lat' dir='ltr'>occurrit</span> <span class='ocrx_word' id='word_1_35' title='bbox 506 508 670 589; x_wconf 78' lang='lat' dir='ltr'>quidpiam</span> <span class='ocrx_word' id='word_1_36' title='bbox 691 508 775 586; x_wconf 92' lang='lat' dir='ltr'>quod</span> <span class='ocrx_word' id='word_1_37' title='bbox 797 526 816 568; x_wconf 91' lang='lat' dir='ltr'>a</span> <span class='ocrx_word' id='word_1_38' title='bbox 836 504 944 586; x_wconf 82' lang='lat' dir='ltr'>probis</span> <span class='ocrx_word' id='word_1_39' title='bbox 965 504 1107 566; x_wconf 90' lang='lat' dir='ltr'>moribus</span> <span class='ocrx_word' id='word_1_40' title='bbox 1128 505 1308 576; x_wconf 88' lang='lat' dir='ltr'>abhorreat,</span> <span class='ocrx_word' id='word_1_41' title='bbox 1331 506 1371 566; x_wconf 88' lang='lat' dir='ltr'>ad</span> <span class='ocrx_word' id='word_1_42' title='bbox 1393 505 1517 584; x_wconf 83' lang='lat' dir='ltr'><strong>mystici</strong></span> <span class='ocrx_word' id='word_1_43' title='bbox 1539 523 1647 568; x_wconf 88' lang='lat' dir='ltr'>sensus</span> <span class='ocrx_word' id='word_1_44' title='bbox 1673 509 1889 572; x_wconf 76' lang='lat' dir='ltr'>amoenitatem</span> 
     </span>
     <span class='ocr_line' id='line_1_5' title="bbox 179 584 1887 668; baseline 0 -16"><span class='ocrx_word' id='word_1_45' title='bbox 179 609 214 652; x_wconf 88' lang='lat' dir='ltr'>se</span> <span class='ocrx_word' id='word_1_46' title='bbox 236 591 413 662; x_wconf 86' lang='lat' dir='ltr'>convertit;</span> <span class='ocrx_word' id='word_1_47' title='bbox 435 608 559 650; x_wconf 91' lang='lat' dir='ltr'>memor</span> <span class='ocrx_word' id='word_1_48' title='bbox 578 589 662 649; x_wconf 92' lang='lat' dir='ltr'>enim</span> <span class='ocrx_word' id='word_1_49' title='bbox 683 587 848 666; x_wconf 89' lang='lat' dir='ltr'>apostolici</span> <span class='ocrx_word' id='word_1_50' title='bbox 869 585 1001 664; x_wconf 82' lang='lat' dir='ltr'>hujusce</span> <span class='ocrx_word' id='word_1_51' title='bbox 1021 585 1117 646; x_wconf 89' lang='lat' dir='ltr'>dicti:</span> <span class='ocrx_word' id='word_1_52' title='bbox 1143 585 1248 647; x_wconf 84' lang='lat' dir='ltr'>Omnia</span> <span class='ocrx_word' id='word_1_53' title='bbox 1284 586 1315 646; x_wconf 90' lang='lat' dir='ltr'>in</span> <span class='ocrx_word' id='word_1_54' title='bbox 1335 584 1444 666; x_wconf 73' lang='lat' dir='ltr'>figuris</span> <span class='ocrx_word' id='word_1_55' title='bbox 1465 585 1669 666; x_wconf 74' lang='lat' dir='ltr'>contingebant</span> <span class='ocrx_word' id='word_1_56' title='bbox 1690 585 1752 648; x_wconf 87' lang='lat' dir='ltr'>i&#39;lfi&#39;s</span> <span class='ocrx_word' id='word_1_57' title='bbox 1771 585 1799 668; x_wconf 92' lang='lat' dir='ltr'>(I</span> <span class='ocrx_word' id='word_1_58' title='bbox 1814 588 1887 652; x_wconf 85' lang='lat' dir='ltr'>Cor.</span> 
     </span>
     <span class='ocr_line' id='line_1_6' title="bbox 180 665 1889 750; baseline -0.001 -17"><span class='ocrx_word' id='word_1_59' title='bbox 180 689 213 734; x_wconf 89' lang='lat' dir='ltr'>x.</span> <span class='ocrx_word' id='word_1_60' title='bbox 249 671 323 750; x_wconf 84' lang='lat' dir='ltr'>il);</span> <span class='ocrx_word' id='word_1_61' title='bbox 356 670 401 730; x_wconf 92' lang='lat' dir='ltr'>ibi</span> <span class='ocrx_word' id='word_1_62' title='bbox 431 669 644 749; x_wconf 88' lang='lat' dir='ltr'>pulcherrima</span> <span class='ocrx_word' id='word_1_63' title='bbox 674 668 835 747; x_wconf 79' lang='lat' dir='ltr'>religionis</span> <span class='ocrx_word' id='word_1_64' title='bbox 864 665 1015 745; x_wconf 90' lang='lat' dir='ltr'>mysteria</span> <span class='ocrx_word' id='word_1_65' title='bbox 1045 665 1102 726; x_wconf 89' lang='lat' dir='ltr'>sub</span> <span class='ocrx_word' id='word_1_66' title='bbox 1133 665 1246 726; x_wconf 78' lang='lat' dir='ltr'>litterae</span> <span class='ocrx_word' id='word_1_67' title='bbox 1277 665 1439 726; x_wconf 92' lang='lat' dir='ltr'>involucro</span> <span class='ocrx_word' id='word_1_68' title='bbox 1469 665 1567 728; x_wconf 87' lang='lat' dir='ltr'>latere</span> <span class='ocrx_word' id='word_1_69' title='bbox 1596 666 1802 740; x_wconf 87' lang='lat' dir='ltr'>demonstrat,</span> <span class='ocrx_word' id='word_1_70' title='bbox 1836 671 1889 732; x_wconf 92' lang='lat' dir='ltr'>ubi</span> 
     </span>
     <span class='ocr_line' id='line_1_7' title="bbox 181 744 1889 830; baseline 0 -18"><span class='ocrx_word' id='word_1_71' title='bbox 181 751 266 812; x_wconf 90' lang='lat' dir='ltr'>nihii</span> <span class='ocrx_word' id='word_1_72' title='bbox 296 751 449 812; x_wconf 80' lang='lat' dir='ltr'>contineri</span> <span class='ocrx_word' id='word_1_73' title='bbox 479 748 540 810; x_wconf 88' lang='lat' dir='ltr'>nisi</span> <span class='ocrx_word' id='word_1_74' title='bbox 569 748 705 828; x_wconf 83' lang='lat' dir='ltr'>simplex</span> <span class='ocrx_word' id='word_1_75' title='bbox 731 749 776 808; x_wconf 90' lang='lat' dir='ltr'>rei</span> <span class='ocrx_word' id='word_1_76' title='bbox 806 747 920 808; x_wconf 78' lang='lat' dir='ltr'>factive</span> <span class='ocrx_word' id='word_1_77' title='bbox 949 744 1090 807; x_wconf 91' lang='lat' dir='ltr'>narratio</span> <span class='ocrx_word' id='word_1_78' title='bbox 1119 745 1294 806; x_wconf 86' lang='lat' dir='ltr'>videbatur.</span> <span class='ocrx_word' id='word_1_79' title='bbox 1327 747 1474 824; x_wconf 88' lang='lat' dir='ltr'>Expende</span> <span class='ocrx_word' id='word_1_80' title='bbox 1509 765 1587 824; x_wconf 90' lang='lat' dir='ltr'>quos</span> <span class='ocrx_word' id='word_1_81' title='bbox 1613 766 1720 808; x_wconf 89' lang='lat' dir='ltr'>sensus</span> <span class='ocrx_word' id='word_1_82' title='bbox 1741 754 1771 809; x_wconf 91' lang='lat' dir='ltr'>et</span> <span class='ocrx_word' id='word_1_83' title='bbox 1794 769 1889 830; x_wconf 93' lang='lat' dir='ltr'>quam</span> 
     </span>
     <span class='ocr_line' id='line_1_8' title="bbox 182 825 1889 918; baseline -0.001 -26"><span class='ocrx_word' id='word_1_84' title='bbox 182 832 306 893; x_wconf 85' lang='lat' dir='ltr'>nobiles</span> <span class='ocrx_word' id='word_1_85' title='bbox 326 837 417 892; x_wconf 89' lang='lat' dir='ltr'>eruat</span> <span class='ocrx_word' id='word_1_86' title='bbox 437 849 455 892; x_wconf 89' lang='lat' dir='ltr'>e</span> <span class='ocrx_word' id='word_1_87' title='bbox 475 835 632 891; x_wconf 90' lang='lat' dir='ltr'>structura</span> <span class='ocrx_word' id='word_1_88' title='bbox 663 846 744 890; x_wconf 81' lang='lat' dir='ltr'>arcae</span> <span class='ocrx_word' id='word_1_89' title='bbox 775 826 906 898; x_wconf 89' lang='lat' dir='ltr'>Noachi,</span> <span class='ocrx_word' id='word_1_90' title='bbox 929 845 946 888; x_wconf 90' lang='lat' dir='ltr'>e</span> <span class='ocrx_word' id='word_1_91' title='bbox 966 825 1237 887; x_wconf 85' lang='lat' dir='ltr'>benedictionibus</span> <span class='ocrx_word' id='word_1_92' title='bbox 1264 825 1400 886; x_wconf 86' lang='lat' dir='ltr'>illiorum</span> <span class='ocrx_word' id='word_1_93' title='bbox 1431 825 1510 918; x_wconf 77' lang='lat' dir='ltr'>ejus,</span> <span class='ocrx_word' id='word_1_94' title='bbox 1533 843 1549 886; x_wconf 93' lang='lat' dir='ltr'>e</span> <span class='ocrx_word' id='word_1_95' title='bbox 1572 827 1719 906; x_wconf 89' lang='lat' dir='ltr'>conjugio</span> <span class='ocrx_word' id='word_1_96' title='bbox 1750 829 1889 904; x_wconf 90' lang='lat' dir='ltr'>isaac,e</span> 
     </span>
     <span class='ocr_line' id='line_1_9' title="bbox 183 905 1891 989; baseline -0.001 -15"><span class='ocrx_word' id='word_1_97' title='bbox 183 911 316 974; x_wconf 87' lang='lat' dir='ltr'>diversis</span> <span class='ocrx_word' id='word_1_98' title='bbox 338 911 463 972; x_wconf 86' lang='lat' dir='ltr'>casibus</span> <span class='ocrx_word' id='word_1_99' title='bbox 482 909 557 970; x_wconf 85' lang='lat' dir='ltr'>vitia</span> <span class='ocrx_word' id='word_1_100' title='bbox 582 910 712 988; x_wconf 79' lang='lat' dir='ltr'>loseph,</span> <span class='ocrx_word' id='word_1_101' title='bbox 748 913 843 989; x_wconf 92' lang='lat' dir='ltr'>atque</span> <span class='ocrx_word' id='word_1_102' title='bbox 873 907 913 968; x_wconf 92' lang='lat' dir='ltr'>ad</span> <span class='ocrx_word' id='word_1_103' title='bbox 943 913 1137 985; x_wconf 91' lang='lat' dir='ltr'>postremum</span> <span class='ocrx_word' id='word_1_104' title='bbox 1159 923 1176 966; x_wconf 88' lang='lat' dir='ltr'>e</span> <span class='ocrx_word' id='word_1_105' title='bbox 1197 905 1330 966; x_wconf 90' lang='lat' dir='ltr'>fratrum</span> <span class='ocrx_word' id='word_1_106' title='bbox 1351 924 1387 966; x_wconf 89' lang='lat' dir='ltr'>ac</span> <span class='ocrx_word' id='word_1_107' title='bbox 1409 905 1544 966; x_wconf 85' lang='lat' dir='ltr'>filiorum</span> <span class='ocrx_word' id='word_1_108' title='bbox 1577 906 1718 985; x_wconf 86' lang='lat' dir='ltr'>ejusdem</span> <span class='ocrx_word' id='word_1_109' title='bbox 1747 909 1891 974; x_wconf 89' lang='lat' dir='ltr'>benedic·</span> 
     </span>
     <span class='ocr_line' id='line_1_10' title="bbox 180 985 1890 1069; baseline -0.001 -15"><span class='ocrx_word' id='word_1_110' title='bbox 180 991 345 1063; x_wconf 87' lang='lat' dir='ltr'>tiouibus;</span> <span class='ocrx_word' id='word_1_111' title='bbox 367 991 516 1052; x_wconf 77' lang='lat' dir='ltr'>fateberis</span> <span class='ocrx_word' id='word_1_112' title='bbox 535 990 677 1069; x_wconf 87' lang='lat' dir='ltr'>profecto</span> <span class='ocrx_word' id='word_1_113' title='bbox 698 988 776 1049; x_wconf 92' lang='lat' dir='ltr'>nihil</span> <span class='ocrx_word' id='word_1_114' title='bbox 799 988 885 1049; x_wconf 88' lang='lat' dir='ltr'>aliud</span> <span class='ocrx_word' id='word_1_115' title='bbox 907 1005 1004 1066; x_wconf 90' lang='lat' dir='ltr'>quam</span> <span class='ocrx_word' id='word_1_116' title='bbox 1025 987 1138 1066; x_wconf 82' lang='lat' dir='ltr'>frigere</span> <span class='ocrx_word' id='word_1_117' title='bbox 1161 991 1255 1066; x_wconf 91' lang='lat' dir='ltr'>atquc</span> <span class='ocrx_word' id='word_1_118' title='bbox 1276 985 1364 1046; x_wconf 88' lang='lat' dir='ltr'>humi</span> <span class='ocrx_word' id='word_1_119' title='bbox 1385 1003 1492 1065; x_wconf 89' lang='lat' dir='ltr'>rapere</span> <span class='ocrx_word' id='word_1_120' title='bbox 1514 985 1586 1048; x_wconf 90' lang='lat' dir='ltr'>illos</span> <span class='ocrx_word' id='word_1_121' title='bbox 1614 987 1811 1068; x_wconf 82' lang='lat' dir='ltr'>interpretes,</span> <span class='ocrx_word' id='word_1_122' title='bbox 1860 991 1890 1054; x_wconf 93' lang='lat' dir='ltr'>ui</span> 
     </span>
     <span class='ocr_line' id='line_1_11' title="bbox 181 1009 1892 1151; baseline 0 -19"><span class='ocrx_word' id='word_1_123' title='bbox 181 1073 275 1151; x_wconf 80' lang='lat' dir='ltr'>quasi</span> <span class='ocrx_word' id='word_1_124' title='bbox 294 1072 463 1133; x_wconf 81' lang='lat' dir='ltr'>iudaicam</span> <span class='ocrx_word' id='word_1_125' title='bbox 483 1071 666 1131; x_wconf 89' lang='lat' dir='ltr'>servitutem</span> <span class='ocrx_word' id='word_1_126' title='bbox 686 1070 720 1129; x_wconf 93' lang='lat' dir='ltr'>in</span> <span class='ocrx_word' id='word_1_127' title='bbox 740 1068 910 1131; x_wconf 89' lang='lat' dir='ltr'>Ecclesiam</span> <span class='ocrx_word' id='word_1_128' title='bbox 947 1068 1061 1128; x_wconf 87' lang='lat' dir='ltr'>referre</span> <span class='ocrx_word' id='word_1_129' title='bbox 1087 1066 1291 1135; x_wconf 84' lang='lat' dir='ltr'>decreverint,</span> <span class='ocrx_word' id='word_1_130' title='bbox 1320 1065 1378 1126; x_wconf 89' lang='lat' dir='ltr'>toti</span> <span class='ocrx_word' id='word_1_131' title='bbox 1408 1066 1533 1126; x_wconf 90' lang='lat' dir='ltr'>suntin</span> <span class='ocrx_word' id='word_1_132' title='bbox 1567 1067 1709 1144; x_wconf 90' lang='lat' dir='ltr'>apicibus</span> <span class='ocrx_word' id='word_1_133' title='bbox 1744 1077 1774 1131; x_wconf 91' lang='lat' dir='ltr'>et</span> <span class='ocrx_word' id='word_1_134' title='bbox 1796 1009 1892 1150; x_wconf 62' lang='lat' dir='ltr'>sylia-</span> 
     </span>
     <span class='ocr_line' id='line_1_12' title="bbox 180 1145 1892 1230; baseline 0.001 -17"><span class='ocrx_word' id='word_1_135' title='bbox 180 1153 231 1213; x_wconf 91' lang='lat' dir='ltr'>bis</span> <span class='ocrx_word' id='word_1_136' title='bbox 266 1151 511 1212; x_wconf 86' lang='lat' dir='ltr'>examinandis:</span> <span class='ocrx_word' id='word_1_137' title='bbox 544 1150 660 1230; x_wconf 90' lang='lat' dir='ltr'>quique</span> <span class='ocrx_word' id='word_1_138' title='bbox 688 1150 715 1210; x_wconf 88' lang='lat' dir='ltr'>si</span> <span class='ocrx_word' id='word_1_139' title='bbox 744 1149 796 1210; x_wconf 87' lang='lat' dir='ltr'>vel</span> <span class='ocrx_word' id='word_1_140' title='bbox 826 1149 917 1209; x_wconf 91' lang='lat' dir='ltr'>unius</span> <span class='ocrx_word' id='word_1_141' title='bbox 946 1147 1108 1208; x_wconf 79' lang='lat' dir='ltr'>sententiaa</span> <span class='ocrx_word' id='word_1_142' title='bbox 1130 1145 1371 1225; x_wconf 83' lang='lat' dir='ltr'>grammaticam</span> <span class='ocrx_word' id='word_1_143' title='bbox 1397 1145 1635 1224; x_wconf 86' lang='lat' dir='ltr'>intelligentiam</span> <span class='ocrx_word' id='word_1_144' title='bbox 1657 1148 1819 1214; x_wconf 75' lang='lat' dir='ltr'>Hebraicis</span> <span class='ocrx_word' id='word_1_145' title='bbox 1841 1171 1892 1213; x_wconf 91' lang='lat' dir='ltr'>cu-</span> 
     </span>
     <span class='ocr_line' id='line_1_13' title="bbox 179 1224 1888 1312; baseline 0.001 -21"><span class='ocrx_word' id='word_1_146' title='bbox 179 1231 312 1312; x_wconf 85' lang='lat' dir='ltr'>jusdam</span> <span class='ocrx_word' id='word_1_147' title='bbox 333 1230 536 1310; x_wconf 72' lang='lat' dir='ltr'>etymologica</span> <span class='ocrx_word' id='word_1_148' title='bbox 564 1229 717 1291; x_wconf 85' lang='lat' dir='ltr'>beneficio</span> <span class='ocrx_word' id='word_1_149' title='bbox 746 1229 900 1290; x_wconf 88' lang='lat' dir='ltr'>detexisse</span> <span class='ocrx_word' id='word_1_150' title='bbox 929 1227 990 1289; x_wconf 89' lang='lat' dir='ltr'>sibi</span> <span class='ocrx_word' id='word_1_151' title='bbox 1018 1226 1196 1298; x_wconf 88' lang='lat' dir='ltr'>videantur,</span> <span class='ocrx_word' id='word_1_152' title='bbox 1231 1232 1298 1288; x_wconf 91' lang='lat' dir='ltr'>tum</span> <span class='ocrx_word' id='word_1_153' title='bbox 1329 1225 1410 1286; x_wconf 88' lang='lat' dir='ltr'>serio</span> <span class='ocrx_word' id='word_1_154' title='bbox 1440 1224 1597 1288; x_wconf 90' lang='lat' dir='ltr'>exsultant</span> <span class='ocrx_word' id='word_1_155' title='bbox 1619 1245 1656 1287; x_wconf 88' lang='lat' dir='ltr'>ao</span> <span class='ocrx_word' id='word_1_156' title='bbox 1681 1228 1888 1309; x_wconf 88' lang='lat' dir='ltr'>triumphant.</span> 
     </span>
     <span class='ocr_line' id='line_1_14' title="bbox 182 1305 1892 1388; baseline 0.001 -16"><span class='ocrx_word' id='word_1_157' title='bbox 182 1312 398 1372; x_wconf 84' lang='lat' dir='ltr'>Nihilominus</span> <span class='ocrx_word' id='word_1_158' title='bbox 418 1317 525 1372; x_wconf 89' lang='lat' dir='ltr'>tamen</span> <span class='ocrx_word' id='word_1_159' title='bbox 545 1310 693 1371; x_wconf 90' lang='lat' dir='ltr'>nolumus</span> <span class='ocrx_word' id='word_1_160' title='bbox 714 1329 733 1370; x_wconf 92' lang='lat' dir='ltr'>a</span> <span class='ocrx_word' id='word_1_161' title='bbox 753 1309 845 1370; x_wconf 90' lang='lat' dir='ltr'>nobis</span> <span class='ocrx_word' id='word_1_162' title='bbox 865 1310 927 1370; x_wconf 92' lang='lat' dir='ltr'>hoc</span> <span class='ocrx_word' id='word_1_163' title='bbox 956 1309 1002 1370; x_wconf 91' lang='lat' dir='ltr'>ita</span> <span class='ocrx_word' id='word_1_164' title='bbox 1032 1309 1162 1378; x_wconf 87' lang='lat' dir='ltr'>dictum,</span> <span class='ocrx_word' id='word_1_165' title='bbox 1196 1307 1285 1386; x_wconf 92' lang='lat' dir='ltr'>quasi</span> <span class='ocrx_word' id='word_1_166' title='bbox 1316 1305 1493 1368; x_wconf 83' lang='lat' dir='ltr'>naturalem</span> <span class='ocrx_word' id='word_1_167' title='bbox 1519 1323 1654 1380; x_wconf 86' lang='lat' dir='ltr'>sensum,</span> <span class='ocrx_word' id='word_1_168' title='bbox 1677 1307 1710 1369; x_wconf 95' lang='lat' dir='ltr'>in</span> <span class='ocrx_word' id='word_1_169' title='bbox 1732 1328 1795 1388; x_wconf 92' lang='lat' dir='ltr'>quo</span> <span class='ocrx_word' id='word_1_170' title='bbox 1816 1312 1892 1372; x_wconf 90' lang='lat' dir='ltr'>duu-</span> 
     </span>
     <span class='ocr_line' id='line_1_15' title="bbox 184 1386 1892 1468; baseline -0.001 -15"><span class='ocrx_word' id='word_1_171' title='bbox 184 1411 258 1453; x_wconf 89' lang='lat' dir='ltr'>rum</span> <span class='ocrx_word' id='word_1_172' title='bbox 279 1391 414 1452; x_wconf 92' lang='lat' dir='ltr'>aliorum</span> <span class='ocrx_word' id='word_1_173' title='bbox 435 1392 674 1452; x_wconf 88' lang='lat' dir='ltr'>fundamentum</span> <span class='ocrx_word' id='word_1_174' title='bbox 695 1396 754 1461; x_wconf 87' lang='lat' dir='ltr'>est,</span> <span class='ocrx_word' id='word_1_175' title='bbox 778 1407 990 1468; x_wconf 88' lang='lat' dir='ltr'>aspernemur.</span> <span class='ocrx_word' id='word_1_176' title='bbox 1014 1387 1090 1468; x_wconf 85' lang='lat' dir='ltr'>Ejus</span> <span class='ocrx_word' id='word_1_177' title='bbox 1120 1407 1210 1448; x_wconf 93' lang='lat' dir='ltr'>usum</span> <span class='ocrx_word' id='word_1_178' title='bbox 1232 1387 1315 1446; x_wconf 93' lang='lat' dir='ltr'>ultro</span> <span class='ocrx_word' id='word_1_179' title='bbox 1346 1386 1481 1448; x_wconf 89' lang='lat' dir='ltr'>fatemur</span> <span class='ocrx_word' id='word_1_180' title='bbox 1510 1405 1572 1446; x_wconf 94' lang='lat' dir='ltr'>non</span> <span class='ocrx_word' id='word_1_181' title='bbox 1604 1405 1670 1448; x_wconf 86' lang='lat' dir='ltr'>asse</span> <span class='ocrx_word' id='word_1_182' title='bbox 1699 1389 1759 1450; x_wconf 90' lang='lat' dir='ltr'>nisi</span> <span class='ocrx_word' id='word_1_183' title='bbox 1784 1389 1892 1453; x_wconf 91' lang='lat' dir='ltr'>lauda-</span> 
     </span>
     <span class='ocr_line' id='line_1_16' title="bbox 186 1467 1892 1548; baseline 0 -16"><span class='ocrx_word' id='word_1_184' title='bbox 186 1472 294 1542; x_wconf 84' lang='lat' dir='ltr'>bilem,</span> <span class='ocrx_word' id='word_1_185' title='bbox 316 1472 491 1532; x_wconf 91' lang='lat' dir='ltr'>dummodo</span> <span class='ocrx_word' id='word_1_186' title='bbox 511 1489 575 1532; x_wconf 90' lang='lat' dir='ltr'>non</span> <span class='ocrx_word' id='word_1_187' title='bbox 595 1470 750 1531; x_wconf 85' lang='lat' dir='ltr'>serviliter</span> <span class='ocrx_word' id='word_1_188' title='bbox 770 1489 806 1531; x_wconf 91' lang='lat' dir='ltr'>ac</span> <span class='ocrx_word' id='word_1_189' title='bbox 824 1469 952 1548; x_wconf 87' lang='lat' dir='ltr'>judaice</span> <span class='ocrx_word' id='word_1_190' title='bbox 972 1467 1020 1528; x_wconf 92' lang='lat' dir='ltr'>ilii</span> <span class='ocrx_word' id='word_1_191' title='bbox 1040 1469 1228 1530; x_wconf 81' lang='lat' dir='ltr'>haereamus.</span> <span class='ocrx_word' id='word_1_192' title='bbox 1252 1469 1341 1528; x_wconf 90' lang='lat' dir='ltr'>Hunc</span> <span class='ocrx_word' id='word_1_193' title='bbox 1362 1485 1457 1546; x_wconf 91' lang='lat' dir='ltr'>porro</span> <span class='ocrx_word' id='word_1_194' title='bbox 1479 1471 1604 1527; x_wconf 91' lang='lat' dir='ltr'>sanctus</span> <span class='ocrx_word' id='word_1_195' title='bbox 1625 1468 1741 1529; x_wconf 88' lang='lat' dir='ltr'>Ductor</span> <span class='ocrx_word' id='word_1_196' title='bbox 1755 1471 1892 1532; x_wconf 82' lang='lat' dir='ltr'>maxime</span> 
     </span>
     <span class='ocr_line' id='line_1_17' title="bbox 186 1547 1891 1629; baseline 0 -17"><span class='ocrx_word' id='word_1_197' title='bbox 186 1559 310 1612; x_wconf 87' lang='lat' dir='ltr'>secutus</span> <span class='ocrx_word' id='word_1_198' title='bbox 330 1552 431 1612; x_wconf 91' lang='lat' dir='ltr'>estin</span> <span class='ocrx_word' id='word_1_199' title='bbox 452 1551 540 1612; x_wconf 86' lang='lat' dir='ltr'>libris</span> <span class='ocrx_word' id='word_1_200' title='bbox 561 1553 788 1621; x_wconf 88' lang='lat' dir='ltr'>Hexaemeron,</span> <span class='ocrx_word' id='word_1_201' title='bbox 811 1552 851 1611; x_wconf 90' lang='lat' dir='ltr'>de</span> <span class='ocrx_word' id='word_1_202' title='bbox 873 1548 1034 1621; x_wconf 91' lang='lat' dir='ltr'>Paradiso,</span> <span class='ocrx_word' id='word_1_203' title='bbox 1058 1548 1096 1608; x_wconf 93' lang='lat' dir='ltr'>de</span> <span class='ocrx_word' id='word_1_204' title='bbox 1126 1550 1191 1610; x_wconf 90' lang='lat' dir='ltr'>Noe</span> <span class='ocrx_word' id='word_1_205' title='bbox 1221 1554 1251 1608; x_wconf 89' lang='lat' dir='ltr'>et</span> <span class='ocrx_word' id='word_1_206' title='bbox 1282 1549 1373 1618; x_wconf 79' lang='lat' dir='ltr'>Arca,</span> <span class='ocrx_word' id='word_1_207' title='bbox 1397 1547 1479 1608; x_wconf 93' lang='lat' dir='ltr'>etin</span> <span class='ocrx_word' id='word_1_208' title='bbox 1504 1550 1548 1608; x_wconf 89' lang='lat' dir='ltr'>Ex</span> <span class='ocrx_word' id='word_1_209' title='bbox 1573 1547 1704 1608; x_wconf 91' lang='lat' dir='ltr'>ositione</span> <span class='ocrx_word' id='word_1_210' title='bbox 1730 1551 1891 1629; x_wconf 85' lang='lat' dir='ltr'>Evangelii</span> 
     </span>
     <span class='ocr_line' id='line_1_18' title="bbox 185 1566 1891 1710; baseline -0.001 -17"><span class='ocrx_word' id='word_1_211' title='bbox 185 1632 359 1694; x_wconf 88' lang='lat' dir='ltr'>secundum</span> <span class='ocrx_word' id='word_1_212' title='bbox 381 1633 509 1692; x_wconf 86' lang='lat' dir='ltr'>Lucam.</span> <span class='ocrx_word' id='word_1_213' title='bbox 533 1631 621 1703; x_wconf 79' lang='lat' dir='ltr'>Quod</span> <span class='ocrx_word' id='word_1_214' title='bbox 642 1649 717 1692; x_wconf 89' lang='lat' dir='ltr'>vero</span> <span class='ocrx_word' id='word_1_215' title='bbox 739 1633 779 1692; x_wconf 92' lang='lat' dir='ltr'>ad</span> <span class='ocrx_word' id='word_1_216' title='bbox 801 1648 926 1692; x_wconf 88' lang='lat' dir='ltr'>sensum</span> <span class='ocrx_word' id='word_1_217' title='bbox 949 1628 1121 1701; x_wconf 90' lang='lat' dir='ltr'>moralem;</span> <span class='ocrx_word' id='word_1_218' title='bbox 1146 1647 1217 1688; x_wconf 91' lang='lat' dir='ltr'>cum</span> <span class='ocrx_word' id='word_1_219' title='bbox 1244 1627 1323 1688; x_wconf 89' lang='lat' dir='ltr'>nihil</span> <span class='ocrx_word' id='word_1_220' title='bbox 1354 1627 1393 1688; x_wconf 92' lang='lat' dir='ltr'>ad</span> <span class='ocrx_word' id='word_1_221' title='bbox 1425 1566 1617 1706; x_wconf 35' lang='lat' dir='ltr'>pastoralem</span> <span class='ocrx_word' id='word_1_222' title='bbox 1648 1645 1756 1690; x_wconf 90' lang='lat' dir='ltr'>curam</span> <span class='ocrx_word' id='word_1_223' title='bbox 1791 1632 1891 1710; x_wconf 90' lang='lat' dir='ltr'>magis</span> 
     </span>
     <span class='ocr_line' id='line_1_19' title="bbox 184 1706 1890 1792; baseline 0 -20"><span class='ocrx_word' id='word_1_224' title='bbox 184 1713 313 1792; x_wconf 87' lang='lat' dir='ltr'>proprie</span> <span class='ocrx_word' id='word_1_225' title='bbox 342 1712 499 1792; x_wconf 91' lang='lat' dir='ltr'>pertinere</span> <span class='ocrx_word' id='word_1_226' title='bbox 527 1711 560 1771; x_wconf 90' lang='lat' dir='ltr'>in</span> <span class='ocrx_word' id='word_1_227' title='bbox 590 1711 734 1772; x_wconf 86' lang='lat' dir='ltr'>confesso</span> <span class='ocrx_word' id='word_1_228' title='bbox 764 1711 803 1771; x_wconf 90' lang='lat' dir='ltr'>sit</span> <span class='ocrx_word' id='word_1_229' title='bbox 829 1729 925 1790; x_wconf 91' lang='lat' dir='ltr'>quam</span> <span class='ocrx_word' id='word_1_230' title='bbox 956 1709 1229 1771; x_wconf 86' lang='lat' dir='ltr'>informandorum</span> <span class='ocrx_word' id='word_1_231' title='bbox 1260 1706 1370 1787; x_wconf 88' lang='lat' dir='ltr'>gregis.</span> <span class='ocrx_word' id='word_1_232' title='bbox 1394 1708 1442 1768; x_wconf 93' lang='lat' dir='ltr'>sui</span> <span class='ocrx_word' id='word_1_233' title='bbox 1477 1726 1601 1768; x_wconf 90' lang='lat' dir='ltr'>morum</span> <span class='ocrx_word' id='word_1_234' title='bbox 1636 1707 1890 1784; x_wconf 88' lang='lat' dir='ltr'>sollicitudinem,</span> 
     </span>
     <span class='ocr_line' id='line_1_20' title="bbox 186 1787 1890 1886; baseline -0.001 -34"><span class='ocrx_word' id='word_1_235' title='bbox 186 1793 302 1852; x_wconf 89' lang='lat' dir='ltr'>mirum</span> <span class='ocrx_word' id='word_1_236' title='bbox 324 1793 432 1886; x_wconf 89' lang='lat' dir='ltr'>utique</span> <span class='ocrx_word' id='word_1_237' title='bbox 454 1792 544 1862; x_wconf 89' lang='lat' dir='ltr'>foret,</span> <span class='ocrx_word' id='word_1_238' title='bbox 574 1792 602 1851; x_wconf 91' lang='lat' dir='ltr'>si</span> <span class='ocrx_word' id='word_1_239' title='bbox 622 1798 688 1851; x_wconf 87' lang='lat' dir='ltr'>tam</span> <span class='ocrx_word' id='word_1_240' title='bbox 719 1809 848 1870; x_wconf 88' lang='lat' dir='ltr'>gravem</span> <span class='ocrx_word' id='word_1_241' title='bbox 878 1790 1077 1868; x_wconf 90' lang='lat' dir='ltr'>episcopatus</span> <span class='ocrx_word' id='word_1_242' title='bbox 1107 1794 1228 1868; x_wconf 89' lang='lat' dir='ltr'>partem</span> <span class='ocrx_word' id='word_1_243' title='bbox 1259 1793 1366 1848; x_wconf 92' lang='lat' dir='ltr'>tantus</span> <span class='ocrx_word' id='word_1_244' title='bbox 1399 1787 1564 1867; x_wconf 90' lang='lat' dir='ltr'>episcopus</span> <span class='ocrx_word' id='word_1_245' title='bbox 1594 1805 1658 1848; x_wconf 90' lang='lat' dir='ltr'>non</span> <span class='ocrx_word' id='word_1_246' title='bbox 1688 1787 1890 1867; x_wconf 88' lang='lat' dir='ltr'>implevisset.</span> 
     </span>
     <span class='ocr_line' id='line_1_21' title="bbox 185 1867 1894 1964; baseline -0.002 -30"><span class='ocrx_word' id='word_1_247' title='bbox 185 1873 247 1934; x_wconf 87' lang='lat' dir='ltr'>Sed</span> <span class='ocrx_word' id='word_1_248' title='bbox 267 1877 396 1934; x_wconf 89' lang='lat' dir='ltr'>tametsi</span> <span class='ocrx_word' id='word_1_249' title='bbox 437 1877 589 1951; x_wconf 89' lang='lat' dir='ltr'>quantam</span> <span class='ocrx_word' id='word_1_250' title='bbox 610 1871 696 1931; x_wconf 92' lang='lat' dir='ltr'>iliius</span> <span class='ocrx_word' id='word_1_251' title='bbox 716 1871 871 1932; x_wconf 91' lang='lat' dir='ltr'>rationem</span> <span class='ocrx_word' id='word_1_252' title='bbox 891 1871 1049 1941; x_wconf 89' lang='lat' dir='ltr'>habuerit,</span> <span class='ocrx_word' id='word_1_253' title='bbox 1073 1869 1204 1948; x_wconf 77' lang='lat' dir='ltr'>singulm</span> <span class='ocrx_word' id='word_1_254' title='bbox 1226 1867 1455 1948; x_wconf 88' lang='lat' dir='ltr'>propemodum</span> <span class='ocrx_word' id='word_1_255' title='bbox 1477 1868 1601 1947; x_wconf 78' lang='lat' dir='ltr'>paginae</span> <span class='ocrx_word' id='word_1_256' title='bbox 1623 1874 1836 1930; x_wconf 88' lang='lat' dir='ltr'>contestentur</span> <span class='ocrx_word' id='word_1_257' title='bbox 1857 1869 1894 1964; x_wconf 71' lang='lat' dir='ltr'>(is</span> 
     </span>
     <span class='ocr_line' id='line_1_22' title="bbox 185 1947 1894 2030; baseline -0.001 -16"><span class='ocrx_word' id='word_1_258' title='bbox 185 1953 270 2014; x_wconf 89' lang='lat' dir='ltr'>enim</span> <span class='ocrx_word' id='word_1_259' title='bbox 300 1971 410 2014; x_wconf 88' lang='lat' dir='ltr'>sensus</span> <span class='ocrx_word' id='word_1_260' title='bbox 441 1952 588 2012; x_wconf 89' lang='lat' dir='ltr'>omnibus</span> <span class='ocrx_word' id='word_1_261' title='bbox 622 1952 720 2012; x_wconf 87' lang='lat' dir='ltr'>ferme</span> <span class='ocrx_word' id='word_1_262' title='bbox 747 1952 895 2030; x_wconf 91' lang='lat' dir='ltr'>operibus</span> <span class='ocrx_word' id='word_1_263' title='bbox 924 1949 1140 2015; x_wconf 67' lang='lat' dir='ltr'>ambrosianis</span> <span class='ocrx_word' id='word_1_264' title='bbox 1170 1947 1255 2009; x_wconf 85' lang='lat' dir='ltr'>velut</span> <span class='ocrx_word' id='word_1_265' title='bbox 1285 1948 1334 2009; x_wconf 89' lang='lat' dir='ltr'>ins</span> <span class='ocrx_word' id='word_1_266' title='bbox 1358 1966 1444 2010; x_wconf 88' lang='lat' dir='ltr'>ersus</span> <span class='ocrx_word' id='word_1_267' title='bbox 1474 1949 1530 2026; x_wconf 83' lang='lat' dir='ltr'>est)</span> <span class='ocrx_word' id='word_1_268' title='bbox 1559 1948 1713 2026; x_wconf 88' lang='lat' dir='ltr'>reperitur</span> <span class='ocrx_word' id='word_1_269' title='bbox 1733 1955 1840 2011; x_wconf 92' lang='lat' dir='ltr'>tamen</span> <span class='ocrx_word' id='word_1_270' title='bbox 1861 1969 1894 2012; x_wconf 87' lang='lat' dir='ltr'>in</span> 
     </span>
     <span class='ocr_line' id='line_1_23' title="bbox 231 2025 1893 2111; baseline -0.001 -17"><span class='ocrx_word' id='word_1_271' title='bbox 231 2033 378 2094; x_wconf 91' lang='lat' dir='ltr'>ibusdam</span> <span class='ocrx_word' id='word_1_272' title='bbox 400 2033 503 2111; x_wconf 89' lang='lat' dir='ltr'>magis</span> <span class='ocrx_word' id='word_1_273' title='bbox 523 2051 561 2093; x_wconf 86' lang='lat' dir='ltr'>ex</span> <span class='ocrx_word' id='word_1_274' title='bbox 583 2032 745 2111; x_wconf 92' lang='lat' dir='ltr'>proposito</span> <span class='ocrx_word' id='word_1_275' title='bbox 776 2050 815 2092; x_wconf 89' lang='lat' dir='ltr'>ex</span> <span class='ocrx_word' id='word_1_276' title='bbox 838 2031 960 2092; x_wconf 89' lang='lat' dir='ltr'>licatus.</span> <span class='ocrx_word' id='word_1_277' title='bbox 983 2030 1076 2092; x_wconf 85' lang='lat' dir='ltr'>Tales</span> <span class='ocrx_word' id='word_1_278' title='bbox 1111 2034 1182 2091; x_wconf 91' lang='lat' dir='ltr'>sunt</span> <span class='ocrx_word' id='word_1_279' title='bbox 1217 2027 1288 2089; x_wconf 91' lang='lat' dir='ltr'>libri</span> <span class='ocrx_word' id='word_1_280' title='bbox 1343 2048 1358 2088; x_wconf 89' lang='lat' dir='ltr'>e</span> <span class='ocrx_word' id='word_1_281' title='bbox 1404 2028 1553 2110; x_wconf 79' lang='lat' dir='ltr'>sacrificio</span> <span class='ocrx_word' id='word_1_282' title='bbox 1603 2025 1682 2090; x_wconf 84' lang='lat' dir='ltr'>Cain</span> <span class='ocrx_word' id='word_1_283' title='bbox 1728 2037 1758 2090; x_wconf 87' lang='lat' dir='ltr'>et</span> <span class='ocrx_word' id='word_1_284' title='bbox 1803 2029 1893 2105; x_wconf 83' lang='lat' dir='ltr'>Atei,</span> 
     </span>
     <span class='ocr_line' id='line_1_24' title="bbox 187 2051 1893 2191; baseline -0.001 -17"><span class='ocrx_word' id='word_1_285' title='bbox 187 2051 230 2174; x_wconf 64' lang='lat' dir='ltr'>qq</span> <span class='ocrx_word' id='word_1_286' title='bbox 257 2112 427 2182; x_wconf 76' lang='lat' dir='ltr'>Adranam,</span> <span class='ocrx_word' id='word_1_287' title='bbox 464 2111 501 2174; x_wconf 87' lang='lat' dir='ltr'>de</span> <span class='ocrx_word' id='word_1_288' title='bbox 534 2112 619 2173; x_wconf 88' lang='lat' dir='ltr'>Bono</span> <span class='ocrx_word' id='word_1_289' title='bbox 653 2117 771 2189; x_wconf 61' lang='lat' dir='ltr'>usuriis,</span> <span class='ocrx_word' id='word_1_290' title='bbox 827 2130 843 2174; x_wconf 86' lang='lat' dir='ltr'>e</span> <span class='ocrx_word' id='word_1_291' title='bbox 871 2111 960 2191; x_wconf 76' lang='lat' dir='ltr'>Fuqu</span> <span class='ocrx_word' id='word_1_292' title='bbox 993 2109 1104 2184; x_wconf 77' lang='lat' dir='ltr'>iaculi,</span> <span class='ocrx_word' id='word_1_293' title='bbox 1140 2109 1176 2170; x_wconf 86' lang='lat' dir='ltr'>de</span> <span class='ocrx_word' id='word_1_294' title='bbox 1210 2107 1303 2170; x_wconf 79' lang='lat' dir='ltr'>tacut</span> <span class='ocrx_word' id='word_1_295' title='bbox 1331 2117 1361 2170; x_wconf 89' lang='lat' dir='ltr'>et</span> <span class='ocrx_word' id='word_1_296' title='bbox 1395 2107 1460 2171; x_wconf 86' lang='lat' dir='ltr'>Vi&#39;tu</span> <span class='ocrx_word' id='word_1_297' title='bbox 1489 2107 1584 2180; x_wconf 84' lang='lat' dir='ltr'>beuta,</span> <span class='ocrx_word' id='word_1_298' title='bbox 1614 2106 1651 2170; x_wconf 87' lang='lat' dir='ltr'>de</span> <span class='ocrx_word' id='word_1_299' title='bbox 1677 2107 1752 2171; x_wconf 80' lang='lat' dir='ltr'>Elia</span> <span class='ocrx_word' id='word_1_300' title='bbox 1778 2119 1809 2172; x_wconf 85' lang='lat' dir='ltr'>et</span> <span class='ocrx_word' id='word_1_301' title='bbox 1841 2110 1893 2174; x_wconf 79' lang='lat' dir='ltr'>Je-</span> 
     </span>
     <span class='ocr_line' id='line_1_25' title="bbox 184 2187 1893 2274; baseline 0.001 -20"><span class='ocrx_word' id='word_1_302' title='bbox 184 2193 285 2274; x_wconf 79' lang='lat' dir='ltr'>juni&#39;c,</span> <span class='ocrx_word' id='word_1_303' title='bbox 324 2191 362 2254; x_wconf 84' lang='lat' dir='ltr'>de</span> <span class='ocrx_word' id='word_1_304' title='bbox 409 2191 552 2255; x_wconf 83' lang='lat' dir='ltr'>Nututlie</span> <span class='ocrx_word' id='word_1_305' title='bbox 598 2191 771 2267; x_wconf 80' lang='lat' dir='ltr'>Jeiraeli&#39;tu,</span> <span class='ocrx_word' id='word_1_306' title='bbox 819 2190 855 2252; x_wconf 84' lang='lat' dir='ltr'>de</span> <span class='ocrx_word' id='word_1_307' title='bbox 894 2191 996 2265; x_wconf 77' lang='lat' dir='ltr'>Toti&#39;a,</span> <span class='ocrx_word' id='word_1_308' title='bbox 1031 2187 1337 2272; x_wconf 75' lang='lat' dir='ltr'>interpellationibus,</span> <span class='ocrx_word' id='word_1_309' title='bbox 1372 2193 1402 2250; x_wconf 93' lang='lat' dir='ltr'>et</span> <span class='ocrx_word' id='word_1_310' title='bbox 1438 2189 1470 2250; x_wconf 91' lang='lat' dir='ltr'>in</span> <span class='ocrx_word' id='word_1_311' title='bbox 1517 2188 1774 2252; x_wconf 81' lang='lat' dir='ltr'>Enarrati&#39;onibui</span> <span class='ocrx_word' id='word_1_312' title='bbox 1801 2190 1893 2255; x_wconf 81' lang='lat' dir='ltr'>Pial-</span> 
     </span>
     <span class='ocr_line' id='line_1_26' title="bbox 186 2292 317 2334; baseline -0.015 1"><span class='ocrx_word' id='word_1_313' title='bbox 186 2292 317 2334; x_wconf 74' lang='lat' dir='ltr'>morium.</span> 
     </span>
     <span class='ocr_line' id='line_1_27' title="bbox 228 2349 1891 2433; baseline -0.001 -18"><span class='ocrx_word' id='word_1_314' title='bbox 228 2354 291 2415; x_wconf 86' lang='lat' dir='ltr'>Sed</span> <span class='ocrx_word' id='word_1_315' title='bbox 312 2371 377 2414; x_wconf 90' lang='lat' dir='ltr'>non</span> <span class='ocrx_word' id='word_1_316' title='bbox 397 2355 493 2415; x_wconf 90' lang='lat' dir='ltr'>ductu</span> <span class='ocrx_word' id='word_1_317' title='bbox 514 2354 642 2433; x_wconf 89' lang='lat' dir='ltr'>proprio</span> <span class='ocrx_word' id='word_1_318' title='bbox 663 2353 703 2413; x_wconf 90' lang='lat' dir='ltr'>ad</span> <span class='ocrx_word' id='word_1_319' title='bbox 725 2353 903 2414; x_wconf 89' lang='lat' dir='ltr'>rimandam</span> <span class='ocrx_word' id='word_1_320' title='bbox 925 2371 996 2432; x_wconf 82' lang='lat' dir='ltr'>quai</span> <span class='ocrx_word' id='word_1_321' title='bbox 1018 2353 1050 2412; x_wconf 94' lang='lat' dir='ltr'>in</span> <span class='ocrx_word' id='word_1_322' title='bbox 1073 2351 1173 2412; x_wconf 90' lang='lat' dir='ltr'>Libris</span> <span class='ocrx_word' id='word_1_323' title='bbox 1186 2349 1301 2411; x_wconf 91' lang='lat' dir='ltr'>divinis</span> <span class='ocrx_word' id='word_1_324' title='bbox 1316 2351 1477 2412; x_wconf 87' lang='lat' dir='ltr'>recondita</span> <span class='ocrx_word' id='word_1_325' title='bbox 1491 2357 1547 2424; x_wconf 90' lang='lat' dir='ltr'>est,</span> <span class='ocrx_word' id='word_1_326' title='bbox 1564 2351 1726 2412; x_wconf 88' lang='lat' dir='ltr'>scientiam</span> <span class='ocrx_word' id='word_1_327' title='bbox 1742 2353 1891 2414; x_wconf 90' lang='lat' dir='ltr'>accessit:</span> 
     </span>
     <span class='ocr_line' id='line_1_28' title="bbox 186 2430 1894 2514; baseline 0.001 -20"><span class='ocrx_word' id='word_1_328' title='bbox 186 2434 339 2514; x_wconf 88' lang='lat' dir='ltr'>quamvis</span> <span class='ocrx_word' id='word_1_329' title='bbox 358 2435 440 2496; x_wconf 89' lang='lat' dir='ltr'>enim</span> <span class='ocrx_word' id='word_1_330' title='bbox 459 2452 523 2494; x_wconf 90' lang='lat' dir='ltr'>non</span> <span class='ocrx_word' id='word_1_331' title='bbox 543 2433 707 2512; x_wconf 90' lang='lat' dir='ltr'>vulgarem</span> <span class='ocrx_word' id='word_1_332' title='bbox 737 2433 916 2512; x_wconf 89' lang='lat' dir='ltr'>linguarum</span> <span class='ocrx_word' id='word_1_333' title='bbox 945 2438 1013 2492; x_wconf 90' lang='lat' dir='ltr'>tum</span> <span class='ocrx_word' id='word_1_334' title='bbox 1045 2432 1163 2492; x_wconf 75' lang='lat' dir='ltr'>Latina</span> <span class='ocrx_word' id='word_1_335' title='bbox 1194 2436 1262 2490; x_wconf 91' lang='lat' dir='ltr'>tum</span> <span class='ocrx_word' id='word_1_336' title='bbox 1293 2430 1387 2490; x_wconf 91' lang='lat' dir='ltr'>etiam</span> <span class='ocrx_word' id='word_1_337' title='bbox 1417 2433 1533 2492; x_wconf 83' lang='lat' dir='ltr'>Graecae</span> <span class='ocrx_word' id='word_1_338' title='bbox 1560 2431 1792 2510; x_wconf 88' lang='lat' dir='ltr'>congnitionam</span> <span class='ocrx_word' id='word_1_339' title='bbox 1814 2440 1894 2496; x_wconf 89' lang='lat' dir='ltr'>esset</span> 
     </span>
     <span class='ocr_line' id='line_1_29' title="bbox 185 2510 1895 2594; baseline 0.001 -20"><span class='ocrx_word' id='word_1_340' title='bbox 185 2515 335 2594; x_wconf 89' lang='lat' dir='ltr'>adeptus,</span> <span class='ocrx_word' id='word_1_341' title='bbox 359 2521 389 2574; x_wconf 91' lang='lat' dir='ltr'>et</span> <span class='ocrx_word' id='word_1_342' title='bbox 408 2514 439 2574; x_wconf 90' lang='lat' dir='ltr'>in</span> <span class='ocrx_word' id='word_1_343' title='bbox 470 2514 603 2575; x_wconf 90' lang='lat' dir='ltr'>lectione</span> <span class='ocrx_word' id='word_1_344' title='bbox 631 2531 723 2574; x_wconf 91' lang='lat' dir='ltr'>omne</span> <span class='ocrx_word' id='word_1_345' title='bbox 754 2531 853 2592; x_wconf 89' lang='lat' dir='ltr'>genus</span> <span class='ocrx_word' id='word_1_346' title='bbox 882 2512 1047 2584; x_wconf 87' lang='lat' dir='ltr'>libromm,</span> <span class='ocrx_word' id='word_1_347' title='bbox 1079 2517 1255 2591; x_wconf 85' lang='lat' dir='ltr'>poetarum,</span> <span class='ocrx_word' id='word_1_348' title='bbox 1287 2510 1520 2584; x_wconf 89' lang='lat' dir='ltr'>historicorum,</span> <span class='ocrx_word' id='word_1_349' title='bbox 1552 2512 1826 2592; x_wconf 86' lang='lat' dir='ltr'>philosophorum,</span> <span class='ocrx_word' id='word_1_350' title='bbox 1850 2521 1895 2575; x_wconf 89' lang='lat' dir='ltr'>at-</span> 
     </span>
     <span class='ocr_line' id='line_1_30' title="bbox 186 2589 1893 2687; baseline 0.001 -33"><span class='ocrx_word' id='word_1_351' title='bbox 186 2613 248 2674; x_wconf 89' lang='lat' dir='ltr'>que</span> <span class='ocrx_word' id='word_1_352' title='bbox 282 2593 439 2687; x_wconf 90' lang='lat' dir='ltr'>imprimis</span> <span class='ocrx_word' id='word_1_353' title='bbox 470 2595 703 2656; x_wconf 88' lang='lat' dir='ltr'>Platonicorum</span> <span class='ocrx_word' id='word_1_354' title='bbox 734 2593 853 2673; x_wconf 89' lang='lat' dir='ltr'>oppido</span> <span class='ocrx_word' id='word_1_355' title='bbox 883 2598 1055 2653; x_wconf 89' lang='lat' dir='ltr'>versatus:</span> <span class='ocrx_word' id='word_1_356' title='bbox 1088 2589 1231 2671; x_wconf 90' lang='lat' dir='ltr'>quamvis</span> <span class='ocrx_word' id='word_1_357' title='bbox 1266 2595 1418 2668; x_wconf 83' lang='lat' dir='ltr'>praeterea</span> <span class='ocrx_word' id='word_1_358' title='bbox 1453 2591 1666 2670; x_wconf 90' lang='lat' dir='ltr'>eloquentiam</span> <span class='ocrx_word' id='word_1_359' title='bbox 1702 2611 1797 2672; x_wconf 91' lang='lat' dir='ltr'>quam</span> <span class='ocrx_word' id='word_1_360' title='bbox 1833 2595 1893 2674; x_wconf 90' lang='lat' dir='ltr'>ipsi</span> 
     </span>
     <span class='ocr_line' id='line_1_31' title="bbox 185 2669 1893 2752; baseline 0 -17"><span class='ocrx_word' id='word_1_361' title='bbox 185 2681 302 2735; x_wconf 86' lang='lat' dir='ltr'>natura</span> <span class='ocrx_word' id='word_1_362' title='bbox 331 2674 489 2735; x_wconf 88' lang='lat' dir='ltr'>indiderat</span> <span class='ocrx_word' id='word_1_363' title='bbox 519 2675 604 2735; x_wconf 91' lang='lat' dir='ltr'>haud</span> <span class='ocrx_word' id='word_1_364' title='bbox 636 2674 838 2745; x_wconf 91' lang='lat' dir='ltr'>mediocrem,</span> <span class='ocrx_word' id='word_1_365' title='bbox 869 2673 1034 2752; x_wconf 90' lang='lat' dir='ltr'>diiigenter</span> <span class='ocrx_word' id='word_1_366' title='bbox 1073 2671 1106 2732; x_wconf 92' lang='lat' dir='ltr'>in</span> <span class='ocrx_word' id='word_1_367' title='bbox 1146 2669 1273 2732; x_wconf 86' lang='lat' dir='ltr'>orandis</span> <span class='ocrx_word' id='word_1_368' title='bbox 1305 2670 1407 2730; x_wconf 89' lang='lat' dir='ltr'>causis</span> <span class='ocrx_word' id='word_1_369' title='bbox 1437 2671 1652 2742; x_wconf 87' lang='lat' dir='ltr'>excoluisset;</span> <span class='ocrx_word' id='word_1_370' title='bbox 1694 2691 1757 2732; x_wconf 93' lang='lat' dir='ltr'>non</span> <span class='ocrx_word' id='word_1_371' title='bbox 1789 2678 1893 2736; x_wconf 91' lang='lat' dir='ltr'>tamen</span> 
     </span>
     <span class='ocr_line' id='line_1_32' title="bbox 185 2751 1894 2834; baseline -0.001 -20"><span class='ocrx_word' id='word_1_372' title='bbox 185 2754 311 2834; x_wconf 89' lang='lat' dir='ltr'>putavit</span> <span class='ocrx_word' id='word_1_373' title='bbox 332 2754 392 2815; x_wconf 89' lang='lat' dir='ltr'>sibi</span> <span class='ocrx_word' id='word_1_374' title='bbox 413 2773 433 2814; x_wconf 93' lang='lat' dir='ltr'>a</span> <span class='ocrx_word' id='word_1_375' title='bbox 452 2755 663 2816; x_wconf 90' lang='lat' dir='ltr'>tribunalibus</span> <span class='ocrx_word' id='word_1_376' title='bbox 685 2754 870 2815; x_wconf 89' lang='lat' dir='ltr'>adsacrum</span> <span class='ocrx_word' id='word_1_377' title='bbox 891 2753 1049 2832; x_wconf 88' lang='lat' dir='ltr'>pulpitum</span> <span class='ocrx_word' id='word_1_378' title='bbox 1071 2752 1136 2812; x_wconf 91' lang='lat' dir='ltr'>sine</span> <span class='ocrx_word' id='word_1_379' title='bbox 1159 2751 1331 2830; x_wconf 89' lang='lat' dir='ltr'>peritorum</span> <span class='ocrx_word' id='word_1_380' title='bbox 1353 2751 1517 2811; x_wconf 92' lang='lat' dir='ltr'>ductorum</span> <span class='ocrx_word' id='word_1_381' title='bbox 1540 2751 1688 2829; x_wconf 69' lang='lat' dir='ltr'>praesidio</span> <span class='ocrx_word' id='word_1_382' title='bbox 1710 2769 1776 2812; x_wconf 89' lang='lat' dir='ltr'>esse</span> <span class='ocrx_word' id='word_1_383' title='bbox 1793 2759 1894 2814; x_wconf 89' lang='lat' dir='ltr'>trans-</span> 
     </span>
     <span class='ocr_line' id='line_1_33' title="bbox 185 2830 1894 2914; baseline -0.001 -18"><span class='ocrx_word' id='word_1_384' title='bbox 185 2836 339 2896; x_wconf 87' lang='lat' dir='ltr'>eundum.</span> <span class='ocrx_word' id='word_1_385' title='bbox 362 2835 474 2897; x_wconf 84' lang='lat' dir='ltr'>Maluit</span> <span class='ocrx_word' id='word_1_386' title='bbox 495 2835 591 2914; x_wconf 90' lang='lat' dir='ltr'>igitur</span> <span class='ocrx_word' id='word_1_387' title='bbox 610 2854 644 2896; x_wconf 86' lang='lat' dir='ltr'>se</span> <span class='ocrx_word' id='word_1_388' title='bbox 673 2835 888 2914; x_wconf 87' lang='lat' dir='ltr'>antiquiorum</span> <span class='ocrx_word' id='word_1_389' title='bbox 918 2834 1060 2913; x_wconf 77' lang='lat' dir='ltr'>praebere</span> <span class='ocrx_word' id='word_1_390' title='bbox 1090 2831 1290 2910; x_wconf 89' lang='lat' dir='ltr'>discipulum,</span> <span class='ocrx_word' id='word_1_391' title='bbox 1347 2849 1419 2890; x_wconf 90' lang='lat' dir='ltr'>uam</span> <span class='ocrx_word' id='word_1_392' title='bbox 1449 2830 1582 2891; x_wconf 89' lang='lat' dir='ltr'>aliorum</span> <span class='ocrx_word' id='word_1_393' title='bbox 1613 2831 1798 2909; x_wconf 90' lang='lat' dir='ltr'>magistrum</span> <span class='ocrx_word' id='word_1_394' title='bbox 1820 2851 1894 2912; x_wconf 92' lang='lat' dir='ltr'>pro-</span> 
     </span>
     <span class='ocr_line' id='line_1_34' title="bbox 185 2849 1892 2994; baseline -0.001 -19"><span class='ocrx_word' id='word_1_395' title='bbox 185 2915 280 2976; x_wconf 85' lang='lat' dir='ltr'>fiteri.</span> <span class='ocrx_word' id='word_1_396' title='bbox 303 2915 502 2994; x_wconf 83' lang='lat' dir='ltr'>Quapropter</span> <span class='ocrx_word' id='word_1_397' title='bbox 522 2933 593 2976; x_wconf 89' lang='lat' dir='ltr'>cum</span> <span class='ocrx_word' id='word_1_398' title='bbox 614 2915 765 2994; x_wconf 87' lang='lat' dir='ltr'>Origenes</span> <span class='ocrx_word' id='word_1_399' title='bbox 794 2915 826 2976; x_wconf 93' lang='lat' dir='ltr'>in</span> <span class='ocrx_word' id='word_1_400' title='bbox 856 2913 1025 2993; x_wconf 91' lang='lat' dir='ltr'>Scripturis</span> <span class='ocrx_word' id='word_1_401' title='bbox 1055 2911 1289 2992; x_wconf 85' lang='lat' dir='ltr'>interpretantis</span> <span class='ocrx_word' id='word_1_402' title='bbox 1319 2849 1452 2972; x_wconf 52' lang='lat' dir='ltr'>iliorum</span> <span class='ocrx_word' id='word_1_403' title='bbox 1484 2910 1625 2972; x_wconf 88' lang='lat' dir='ltr'>omnium</span> <span class='ocrx_word' id='word_1_404' title='bbox 1655 2915 1807 2990; x_wconf 90' lang='lat' dir='ltr'>tanquam</span> <span class='ocrx_word' id='word_1_405' title='bbox 1828 2913 1892 2974; x_wconf 87' lang='lat' dir='ltr'>dux</span> 
     </span>
     <span class='ocr_line' id='line_1_35' title="bbox 186 2990 1893 3087; baseline -0.001 -32"><span class='ocrx_word' id='word_1_406' title='bbox 186 3000 284 3087; x_wconf 91' lang='lat' dir='ltr'>atque</span> <span class='ocrx_word' id='word_1_407' title='bbox 305 2996 530 3074; x_wconf 86' lang='lat' dir='ltr'>antesignanus</span> <span class='ocrx_word' id='word_1_408' title='bbox 550 2997 729 3067; x_wconf 90' lang='lat' dir='ltr'>baberetur,</span> <span class='ocrx_word' id='word_1_409' title='bbox 752 3013 875 3056; x_wconf 87' lang='lat' dir='ltr'>necnon</span> <span class='ocrx_word' id='word_1_410' title='bbox 901 3012 939 3056; x_wconf 90' lang='lat' dir='ltr'>ex</span> <span class='ocrx_word' id='word_1_411' title='bbox 970 3013 1007 3055; x_wconf 90' lang='lat' dir='ltr'>eo</span> <span class='ocrx_word' id='word_1_412' title='bbox 1037 2993 1128 3072; x_wconf 91' lang='lat' dir='ltr'>quasi</span> <span class='ocrx_word' id='word_1_413' title='bbox 1157 3011 1174 3054; x_wconf 94' lang='lat' dir='ltr'>e</span> <span class='ocrx_word' id='word_1_414' title='bbox 1203 2990 1330 3071; x_wconf 89' lang='lat' dir='ltr'>publico</span> <span class='ocrx_word' id='word_1_415' title='bbox 1361 3009 1443 3070; x_wconf 89' lang='lat' dir='ltr'>penu</span> <span class='ocrx_word' id='word_1_416' title='bbox 1474 2990 1624 3070; x_wconf 90' lang='lat' dir='ltr'>pleraque</span> <span class='ocrx_word' id='word_1_417' title='bbox 1649 3011 1777 3054; x_wconf 90' lang='lat' dir='ltr'>suarum</span> <span class='ocrx_word' id='word_1_418' title='bbox 1799 3011 1893 3073; x_wconf 89' lang='lat' dir='ltr'>expu-</span> 
     </span>
     <span class='ocr_line' id='line_1_36' title="bbox 185 3071 1893 3155; baseline -0.001 -19"><span class='ocrx_word' id='word_1_419' title='bbox 185 3075 340 3136; x_wconf 85' lang='lat' dir='ltr'>sitronum</span> <span class='ocrx_word' id='word_1_420' title='bbox 359 3075 539 3137; x_wconf 88' lang='lat' dir='ltr'>hausissent</span> <span class='ocrx_word' id='word_1_421' title='bbox 559 3077 734 3155; x_wconf 87' lang='lat' dir='ltr'>superiores</span> <span class='ocrx_word' id='word_1_422' title='bbox 754 3078 883 3148; x_wconf 87' lang='lat' dir='ltr'>Patres;</span> <span class='ocrx_word' id='word_1_423' title='bbox 906 3075 1089 3135; x_wconf 77' lang='lat' dir='ltr'>Ambrosius</span> <span class='ocrx_word' id='word_1_424' title='bbox 1120 3090 1244 3152; x_wconf 91' lang='lat' dir='ltr'>quoque</span> <span class='ocrx_word' id='word_1_425' title='bbox 1275 3071 1433 3133; x_wconf 90' lang='lat' dir='ltr'>communi</span> <span class='ocrx_word' id='word_1_426' title='bbox 1463 3089 1496 3132; x_wconf 87' lang='lat' dir='ltr'>se</span> <span class='ocrx_word' id='word_1_427' title='bbox 1518 3089 1646 3132; x_wconf 90' lang='lat' dir='ltr'>usurum</span> <span class='ocrx_word' id='word_1_428' title='bbox 1668 3071 1740 3150; x_wconf 88' lang='lat' dir='ltr'>jure</span> <span class='ocrx_word' id='word_1_429' title='bbox 1761 3073 1893 3134; x_wconf 90' lang='lat' dir='ltr'>arbitra-</span> 
     </span>
     <span class='ocr_line' id='line_1_37' title="bbox 186 3151 1891 3248; baseline 0 -32"><span class='ocrx_word' id='word_1_430' title='bbox 186 3161 243 3216; x_wconf 88' lang='lat' dir='ltr'>tus</span> <span class='ocrx_word' id='word_1_431' title='bbox 262 3160 320 3227; x_wconf 78' lang='lat' dir='ltr'>ait,</span> <span class='ocrx_word' id='word_1_432' title='bbox 342 3156 369 3216; x_wconf 89' lang='lat' dir='ltr'>si</span> <span class='ocrx_word' id='word_1_433' title='bbox 390 3175 428 3216; x_wconf 88' lang='lat' dir='ltr'>ex</span> <span class='ocrx_word' id='word_1_434' title='bbox 449 3155 589 3235; x_wconf 88' lang='lat' dir='ltr'>ejusdem</span> <span class='ocrx_word' id='word_1_435' title='bbox 610 3157 784 3248; x_wconf 73' lang='lat' dir='ltr'>librisque</span> <span class='ocrx_word' id='word_1_436' title='bbox 804 3157 836 3217; x_wconf 93' lang='lat' dir='ltr'>in</span> <span class='ocrx_word' id='word_1_437' title='bbox 854 3173 921 3218; x_wconf 92' lang='lat' dir='ltr'>rem</span> <span class='ocrx_word' id='word_1_438' title='bbox 938 3174 1027 3215; x_wconf 90' lang='lat' dir='ltr'>suam</span> <span class='ocrx_word' id='word_1_439' title='bbox 1045 3154 1178 3233; x_wconf 91' lang='lat' dir='ltr'>putabat</span> <span class='ocrx_word' id='word_1_440' title='bbox 1196 3170 1376 3231; x_wconf 91' lang='lat' dir='ltr'>congruere,</span> <span class='ocrx_word' id='word_1_441' title='bbox 1399 3155 1606 3214; x_wconf 87' lang='lat' dir='ltr'>mutuaretur.</span> <span class='ocrx_word' id='word_1_442' title='bbox 1628 3151 1663 3212; x_wconf 93' lang='lat' dir='ltr'>In</span> <span class='ocrx_word' id='word_1_443' title='bbox 1683 3170 1745 3231; x_wconf 93' lang='lat' dir='ltr'>quo</span> <span class='ocrx_word' id='word_1_444' title='bbox 1766 3153 1891 3232; x_wconf 92' lang='lat' dir='ltr'>quidem</span> 
     </span>
     <span class='ocr_line' id='line_1_38' title="bbox 188 3232 1892 3316; baseline -0.001 -20"><span class='ocrx_word' id='word_1_445' title='bbox 188 3254 315 3296; x_wconf 83' lang='lat' dir='ltr'>summa</span> <span class='ocrx_word' id='word_1_446' title='bbox 336 3237 484 3297; x_wconf 90' lang='lat' dir='ltr'>utebatur</span> <span class='ocrx_word' id='word_1_447' title='bbox 504 3237 649 3298; x_wconf 90' lang='lat' dir='ltr'>cautione</span> <span class='ocrx_word' id='word_1_448' title='bbox 669 3243 700 3298; x_wconf 92' lang='lat' dir='ltr'>et</span> <span class='ocrx_word' id='word_1_449' title='bbox 717 3237 857 3316; x_wconf 81' lang='lat' dir='ltr'>Judici03</span> <span class='ocrx_word' id='word_1_450' title='bbox 881 3253 953 3298; x_wconf 90' lang='lat' dir='ltr'>eum</span> <span class='ocrx_word' id='word_1_451' title='bbox 974 3235 1058 3295; x_wconf 89' lang='lat' dir='ltr'>enirn</span> <span class='ocrx_word' id='word_1_452' title='bbox 1083 3233 1219 3313; x_wconf 91' lang='lat' dir='ltr'>plurima</span> <span class='ocrx_word' id='word_1_453' title='bbox 1249 3233 1282 3292; x_wconf 91' lang='lat' dir='ltr'>in</span> <span class='ocrx_word' id='word_1_454' title='bbox 1312 3232 1397 3292; x_wconf 91' lang='lat' dir='ltr'>illius</span> <span class='ocrx_word' id='word_1_455' title='bbox 1418 3232 1554 3292; x_wconf 89' lang='lat' dir='ltr'>aucturis</span> <span class='ocrx_word' id='word_1_456' title='bbox 1575 3233 1892 3295; x_wconf 90' lang='lat' dir='ltr'>commentationibus</span> 
     </span>
     <span class='ocr_line' id='line_1_39' title="bbox 186 3312 1891 3396; baseline -0.001 -20"><span class='ocrx_word' id='word_1_457' title='bbox 186 3315 370 3394; x_wconf 89' lang='lat' dir='ltr'>legerentur</span> <span class='ocrx_word' id='word_1_458' title='bbox 390 3335 462 3396; x_wconf 83' lang='lat' dir='ltr'>quia</span> <span class='ocrx_word' id='word_1_459' title='bbox 484 3335 547 3377; x_wconf 94' lang='lat' dir='ltr'>non</span> <span class='ocrx_word' id='word_1_460' title='bbox 567 3317 776 3396; x_wconf 88' lang='lat' dir='ltr'>probarentur</span> <span class='ocrx_word' id='word_1_461' title='bbox 796 3317 837 3377; x_wconf 88' lang='lat' dir='ltr'>ab</span> <span class='ocrx_word' id='word_1_462' title='bbox 858 3316 1006 3388; x_wconf 78' lang='lat' dir='ltr'>Ecclesia,</span> <span class='ocrx_word' id='word_1_463' title='bbox 1030 3314 1081 3375; x_wconf 87' lang='lat' dir='ltr'>his</span> <span class='ocrx_word' id='word_1_464' title='bbox 1110 3312 1348 3391; x_wconf 88' lang='lat' dir='ltr'>diligentissime</span> <span class='ocrx_word' id='word_1_465' title='bbox 1377 3312 1493 3385; x_wconf 88' lang='lat' dir='ltr'>vitatis,</span> <span class='ocrx_word' id='word_1_466' title='bbox 1526 3312 1711 3391; x_wconf 90' lang='lat' dir='ltr'>providebat</span> <span class='ocrx_word' id='word_1_467' title='bbox 1733 3330 1771 3373; x_wconf 89' lang='lat' dir='ltr'>ne</span> <span class='ocrx_word' id='word_1_468' title='bbox 1793 3315 1891 3392; x_wconf 90' lang='lat' dir='ltr'>pabu-</span> 
     </span>
     <span class='ocr_line' id='line_1_40' title="bbox 186 3392 1940 3472; baseline -0.001 -17"><span class='ocrx_word' id='word_1_469' title='bbox 186 3395 257 3456; x_wconf 90' lang='lat' dir='ltr'>lum</span> <span class='ocrx_word' id='word_1_470' title='bbox 280 3395 378 3456; x_wconf 91' lang='lat' dir='ltr'>ullum</span> <span class='ocrx_word' id='word_1_471' title='bbox 400 3397 511 3458; x_wconf 90' lang='lat' dir='ltr'>ovibus</span> <span class='ocrx_word' id='word_1_472' title='bbox 541 3397 604 3457; x_wconf 89' lang='lat' dir='ltr'>suis</span> <span class='ocrx_word' id='word_1_473' title='bbox 635 3398 738 3458; x_wconf 91' lang='lat' dir='ltr'>minus</span> <span class='ocrx_word' id='word_1_474' title='bbox 767 3415 878 3458; x_wconf 89' lang='lat' dir='ltr'>sanum</span> <span class='ocrx_word' id='word_1_475' title='bbox 909 3401 964 3456; x_wconf 86' lang='lat' dir='ltr'>aut</span> <span class='ocrx_word' id='word_1_476' title='bbox 993 3395 1147 3455; x_wconf 90' lang='lat' dir='ltr'>sincerum</span> <span class='ocrx_word' id='word_1_477' title='bbox 1179 3397 1360 3472; x_wconf 86' lang='lat' dir='ltr'>apponeret.</span> <span class='ocrx_word' id='word_1_478' title='bbox 1393 3392 1550 3453; x_wconf 91' lang='lat' dir='ltr'>Nonnulla</span> <span class='ocrx_word' id='word_1_479' title='bbox 1572 3411 1697 3472; x_wconf 87' lang='lat' dir='ltr'>quoque</span> <span class='ocrx_word' id='word_1_480' title='bbox 1719 3394 1891 3472; x_wconf 90' lang='lat' dir='ltr'>reperimus</span> <span class='ocrx_word' id='word_1_481' title='bbox 1938 3411 1940 3415; x_wconf 86' lang='lat'>·</span> 
     </span>
     <span class='ocr_line' id='line_1_41' title="bbox 184 3473 1892 3557; baseline -0.001 -21"><span class='ocrx_word' id='word_1_482' title='bbox 184 3476 222 3536; x_wconf 93' lang='lat' dir='ltr'>in</span> <span class='ocrx_word' id='word_1_483' title='bbox 244 3475 313 3554; x_wconf 89' lang='lat' dir='ltr'>ejus</span> <span class='ocrx_word' id='word_1_484' title='bbox 333 3477 459 3556; x_wconf 86' lang='lat' dir='ltr'>scriptis</span> <span class='ocrx_word' id='word_1_485' title='bbox 479 3497 549 3555; x_wconf 83' lang='lat' dir='ltr'>quae</span> <span class='ocrx_word' id='word_1_486' title='bbox 570 3478 670 3557; x_wconf 89' lang='lat' dir='ltr'>petita</span> <span class='ocrx_word' id='word_1_487' title='bbox 691 3478 804 3538; x_wconf 90' lang='lat' dir='ltr'>fuerint</span> <span class='ocrx_word' id='word_1_488' title='bbox 825 3495 863 3538; x_wconf 85' lang='lat' dir='ltr'>ex</span> <span class='ocrx_word' id='word_1_489' title='bbox 883 3474 1011 3547; x_wconf 90' lang='lat' dir='ltr'>Basilio,</span> <span class='ocrx_word' id='word_1_490' title='bbox 1045 3476 1098 3536; x_wconf 89' lang='lat' dir='ltr'>sed</span> <span class='ocrx_word' id='word_1_491' title='bbox 1127 3473 1204 3534; x_wconf 93' lang='lat' dir='ltr'>iilud</span> <span class='ocrx_word' id='word_1_492' title='bbox 1236 3473 1383 3534; x_wconf 78' lang='lat' dir='ltr'>amicitiae</span> <span class='ocrx_word' id='word_1_493' title='bbox 1414 3491 1508 3551; x_wconf 91' lang='lat' dir='ltr'>quarn</span> <span class='ocrx_word' id='word_1_494' title='bbox 1530 3473 1613 3535; x_wconf 89' lang='lat' dir='ltr'>inter</span> <span class='ocrx_word' id='word_1_495' title='bbox 1637 3479 1804 3554; x_wconf 90' lang='lat' dir='ltr'>utrumque</span> <span class='ocrx_word' id='word_1_496' title='bbox 1825 3493 1892 3534; x_wconf 91' lang='lat' dir='ltr'>rnu-</span> 
     </span>
     <span class='ocr_line' id='line_1_42' title="bbox 185 3552 1892 3638; baseline -0.001 -22"><span class='ocrx_word' id='word_1_497' title='bbox 185 3562 244 3616; x_wconf 92' lang='lat' dir='ltr'>tua</span> <span class='ocrx_word' id='word_1_498' title='bbox 264 3557 390 3617; x_wconf 69' lang='lat' dir='ltr'>vinastis</span> <span class='ocrx_word' id='word_1_499' title='bbox 411 3557 518 3638; x_wconf 91' lang='lat' dir='ltr'>opinio</span> <span class='ocrx_word' id='word_1_500' title='bbox 539 3557 666 3628; x_wconf 91' lang='lat' dir='ltr'>coierat,</span> <span class='ocrx_word' id='word_1_501' title='bbox 689 3557 889 3619; x_wconf 79' lang='lat' dir='ltr'>Ambrosium</span> <span class='ocrx_word' id='word_1_502' title='bbox 918 3557 1040 3618; x_wconf 88' lang='lat' dir='ltr'>dedisse</span> <span class='ocrx_word' id='word_1_503' title='bbox 1071 3558 1283 3626; x_wconf 87' lang='lat' dir='ltr'>autumamus,</span> <span class='ocrx_word' id='word_1_504' title='bbox 1315 3558 1349 3614; x_wconf 92' lang='lat' dir='ltr'>ut</span> <span class='ocrx_word' id='word_1_505' title='bbox 1379 3558 1571 3632; x_wconf 83' lang='lat' dir='ltr'>praeeuntem</span> <span class='ocrx_word' id='word_1_506' title='bbox 1597 3552 1697 3626; x_wconf 86' lang='lat' dir='ltr'>iilum,</span> <span class='ocrx_word' id='word_1_507' title='bbox 1721 3553 1821 3614; x_wconf 90' lang='lat' dir='ltr'>sicubi</span> <span class='ocrx_word' id='word_1_508' title='bbox 1842 3573 1892 3615; x_wconf 92' lang='lat' dir='ltr'>oc-</span> 
     </span>
     <span class='ocr_line' id='line_1_43' title="bbox 187 3633 1891 3717; baseline -0.001 -21"><span class='ocrx_word' id='word_1_509' title='bbox 187 3635 277 3697; x_wconf 86' lang='lat' dir='ltr'>casio</span> <span class='ocrx_word' id='word_1_510' title='bbox 297 3638 343 3696; x_wconf 89' lang='lat' dir='ltr'>ita</span> <span class='ocrx_word' id='word_1_511' title='bbox 361 3638 467 3710; x_wconf 89' lang='lat' dir='ltr'>ferret,</span> <span class='ocrx_word' id='word_1_512' title='bbox 504 3657 567 3699; x_wconf 90' lang='lat' dir='ltr'>non</span> <span class='ocrx_word' id='word_1_513' title='bbox 601 3637 759 3700; x_wconf 86' lang='lat' dir='ltr'>illibenter</span> <span class='ocrx_word' id='word_1_514' title='bbox 791 3642 981 3717; x_wconf 90' lang='lat' dir='ltr'>sequeretur.</span> <span class='ocrx_word' id='word_1_515' title='bbox 1015 3635 1142 3697; x_wconf 88' lang='lat' dir='ltr'>Duobus</span> <span class='ocrx_word' id='word_1_516' title='bbox 1172 3633 1354 3694; x_wconf 90' lang='lat' dir='ltr'>memoratis</span> <span class='ocrx_word' id='word_1_517' title='bbox 1384 3634 1529 3695; x_wconf 87' lang='lat' dir='ltr'>Patribus</span> <span class='ocrx_word' id='word_1_518' title='bbox 1559 3635 1687 3713; x_wconf 87' lang='lat' dir='ltr'>insuper</span> <span class='ocrx_word' id='word_1_519' title='bbox 1711 3633 1791 3695; x_wconf 87' lang='lat' dir='ltr'>alios</span> <span class='ocrx_word' id='word_1_520' title='bbox 1811 3634 1891 3694; x_wconf 92' lang='lat' dir='ltr'>duos</span> 
     </span>
     <span class='ocr_line' id='line_1_44' title="bbox 185 3713 1891 3806; baseline -0.001 -29"><span class='ocrx_word' id='word_1_521' title='bbox 185 3716 278 3777; x_wconf 90' lang='lat' dir='ltr'>addit</span> <span class='ocrx_word' id='word_1_522' title='bbox 298 3717 518 3796; x_wconf 80' lang='lat' dir='ltr'>Hieronymus,</span> <span class='ocrx_word' id='word_1_523' title='bbox 542 3718 710 3798; x_wconf 87' lang='lat' dir='ltr'>Didymum</span> <span class='ocrx_word' id='word_1_524' title='bbox 731 3720 771 3779; x_wconf 87' lang='lat' dir='ltr'>de</span> <span class='ocrx_word' id='word_1_525' title='bbox 792 3736 855 3797; x_wconf 91' lang='lat' dir='ltr'>quo</span> <span class='ocrx_word' id='word_1_526' title='bbox 875 3718 907 3777; x_wconf 93' lang='lat' dir='ltr'>in</span> <span class='ocrx_word' id='word_1_527' title='bbox 929 3715 1143 3778; x_wconf 88' lang='lat' dir='ltr'>admonitione</span> <span class='ocrx_word' id='word_1_528' title='bbox 1173 3714 1212 3774; x_wconf 92' lang='lat' dir='ltr'>ad</span> <span class='ocrx_word' id='word_1_529' title='bbox 1242 3713 1340 3774; x_wconf 92' lang='lat' dir='ltr'>libros</span> <span class='ocrx_word' id='word_1_530' title='bbox 1369 3713 1408 3774; x_wconf 93' lang='lat' dir='ltr'>de</span> <span class='ocrx_word' id='word_1_531' title='bbox 1439 3714 1556 3806; x_wconf 89' lang='lat' dir='ltr'>Spiritu</span> <span class='ocrx_word' id='word_1_532' title='bbox 1577 3720 1697 3786; x_wconf 90' lang='lat' dir='ltr'>sancto,</span> <span class='ocrx_word' id='word_1_533' title='bbox 1722 3719 1751 3774; x_wconf 91' lang='lat' dir='ltr'>ct</span> <span class='ocrx_word' id='word_1_534' title='bbox 1773 3713 1891 3794; x_wconf 86' lang='lat' dir='ltr'>Hippo-</span> 
     </span>
     <span class='ocr_line' id='line_1_45' title="bbox 182 3794 1890 3878; baseline 0 -22"><span class='ocrx_word' id='word_1_535' title='bbox 182 3796 290 3876; x_wconf 81' lang='lat' dir='ltr'>lytum</span> <span class='ocrx_word' id='word_1_536' title='bbox 321 3803 512 3876; x_wconf 88' lang='lat' dir='ltr'>martyrem;</span> <span class='ocrx_word' id='word_1_537' title='bbox 542 3799 597 3860; x_wconf 90' lang='lat' dir='ltr'>sed</span> <span class='ocrx_word' id='word_1_538' title='bbox 632 3817 702 3859; x_wconf 90' lang='lat' dir='ltr'>cum</span> <span class='ocrx_word' id='word_1_539' title='bbox 737 3798 833 3878; x_wconf 89' lang='lat' dir='ltr'>hujus</span> <span class='ocrx_word' id='word_1_540' title='bbox 867 3816 961 3877; x_wconf 89' lang='lat' dir='ltr'>opera</span> <span class='ocrx_word' id='word_1_541' title='bbox 995 3802 1174 3876; x_wconf 89' lang='lat' dir='ltr'>tempomm</span> <span class='ocrx_word' id='word_1_542' title='bbox 1210 3794 1373 3874; x_wconf 89' lang='lat' dir='ltr'>iniquitate</span> <span class='ocrx_word' id='word_1_543' title='bbox 1403 3795 1562 3872; x_wconf 88' lang='lat' dir='ltr'>perierint,</span> <span class='ocrx_word' id='word_1_544' title='bbox 1595 3796 1678 3874; x_wconf 92' lang='lat' dir='ltr'>quod</span> <span class='ocrx_word' id='word_1_545' title='bbox 1708 3795 1890 3874; x_wconf 81' lang='lat' dir='ltr'>Hieronymi</span> 
     </span>
     <span class='ocr_line' id='line_1_46' title="bbox 183 3873 1510 3958; baseline -0.002 -20"><span class='ocrx_word' id='word_1_546' title='bbox 183 3875 376 3955; x_wconf 84' lang='lat' dir='ltr'>adjiciamus</span> <span class='ocrx_word' id='word_1_547' title='bbox 395 3879 587 3952; x_wconf 87' lang='lat' dir='ltr'>testimonio,</span> <span class='ocrx_word' id='word_1_548' title='bbox 610 3879 690 3939; x_wconf 92' lang='lat' dir='ltr'>nibil</span> <span class='ocrx_word' id='word_1_549' title='bbox 711 3880 873 3940; x_wconf 91' lang='lat' dir='ltr'>habemus.</span> <span class='ocrx_word' id='word_1_550' title='bbox 891 3879 901 3958; x_wconf 79' lang='lat' dir='ltr'>t</span> <span class='ocrx_word' id='word_1_551' title='bbox 911 3877 978 3939; x_wconf 82' lang='lat' dir='ltr'>l‘i&#39;de</span> <span class='ocrx_word' id='word_1_552' title='bbox 990 3875 1144 3939; x_wconf 82' lang='lat' dir='ltr'>Adinoni&#39;t.</span> <span class='ocrx_word' id='word_1_553' title='bbox 1159 3883 1292 3936; x_wconf 86' lang='lat' dir='ltr'>nostruin</span> <span class='ocrx_word' id='word_1_554' title='bbox 1307 3875 1338 3934; x_wconf 87' lang='lat' dir='ltr'>in</span> <span class='ocrx_word' id='word_1_555' title='bbox 1352 3873 1510 3952; x_wconf 77' lang='lat' dir='ltr'>Hennam.)</span> 
     </span>
    </p>

    <p class='ocr_par' dir='ltr' id='par_1_3' title="bbox 177 3951 1949 5298">
     <span class='ocr_line' id='line_1_47' title="bbox 227 3951 1890 4024; baseline -0.002 -6"><span class='ocrx_word' id='word_1_556' title='bbox 227 3957 408 4018; x_wconf 89' lang='lat' dir='ltr'>Secundum</span> <span class='ocrx_word' id='word_1_557' title='bbox 429 3959 575 4020; x_wconf 72' lang='lat' dir='ltr'>Ecclesia</span> <span class='ocrx_word' id='word_1_558' title='bbox 595 3959 705 4020; x_wconf 87' lang='lat' dir='ltr'>Patres</span> <span class='ocrx_word' id='word_1_559' title='bbox 733 3959 960 4020; x_wconf 88' lang='lat' dir='ltr'>nominandum</span> <span class='ocrx_word' id='word_1_560' title='bbox 990 3974 1153 4018; x_wconf 87' lang='lat' dir='ltr'>censemus</span> <span class='ocrx_word' id='word_1_561' title='bbox 1184 3954 1348 4017; x_wconf 88' lang='lat' dir='ltr'>Philonem</span> <span class='ocrx_word' id='word_1_562' title='bbox 1378 3955 1534 4024; x_wconf 81' lang='lat' dir='ltr'>tudaeum,</span> <span class='ocrx_word' id='word_1_563' title='bbox 1566 3951 1667 4015; x_wconf 89' lang='lat' dir='ltr'>virum</span> <span class='ocrx_word' id='word_1_564' title='bbox 1690 3954 1799 4016; x_wconf 84' lang='lat' dir='ltr'>multae</span> <span class='ocrx_word' id='word_1_565' title='bbox 1821 3973 1890 4016; x_wconf 89' lang='lat' dir='ltr'>eru-</span> 
     </span>
     <span class='ocr_line' id='line_1_48' title="bbox 181 4034 1890 4119; baseline -0.002 -21"><span class='ocrx_word' id='word_1_566' title='bbox 181 4037 329 4109; x_wconf 88' lang='lat' dir='ltr'>ditionis,</span> <span class='ocrx_word' id='word_1_567' title='bbox 358 4056 453 4117; x_wconf 90' lang='lat' dir='ltr'>quem</span> <span class='ocrx_word' id='word_1_568' title='bbox 483 4038 659 4118; x_wconf 89' lang='lat' dir='ltr'>allegoricis</span> <span class='ocrx_word' id='word_1_569' title='bbox 688 4039 998 4119; x_wconf 88' lang='lat' dir='ltr'>interpretationibus</span> <span class='ocrx_word' id='word_1_570' title='bbox 1028 4037 1244 4116; x_wconf 90' lang='lat' dir='ltr'>indulgentem</span> <span class='ocrx_word' id='word_1_571' title='bbox 1274 4035 1350 4096; x_wconf 90' lang='lat' dir='ltr'>satis</span> <span class='ocrx_word' id='word_1_572' title='bbox 1380 4036 1559 4114; x_wconf 88' lang='lat' dir='ltr'>frequenter</span> <span class='ocrx_word' id='word_1_573' title='bbox 1587 4034 1728 4096; x_wconf 89' lang='lat' dir='ltr'>imitatus</span> <span class='ocrx_word' id='word_1_574' title='bbox 1753 4039 1799 4096; x_wconf 89' lang='lat' dir='ltr'>est</span> <span class='ocrx_word' id='word_1_575' title='bbox 1822 4054 1890 4096; x_wconf 88' lang='lat' dir='ltr'>sau-</span> 
     </span>
     <span class='ocr_line' id='line_1_49' title="bbox 183 4115 1890 4198; baseline 0 -21"><span class='ocrx_word' id='word_1_576' title='bbox 183 4123 256 4178; x_wconf 89' lang='lat' dir='ltr'>ctus</span> <span class='ocrx_word' id='word_1_577' title='bbox 278 4121 405 4179; x_wconf 68' lang='lat' dir='ltr'>Doctori</span> <span class='ocrx_word' id='word_1_578' title='bbox 428 4119 504 4180; x_wconf 89' lang='lat' dir='ltr'>lude</span> <span class='ocrx_word' id='word_1_579' title='bbox 524 4125 572 4180; x_wconf 88' lang='lat' dir='ltr'>cst</span> <span class='ocrx_word' id='word_1_580' title='bbox 601 4119 685 4198; x_wconf 89' lang='lat' dir='ltr'>quod</span> <span class='ocrx_word' id='word_1_581' title='bbox 715 4119 777 4180; x_wconf 91' lang='lat' dir='ltr'>loci</span> <span class='ocrx_word' id='word_1_582' title='bbox 806 4119 950 4182; x_wconf 91' lang='lat' dir='ltr'>nonnulli</span> <span class='ocrx_word' id='word_1_583' title='bbox 979 4117 1259 4178; x_wconf 77' lang='lat' dir='ltr'>Ambrosianorum</span> <span class='ocrx_word' id='word_1_584' title='bbox 1286 4133 1415 4194; x_wconf 90' lang='lat' dir='ltr'>operum</span> <span class='ocrx_word' id='word_1_585' title='bbox 1447 4115 1571 4176; x_wconf 90' lang='lat' dir='ltr'>obscuri</span> <span class='ocrx_word' id='word_1_586' title='bbox 1590 4115 1757 4176; x_wconf 90' lang='lat' dir='ltr'>videantur</span> <span class='ocrx_word' id='word_1_587' title='bbox 1777 4116 1814 4177; x_wconf 91' lang='lat' dir='ltr'>iis</span> <span class='ocrx_word' id='word_1_588' title='bbox 1836 4116 1890 4194; x_wconf 91' lang='lat' dir='ltr'>qui</span> 
     </span>
     <span class='ocr_line' id='line_1_50' title="bbox 182 4195 1889 4278; baseline -0.001 -20"><span class='ocrx_word' id='word_1_589' title='bbox 182 4197 329 4276; x_wconf 86' lang='lat' dir='ltr'>ejusdem</span> <span class='ocrx_word' id='word_1_590' title='bbox 351 4197 493 4260; x_wconf 88' lang='lat' dir='ltr'>Philonis</span> <span class='ocrx_word' id='word_1_591' title='bbox 514 4218 553 4260; x_wconf 91' lang='lat' dir='ltr'>ex</span> <span class='ocrx_word' id='word_1_592' title='bbox 574 4218 636 4277; x_wconf 93' lang='lat' dir='ltr'>quo</span> <span class='ocrx_word' id='word_1_593' title='bbox 657 4200 815 4278; x_wconf 89' lang='lat' dir='ltr'>desumpti</span> <span class='ocrx_word' id='word_1_594' title='bbox 836 4205 918 4272; x_wconf 92' lang='lat' dir='ltr'>sunt,</span> <span class='ocrx_word' id='word_1_595' title='bbox 951 4198 1135 4259; x_wconf 89' lang='lat' dir='ltr'>methodum</span> <span class='ocrx_word' id='word_1_596' title='bbox 1166 4215 1229 4257; x_wconf 91' lang='lat' dir='ltr'>non</span> <span class='ocrx_word' id='word_1_597' title='bbox 1259 4195 1336 4256; x_wconf 90' lang='lat' dir='ltr'>satis</span> <span class='ocrx_word' id='word_1_598' title='bbox 1363 4201 1487 4256; x_wconf 92' lang='lat' dir='ltr'>norunt.</span> <span class='ocrx_word' id='word_1_599' title='bbox 1512 4195 1600 4269; x_wconf 84' lang='lat' dir='ltr'>Quod</span> <span class='ocrx_word' id='word_1_600' title='bbox 1622 4195 1666 4256; x_wconf 89' lang='lat' dir='ltr'>ibi</span> <span class='ocrx_word' id='word_1_601' title='bbox 1691 4196 1889 4274; x_wconf 87' lang='lat' dir='ltr'>potissimum</span> 
     </span>
     <span class='ocr_line' id='line_1_51' title="bbox 182 4274 1890 4359; baseline 0.001 -22"><span class='ocrx_word' id='word_1_602' title='bbox 182 4277 352 4357; x_wconf 89' lang='lat' dir='ltr'>contingit,</span> <span class='ocrx_word' id='word_1_603' title='bbox 378 4279 432 4338; x_wconf 92' lang='lat' dir='ltr'>ubi</span> <span class='ocrx_word' id='word_1_604' title='bbox 452 4279 503 4339; x_wconf 91' lang='lat' dir='ltr'>vel</span> <span class='ocrx_word' id='word_1_605' title='bbox 523 4279 686 4359; x_wconf 92' lang='lat' dir='ltr'>proprium</span> <span class='ocrx_word' id='word_1_606' title='bbox 707 4279 836 4358; x_wconf 89' lang='lat' dir='ltr'>aliquod</span> <span class='ocrx_word' id='word_1_607' title='bbox 865 4279 1055 4339; x_wconf 88' lang='lat' dir='ltr'>vocabulum</span> <span class='ocrx_word' id='word_1_608' title='bbox 1080 4277 1131 4338; x_wconf 89' lang='lat' dir='ltr'>vel</span> <span class='ocrx_word' id='word_1_609' title='bbox 1162 4282 1359 4339; x_wconf 89' lang='lat' dir='ltr'>occurrentes</span> <span class='ocrx_word' id='word_1_610' title='bbox 1387 4277 1509 4337; x_wconf 90' lang='lat' dir='ltr'>numeri</span> <span class='ocrx_word' id='word_1_611' title='bbox 1539 4275 1578 4336; x_wconf 89' lang='lat' dir='ltr'>ad</span> <span class='ocrx_word' id='word_1_612' title='bbox 1599 4274 1794 4338; x_wconf 90' lang='lat' dir='ltr'>subtiliorem</span> <span class='ocrx_word' id='word_1_613' title='bbox 1816 4275 1890 4338; x_wconf 92' lang='lat' dir='ltr'>alie·</span> 
     </span>
     <span class='ocr_line' id='line_1_52' title="bbox 181 4356 1889 4439; baseline 0 -21"><span class='ocrx_word' id='word_1_614' title='bbox 181 4358 309 4437; x_wconf 88' lang='lat' dir='ltr'>goriam</span> <span class='ocrx_word' id='word_1_615' title='bbox 330 4359 571 4419; x_wconf 88' lang='lat' dir='ltr'>transferuntur.</span> <span class='ocrx_word' id='word_1_616' title='bbox 601 4359 651 4419; x_wconf 89' lang='lat' dir='ltr'>Sic</span> <span class='ocrx_word' id='word_1_617' title='bbox 682 4362 829 4421; x_wconf 90' lang='lat' dir='ltr'>Erasmus</span> <span class='ocrx_word' id='word_1_618' title='bbox 859 4360 925 4439; x_wconf 89' lang='lat' dir='ltr'>ipse</span> <span class='ocrx_word' id='word_1_619' title='bbox 955 4359 1081 4419; x_wconf 91' lang='lat' dir='ltr'>cuidam</span> <span class='ocrx_word' id='word_1_620' title='bbox 1112 4357 1182 4418; x_wconf 91' lang='lat' dir='ltr'>loco</span> <span class='ocrx_word' id='word_1_621' title='bbox 1213 4356 1388 4417; x_wconf 90' lang='lat' dir='ltr'>censoriam</span> <span class='ocrx_word' id='word_1_622' title='bbox 1419 4357 1501 4417; x_wconf 92' lang='lat' dir='ltr'>hanc</span> <span class='ocrx_word' id='word_1_623' title='bbox 1531 4356 1642 4417; x_wconf 91' lang='lat' dir='ltr'>inussit</span> <span class='ocrx_word' id='word_1_624' title='bbox 1672 4362 1805 4417; x_wconf 90' lang='lat' dir='ltr'>notam:</span> <span class='ocrx_word' id='word_1_625' title='bbox 1828 4356 1889 4418; x_wconf 87' lang='lat' dir='ltr'>Hi&#39;c</span> 
     </span>
     <span class='ocr_line' id='line_1_53' title="bbox 183 4434 1889 4533; baseline 0 -35"><span class='ocrx_word' id='word_1_626' title='bbox 183 4436 318 4514; x_wconf 74' lang='lat' dir='ltr'>uidetur,</span> <span class='ocrx_word' id='word_1_627' title='bbox 335 4439 448 4518; x_wconf 91' lang='lat' dir='ltr'>inquit,</span> <span class='ocrx_word' id='word_1_628' title='bbox 471 4438 913 4533; x_wconf 75' lang='lat' dir='ltr'>uli&#39;qni&#39;sudiuiiseiuusnuqes</span> <span class='ocrx_word' id='word_1_629' title='bbox 936 4439 1014 4521; x_wconf 84' lang='lat' dir='ltr'>(tib.</span> <span class='ocrx_word' id='word_1_630' title='bbox 1047 4455 1069 4498; x_wconf 88' lang='grc' dir='ltr'>ιι</span> <span class='ocrx_word' id='word_1_631' title='bbox 1098 4436 1134 4498; x_wconf 89' lang='lat' dir='ltr'>de</span> <span class='ocrx_word' id='word_1_632' title='bbox 1164 4434 1277 4498; x_wconf 77' lang='lat' dir='ltr'>Adron.</span> <span class='ocrx_word' id='word_1_633' title='bbox 1311 4437 1343 4497; x_wconf 94' lang='lat' dir='ltr'>in</span> <span class='ocrx_word' id='word_1_634' title='bbox 1373 4455 1473 4516; x_wconf 89' lang='lat' dir='ltr'>marg.</span> <span class='ocrx_word' id='word_1_635' title='bbox 1504 4455 1572 4515; x_wconf 91' lang='lat' dir='ltr'>cap.</span> <span class='ocrx_word' id='word_1_636' title='bbox 1598 4437 1666 4518; x_wconf 89' lang='lat' dir='ltr'>ii);</span> <span class='ocrx_word' id='word_1_637' title='bbox 1691 4454 1762 4497; x_wconf 89' lang='lat' dir='ltr'>cuin</span> <span class='ocrx_word' id='word_1_638' title='bbox 1783 4443 1889 4498; x_wconf 89' lang='lat' dir='ltr'>tamen</span> 
     </span>
     <span class='ocr_line' id='line_1_54' title="bbox 182 4516 1889 4598; baseline -0.001 -20"><span class='ocrx_word' id='word_1_639' title='bbox 182 4519 330 4579; x_wconf 90' lang='lat' dir='ltr'>eamdem</span> <span class='ocrx_word' id='word_1_640' title='bbox 352 4520 539 4580; x_wconf 86' lang='lat' dir='ltr'>sententiam</span> <span class='ocrx_word' id='word_1_641' title='bbox 561 4520 677 4580; x_wconf 90' lang='lat' dir='ltr'>eisdem</span> <span class='ocrx_word' id='word_1_642' title='bbox 698 4520 762 4580; x_wconf 89' lang='lat' dir='ltr'>fere</span> <span class='ocrx_word' id='word_1_643' title='bbox 782 4520 886 4580; x_wconf 90' lang='lat' dir='ltr'>verbis</span> <span class='ocrx_word' id='word_1_644' title='bbox 907 4521 991 4598; x_wconf 92' lang='lat' dir='ltr'>apud</span> <span class='ocrx_word' id='word_1_645' title='bbox 1012 4518 1177 4581; x_wconf 92' lang='lat' dir='ltr'>Philonem</span> <span class='ocrx_word' id='word_1_646' title='bbox 1198 4517 1338 4578; x_wconf 92' lang='lat' dir='ltr'>invenire</span> <span class='ocrx_word' id='word_1_647' title='bbox 1354 4516 1402 4577; x_wconf 91' lang='lat' dir='ltr'>sit.</span> <span class='ocrx_word' id='word_1_648' title='bbox 1422 4517 1481 4578; x_wconf 90' lang='lat' dir='ltr'>Sed</span> <span class='ocrx_word' id='word_1_649' title='bbox 1502 4535 1567 4578; x_wconf 92' lang='lat' dir='ltr'>non</span> <span class='ocrx_word' id='word_1_650' title='bbox 1589 4535 1625 4578; x_wconf 89' lang='lat' dir='ltr'>eo</span> <span class='ocrx_word' id='word_1_651' title='bbox 1647 4519 1772 4578; x_wconf 90' lang='lat' dir='ltr'>nomine</span> <span class='ocrx_word' id='word_1_652' title='bbox 1787 4517 1889 4598; x_wconf 91' lang='lat' dir='ltr'>priva-</span> 
     </span>
     <span class='ocr_line' id='line_1_55' title="bbox 182 4595 1886 4676; baseline 0.001 -19"><span class='ocrx_word' id='word_1_653' title='bbox 182 4598 242 4657; x_wconf 90' lang='lat' dir='ltr'>tim</span> <span class='ocrx_word' id='word_1_654' title='bbox 262 4599 459 4659; x_wconf 88' lang='lat' dir='ltr'>accusandus</span> <span class='ocrx_word' id='word_1_655' title='bbox 479 4598 572 4660; x_wconf 90' lang='lat' dir='ltr'>fuerit</span> <span class='ocrx_word' id='word_1_656' title='bbox 593 4604 720 4659; x_wconf 87' lang='lat' dir='ltr'>sanctus</span> <span class='ocrx_word' id='word_1_657' title='bbox 740 4601 866 4672; x_wconf 87' lang='lat' dir='ltr'>Ductor,</span> <span class='ocrx_word' id='word_1_658' title='bbox 889 4618 960 4660; x_wconf 91' lang='lat' dir='ltr'>cum</span> <span class='ocrx_word' id='word_1_659' title='bbox 991 4599 1022 4660; x_wconf 93' lang='lat' dir='ltr'>id</span> <span class='ocrx_word' id='word_1_660' title='bbox 1052 4599 1128 4658; x_wconf 88' lang='lat' dir='ltr'>satis</span> <span class='ocrx_word' id='word_1_661' title='bbox 1149 4597 1303 4658; x_wconf 91' lang='lat' dir='ltr'>familiare</span> <span class='ocrx_word' id='word_1_662' title='bbox 1333 4595 1388 4656; x_wconf 92' lang='lat' dir='ltr'>alii</span> <span class='ocrx_word' id='word_1_663' title='bbox 1418 4615 1543 4676; x_wconf 85' lang='lat' dir='ltr'>quoque</span> <span class='ocrx_word' id='word_1_664' title='bbox 1573 4600 1681 4660; x_wconf 91' lang='lat' dir='ltr'>Patres</span> <span class='ocrx_word' id='word_1_665' title='bbox 1706 4597 1886 4672; x_wconf 87' lang='lat' dir='ltr'>habuerint,</span> 
     </span>
     <span class='ocr_line' id='line_1_56' title="bbox 182 4677 1886 4759; baseline 0.001 -23"><span class='ocrx_word' id='word_1_666' title='bbox 182 4682 221 4737; x_wconf 92' lang='lat' dir='ltr'>ut</span> <span class='ocrx_word' id='word_1_667' title='bbox 252 4677 442 4758; x_wconf 86' lang='lat' dir='ltr'>allegoricos</span> <span class='ocrx_word' id='word_1_668' title='bbox 475 4678 752 4759; x_wconf 89' lang='lat' dir='ltr'>tropologicosqua</span> <span class='ocrx_word' id='word_1_669' title='bbox 786 4698 894 4741; x_wconf 88' lang='lat' dir='ltr'>sensus</span> <span class='ocrx_word' id='word_1_670' title='bbox 927 4680 1144 4758; x_wconf 89' lang='lat' dir='ltr'>indagarent;</span> <span class='ocrx_word' id='word_1_671' title='bbox 1182 4677 1275 4756; x_wconf 92' lang='lat' dir='ltr'>inque</span> <span class='ocrx_word' id='word_1_672' title='bbox 1310 4677 1448 4738; x_wconf 90' lang='lat' dir='ltr'>numeris</span> <span class='ocrx_word' id='word_1_673' title='bbox 1481 4677 1600 4740; x_wconf 87' lang='lat' dir='ltr'>includi</span> <span class='ocrx_word' id='word_1_674' title='bbox 1625 4677 1751 4758; x_wconf 91' lang='lat' dir='ltr'>tegique</span> <span class='ocrx_word' id='word_1_675' title='bbox 1772 4697 1823 4739; x_wconf 91' lang='lat' dir='ltr'>ma</span> <span class='ocrx_word' id='word_1_676' title='bbox 1847 4697 1886 4737; x_wconf 92' lang='lat' dir='ltr'>na</span> 
     </span>
     <span class='ocr_line' id='line_1_57' title="bbox 180 4697 1886 4839; baseline -0.002 -21"><span class='ocrx_word' id='word_1_677' title='bbox 180 4757 334 4835; x_wconf 82' lang='lat' dir='ltr'>mysteria</span> <span class='ocrx_word' id='word_1_678' title='bbox 355 4758 581 4831; x_wconf 89' lang='lat' dir='ltr'>existimarent,</span> <span class='ocrx_word' id='word_1_679' title='bbox 605 4778 675 4839; x_wconf 83' lang='lat' dir='ltr'>quae</span> <span class='ocrx_word' id='word_1_680' title='bbox 710 4759 836 4839; x_wconf 89' lang='lat' dir='ltr'>populis</span> <span class='ocrx_word' id='word_1_681' title='bbox 871 4759 934 4820; x_wconf 90' lang='lat' dir='ltr'>suis</span> <span class='ocrx_word' id='word_1_682' title='bbox 964 4759 1118 4838; x_wconf 90' lang='lat' dir='ltr'>putabant</span> <span class='ocrx_word' id='word_1_683' title='bbox 1148 4757 1280 4818; x_wconf 88' lang='lat' dir='ltr'>candide</span> <span class='ocrx_word' id='word_1_684' title='bbox 1310 4759 1489 4837; x_wconf 89' lang='lat' dir='ltr'>retegenda.</span> <span class='ocrx_word' id='word_1_685' title='bbox 1518 4761 1556 4820; x_wconf 93' lang='lat' dir='ltr'>Et</span> <span class='ocrx_word' id='word_1_686' title='bbox 1590 4758 1664 4820; x_wconf 90' lang='lat' dir='ltr'>hinc</span> <span class='ocrx_word' id='word_1_687' title='bbox 1686 4776 1760 4818; x_wconf 90' lang='lat' dir='ltr'>sane</span> <span class='ocrx_word' id='word_1_688' title='bbox 1782 4697 1886 4835; x_wconf 63' lang='lat' dir='ltr'>suffigi</span> 
     </span>
     <span class='ocr_line' id='line_1_58' title="bbox 179 4835 1886 4932; baseline -0.002 -35"><span class='ocrx_word' id='word_1_689' title='bbox 179 4843 287 4917; x_wconf 91' lang='lat' dir='ltr'>potest</span> <span class='ocrx_word' id='word_1_690' title='bbox 308 4838 409 4899; x_wconf 90' lang='lat' dir='ltr'>multa</span> <span class='ocrx_word' id='word_1_691' title='bbox 430 4858 500 4918; x_wconf 78' lang='lat' dir='ltr'>qum</span> <span class='ocrx_word' id='word_1_692' title='bbox 523 4838 615 4900; x_wconf 91' lang='lat' dir='ltr'>nobis</span> <span class='ocrx_word' id='word_1_693' title='bbox 636 4841 806 4932; x_wconf 89' lang='lat' dir='ltr'>quamdam</span> <span class='ocrx_word' id='word_1_694' title='bbox 828 4839 1028 4901; x_wconf 88' lang='lat' dir='ltr'>obscuritatis</span> <span class='ocrx_word' id='word_1_695' title='bbox 1049 4838 1215 4917; x_wconf 87' lang='lat' dir='ltr'>caliginem</span> <span class='ocrx_word' id='word_1_696' title='bbox 1236 4837 1419 4912; x_wconf 83' lang='lat' dir='ltr'>obtendant,</span> <span class='ocrx_word' id='word_1_697' title='bbox 1444 4839 1581 4919; x_wconf 89' lang='lat' dir='ltr'>antiquis</span> <span class='ocrx_word' id='word_1_698' title='bbox 1607 4838 1669 4899; x_wconf 90' lang='lat' dir='ltr'>illis</span> <span class='ocrx_word' id='word_1_699' title='bbox 1694 4835 1886 4914; x_wconf 89' lang='lat' dir='ltr'>temporibus</span> 
     </span>
     <span class='ocr_line' id='line_1_59' title="bbox 179 4913 1886 4998; baseline -0.001 -22"><span class='ocrx_word' id='word_1_700' title='bbox 179 4923 294 4996; x_wconf 89' lang='lat' dir='ltr'>aperta</span> <span class='ocrx_word' id='word_1_701' title='bbox 315 4919 411 4979; x_wconf 91' lang='lat' dir='ltr'>etiam</span> <span class='ocrx_word' id='word_1_702' title='bbox 432 4918 550 4998; x_wconf 93' lang='lat' dir='ltr'>populo</span> <span class='ocrx_word' id='word_1_703' title='bbox 572 4920 737 4990; x_wconf 81' lang='lat' dir='ltr'>exstitisse,</span> <span class='ocrx_word' id='word_1_704' title='bbox 761 4926 795 4979; x_wconf 93' lang='lat' dir='ltr'>ut</span> <span class='ocrx_word' id='word_1_705' title='bbox 820 4926 870 4981; x_wconf 91' lang='lat' dir='ltr'>ote</span> <span class='ocrx_word' id='word_1_706' title='bbox 892 4919 1008 4980; x_wconf 90' lang='lat' dir='ltr'>talibus</span> <span class='ocrx_word' id='word_1_707' title='bbox 1030 4917 1193 4979; x_wconf 92' lang='lat' dir='ltr'>audiendis</span> <span class='ocrx_word' id='word_1_708' title='bbox 1224 4917 1408 4979; x_wconf 80' lang='lat' dir='ltr'>assuefacto</span> <span class='ocrx_word' id='word_1_709' title='bbox 1444 4920 1503 4982; x_wconf 89' lang='lat' dir='ltr'>Sed</span> <span class='ocrx_word' id='word_1_710' title='bbox 1534 4918 1591 4979; x_wconf 88' lang='lat' dir='ltr'>etsi</span> <span class='ocrx_word' id='word_1_711' title='bbox 1623 4917 1768 4996; x_wconf 84' lang='lat' dir='ltr'>quaedam</span> <span class='ocrx_word' id='word_1_712' title='bbox 1789 4913 1886 4975; x_wconf 86' lang='lat' dir='ltr'>oilen·</span> 
     </span>
     <span class='ocr_line' id='line_1_60' title="bbox 177 4939 1886 5080; baseline -0.001 -23"><span class='ocrx_word' id='word_1_713' title='bbox 177 4998 341 5071; x_wconf 85' lang='lat' dir='ltr'>derentur,</span> <span class='ocrx_word' id='word_1_714' title='bbox 366 5018 436 5078; x_wconf 82' lang='lat' dir='ltr'>quie</span> <span class='ocrx_word' id='word_1_715' title='bbox 471 5017 633 5080; x_wconf 86' lang='lat' dir='ltr'>nunquam</span> <span class='ocrx_word' id='word_1_716' title='bbox 667 4939 838 5078; x_wconf 58' lang='lat' dir='ltr'>plebecufae</span> <span class='ocrx_word' id='word_1_717' title='bbox 874 5004 1001 5078; x_wconf 89' lang='lat' dir='ltr'>captum</span> <span class='ocrx_word' id='word_1_718' title='bbox 1034 5017 1098 5059; x_wconf 90' lang='lat' dir='ltr'>non</span> <span class='ocrx_word' id='word_1_719' title='bbox 1133 4997 1358 5076; x_wconf 89' lang='lat' dir='ltr'>superaverint,</span> <span class='ocrx_word' id='word_1_720' title='bbox 1396 4999 1525 5060; x_wconf 89' lang='lat' dir='ltr'>minime</span> <span class='ocrx_word' id='word_1_721' title='bbox 1560 5004 1663 5058; x_wconf 90' lang='lat' dir='ltr'>tamen</span> <span class='ocrx_word' id='word_1_722' title='bbox 1698 4995 1730 5056; x_wconf 94' lang='lat' dir='ltr'>id</span> <span class='ocrx_word' id='word_1_723' title='bbox 1752 4996 1886 5056; x_wconf 89' lang='lat' dir='ltr'>oratoris</span> 
     </span>
     <span class='ocr_line' id='line_1_61' title="bbox 177 5075 1883 5159; baseline -0.001 -22"><span class='ocrx_word' id='word_1_724' title='bbox 177 5077 385 5140; x_wconf 87' lang='lat' dir='ltr'>tribuendum</span> <span class='ocrx_word' id='word_1_725' title='bbox 406 5082 486 5140; x_wconf 88' lang='lat' dir='ltr'>esset</span> <span class='ocrx_word' id='word_1_726' title='bbox 508 5079 710 5153; x_wconf 89' lang='lat' dir='ltr'>obscuritati;</span> <span class='ocrx_word' id='word_1_727' title='bbox 734 5097 808 5139; x_wconf 90' lang='lat' dir='ltr'>narn</span> <span class='ocrx_word' id='word_1_728' title='bbox 828 5079 986 5159; x_wconf 91' lang='lat' dir='ltr'>hodieque</span> <span class='ocrx_word' id='word_1_729' title='bbox 1007 5078 1088 5139; x_wconf 91' lang='lat' dir='ltr'>inter</span> <span class='ocrx_word' id='word_1_730' title='bbox 1109 5095 1161 5138; x_wconf 92' lang='lat' dir='ltr'>eos</span> <span class='ocrx_word' id='word_1_731' title='bbox 1182 5077 1236 5156; x_wconf 90' lang='lat' dir='ltr'>qui</span> <span class='ocrx_word' id='word_1_732' title='bbox 1265 5079 1435 5140; x_wconf 89' lang='lat' dir='ltr'>vernaculo</span> <span class='ocrx_word' id='word_1_733' title='bbox 1466 5095 1607 5140; x_wconf 89' lang='lat' dir='ltr'>sermone</span> <span class='ocrx_word' id='word_1_734' title='bbox 1635 5075 1730 5136; x_wconf 89' lang='lat' dir='ltr'>verba</span> <span class='ocrx_word' id='word_1_735' title='bbox 1753 5075 1883 5150; x_wconf 86' lang='lat' dir='ltr'>faciunt,</span> 
     </span>
     <span class='ocr_line' id='line_1_62' title="bbox 179 5155 1949 5240; baseline -0.001 -23"><span class='ocrx_word' id='word_1_736' title='bbox 179 5158 276 5218; x_wconf 92' lang='lat' dir='ltr'>multi</span> <span class='ocrx_word' id='word_1_737' title='bbox 305 5159 476 5221; x_wconf 88' lang='lat' dir='ltr'>laudantur</span> <span class='ocrx_word' id='word_1_738' title='bbox 500 5161 542 5221; x_wconf 94' lang='lat' dir='ltr'>ob</span> <span class='ocrx_word' id='word_1_739' title='bbox 571 5159 836 5240; x_wconf 86' lang='lat' dir='ltr'>perspicuitatem,</span> <span class='ocrx_word' id='word_1_740' title='bbox 869 5178 1003 5240; x_wconf 92' lang='lat' dir='ltr'>quorum</span> <span class='ocrx_word' id='word_1_741' title='bbox 1034 5159 1066 5219; x_wconf 91' lang='lat' dir='ltr'>iu</span> <span class='ocrx_word' id='word_1_742' title='bbox 1098 5157 1299 5220; x_wconf 91' lang='lat' dir='ltr'>concionibus</span> <span class='ocrx_word' id='word_1_743' title='bbox 1333 5159 1500 5220; x_wconf 88' lang='lat' dir='ltr'>artificium</span> <span class='ocrx_word' id='word_1_744' title='bbox 1530 5157 1643 5235; x_wconf 86' lang='lat' dir='ltr'>vulgus</span> <span class='ocrx_word' id='word_1_745' title='bbox 1683 5155 1782 5216; x_wconf 89' lang='lat' dir='ltr'>multa</span> <span class='ocrx_word' id='word_1_746' title='bbox 1821 5175 1884 5218; x_wconf 92' lang='lat' dir='ltr'>non</span> <span class='ocrx_word' id='word_1_747' title='bbox 1944 5177 1949 5186; x_wconf 81' lang='grc'><em>·</em></span> 
     </span>
     <span class='ocr_line' id='line_1_63' title="bbox 178 5238 297 5298; baseline 0.008 -1"><span class='ocrx_word' id='word_1_748' title='bbox 178 5256 219 5298; x_wconf 89' lang='lat' dir='ltr'>ca</span> <span class='ocrx_word' id='word_1_749' title='bbox 243 5238 297 5298; x_wconf 91' lang='lat' dir='ltr'>iat.</span> 
     </span>
    </p>

    <p class='ocr_par' dir='ltr' id='par_1_4' title="bbox 170 5256 1887 5883">
     <span class='ocr_line' id='line_1_64' title="bbox 220 5256 1883 5398; baseline 0 -20"><span class='ocrx_word' id='word_1_750' title='bbox 220 5256 276 5378; x_wconf 64' lang='lat' dir='ltr'>iim</span> <span class='ocrx_word' id='word_1_751' title='bbox 304 5323 456 5398; x_wconf 74' lang='lat' dir='ltr'>praeterea</span> <span class='ocrx_word' id='word_1_752' title='bbox 487 5321 645 5398; x_wconf 90' lang='lat' dir='ltr'>quoddam</span> <span class='ocrx_word' id='word_1_753' title='bbox 672 5338 735 5381; x_wconf 93' lang='lat' dir='ltr'>non</span> <span class='ocrx_word' id='word_1_754' title='bbox 765 5319 810 5379; x_wconf 92' lang='lat' dir='ltr'>ita</span> <span class='ocrx_word' id='word_1_755' title='bbox 839 5321 968 5398; x_wconf 91' lang='lat' dir='ltr'>vulgare</span> <span class='ocrx_word' id='word_1_756' title='bbox 998 5318 1224 5398; x_wconf 88' lang='lat' dir='ltr'>interpretandi</span> <span class='ocrx_word' id='word_1_757' title='bbox 1255 5337 1364 5397; x_wconf 90' lang='lat' dir='ltr'>genus,</span> <span class='ocrx_word' id='word_1_758' title='bbox 1398 5320 1481 5397; x_wconf 92' lang='lat' dir='ltr'>quod</span> <span class='ocrx_word' id='word_1_759' title='bbox 1512 5317 1694 5378; x_wconf 84' lang='lat' dir='ltr'>Ambrosius</span> <span class='ocrx_word' id='word_1_760' title='bbox 1719 5316 1751 5378; x_wconf 93' lang='lat' dir='ltr'>in</span> <span class='ocrx_word' id='word_1_761' title='bbox 1774 5318 1883 5378; x_wconf 87' lang='lat' dir='ltr'>eodem</span> 
     </span>
     <span class='ocr_line' id='line_1_65' title="bbox 173 5397 1884 5479; baseline 0 -20"><span class='ocrx_word' id='word_1_762' title='bbox 173 5397 312 5459; x_wconf 87' lang='lat' dir='ltr'>Philone</span> <span class='ocrx_word' id='word_1_763' title='bbox 345 5398 533 5460; x_wconf 89' lang='lat' dir='ltr'>imitandum</span> <span class='ocrx_word' id='word_1_764' title='bbox 569 5398 628 5459; x_wconf 89' lang='lat' dir='ltr'>sibi</span> <span class='ocrx_word' id='word_1_765' title='bbox 660 5400 835 5479; x_wconf 93' lang='lat' dir='ltr'>proposuit,</span> <span class='ocrx_word' id='word_1_766' title='bbox 871 5399 1042 5461; x_wconf 82' lang='lat' dir='ltr'>thamutica</span> <span class='ocrx_word' id='word_1_767' title='bbox 1077 5397 1194 5459; x_wconf 89' lang='lat' dir='ltr'>scilicet</span> <span class='ocrx_word' id='word_1_768' title='bbox 1235 5398 1460 5478; x_wconf 88' lang='lat' dir='ltr'>interpretatio.</span> <span class='ocrx_word' id='word_1_769' title='bbox 1499 5399 1585 5458; x_wconf 90' lang='lat' dir='ltr'>Hanc</span> <span class='ocrx_word' id='word_1_770' title='bbox 1629 5402 1733 5459; x_wconf 90' lang='lat' dir='ltr'>autern</span> <span class='ocrx_word' id='word_1_771' title='bbox 1775 5397 1884 5459; x_wconf 87' lang='lat' dir='ltr'>definit</span> 
     </span>
     <span class='ocr_line' id='line_1_66' title="bbox 172 5475 1886 5571; baseline 0 -33"><span class='ocrx_word' id='word_1_772' title='bbox 172 5475 284 5538; x_wconf 81' lang='lat' dir='ltr'>Sixtus</span> <span class='ocrx_word' id='word_1_773' title='bbox 305 5478 377 5540; x_wconf 90' lang='lat' dir='ltr'>Seu.</span> <span class='ocrx_word' id='word_1_774' title='bbox 414 5479 446 5537; x_wconf 94' lang='lat' dir='ltr'>in</span> <span class='ocrx_word' id='word_1_775' title='bbox 480 5480 565 5540; x_wconf 91' lang='lat' dir='ltr'>hunc</span> <span class='ocrx_word' id='word_1_776' title='bbox 600 5479 728 5539; x_wconf 89' lang='lat' dir='ltr'>modum</span> <span class='ocrx_word' id='word_1_777' title='bbox 764 5480 843 5571; x_wconf 72' lang='lat' dir='ltr'>(Lib.</span> <span class='ocrx_word' id='word_1_778' title='bbox 880 5497 914 5540; x_wconf 90' lang='lat' dir='ltr'>in</span> <span class='ocrx_word' id='word_1_779' title='bbox 948 5477 1093 5552; x_wconf 85' lang='lat' dir='ltr'>Bibli‘otii,</span> <span class='ocrx_word' id='word_1_780' title='bbox 1132 5477 1251 5540; x_wconf 82' lang='lat' dir='ltr'>Sancta</span> <span class='ocrx_word' id='word_1_781' title='bbox 1287 5477 1378 5539; x_wconf 77' lang='lat' dir='ltr'>Mein.</span> <span class='ocrx_word' id='word_1_782' title='bbox 1401 5477 1451 5558; x_wconf 70' lang='lat'>22)</span> <span class='ocrx_word' id='word_1_783' title='bbox 1466 5498 1478 5540; x_wconf 92' lang='lat'>.·</span> <span class='ocrx_word' id='word_1_784' title='bbox 1510 5477 1680 5540; x_wconf 83' lang='lat' dir='ltr'>i&#39;iieinaticu</span> <span class='ocrx_word' id='word_1_785' title='bbox 1701 5477 1886 5558; x_wconf 78' lang='lat' dir='ltr'>explanandi</span> 
     </span>
     <span class='ocr_line' id='line_1_67' title="bbox 170 5555 1881 5650; baseline 0.001 -32"><span class='ocrx_word' id='word_1_786' title='bbox 170 5555 327 5620; x_wconf 61' lang='lat' dir='ltr'>manutius</span> <span class='ocrx_word' id='word_1_787' title='bbox 346 5567 390 5620; x_wconf 89' lang='lat' dir='ltr'>est</span> <span class='ocrx_word' id='word_1_788' title='bbox 416 5577 483 5650; x_wconf 77' lang='lat' dir='ltr'>qua</span> <span class='ocrx_word' id='word_1_789' title='bbox 511 5558 679 5640; x_wconf 70' lang='lat' dir='ltr'>peculiares</span> <span class='ocrx_word' id='word_1_790' title='bbox 708 5558 817 5620; x_wconf 76' lang='lat' dir='ltr'>divina</span> <span class='ocrx_word' id='word_1_791' title='bbox 852 5559 1020 5642; x_wconf 70' lang='lat' dir='ltr'>Scriptura</span> <span class='ocrx_word' id='word_1_792' title='bbox 1052 5568 1153 5641; x_wconf 88' lang='lat' dir='ltr'>partes</span> <span class='ocrx_word' id='word_1_793' title='bbox 1188 5577 1247 5618; x_wconf 88' lang='lat' dir='ltr'>unu</span> <span class='ocrx_word' id='word_1_794' title='bbox 1282 5576 1346 5618; x_wconf 87' lang='lat' dir='ltr'>cuin</span> <span class='ocrx_word' id='word_1_795' title='bbox 1382 5576 1484 5620; x_wconf 80' lang='lat' dir='ltr'>eorum</span> <span class='ocrx_word' id='word_1_796' title='bbox 1518 5557 1748 5641; x_wconf 75' lang='lat' dir='ltr'>expositionibus</span> <span class='ocrx_word' id='word_1_797' title='bbox 1781 5557 1881 5641; x_wconf 84' lang='lat' dir='ltr'>appli-</span> 
     </span>
     <span class='ocr_line' id='line_1_68' title="bbox 170 5635 1887 5721; baseline -0.001 -21"><span class='ocrx_word' id='word_1_798' title='bbox 170 5647 224 5700; x_wconf 80' lang='lat' dir='ltr'>cat</span> <span class='ocrx_word' id='word_1_799' title='bbox 257 5637 299 5700; x_wconf 84' lang='lat' dir='ltr'>ad</span> <span class='ocrx_word' id='word_1_800' title='bbox 329 5636 461 5719; x_wconf 71' lang='lat' dir='ltr'>uli&#39;cujus</span> <span class='ocrx_word' id='word_1_801' title='bbox 497 5636 695 5721; x_wconf 72' lang='lat' dir='ltr'>particularis</span> <span class='ocrx_word' id='word_1_802' title='bbox 730 5642 901 5719; x_wconf 73' lang='lat' dir='ltr'>argumenti</span> <span class='ocrx_word' id='word_1_803' title='bbox 946 5639 1163 5714; x_wconf 83' lang='lat' dir='ltr'>tractationem,</span> <span class='ocrx_word' id='word_1_804' title='bbox 1215 5635 1365 5698; x_wconf 84' lang='lat' dir='ltr'>ostendens</span> <span class='ocrx_word' id='word_1_805' title='bbox 1410 5649 1501 5700; x_wconf 86' lang='lat' dir='ltr'>totum</span> <span class='ocrx_word' id='word_1_806' title='bbox 1544 5658 1624 5702; x_wconf 86' lang='lat' dir='ltr'>susce</span> <span class='ocrx_word' id='word_1_807' title='bbox 1646 5639 1669 5700; x_wconf 90' lang='lat' dir='ltr'>ti&#39;</span> <span class='ocrx_word' id='word_1_808' title='bbox 1715 5639 1887 5718; x_wconf 70' lang='lat' dir='ltr'>argumenti</span> 
     </span>
     <span class='ocr_line' id='line_1_69' title="bbox 171 5659 1883 5863; baseline -0.004 -83"><span class='ocrx_word' id='word_1_809' title='bbox 171 5736 297 5800; x_wconf 67' lang='lat' dir='ltr'>carpini,</span> <span class='ocrx_word' id='word_1_810' title='bbox 331 5717 475 5795; x_wconf 86' lang='lat' dir='ltr'>membru,</span> <span class='ocrx_word' id='word_1_811' title='bbox 504 5727 662 5863; x_wconf 65' lang='lat' dir='ltr'>partesque</span> <span class='ocrx_word' id='word_1_812' title='bbox 690 5720 824 5799; x_wconf 73' lang='lat' dir='ltr'>singuliis</span> <span class='ocrx_word' id='word_1_813' title='bbox 857 5721 890 5782; x_wconf 87' lang='lat' dir='ltr'>i&#39;n</span> <span class='ocrx_word' id='word_1_814' title='bbox 917 5720 1078 5803; x_wconf 81' lang='lat' dir='ltr'>propositis</span> <span class='ocrx_word' id='word_1_815' title='bbox 1111 5718 1275 5799; x_wconf 73' lang='lat' dir='ltr'>Scripturis</span> <span class='ocrx_word' id='word_1_816' title='bbox 1317 5727 1426 5780; x_wconf 78' lang='lat' dir='ltr'>saneta</span> <span class='ocrx_word' id='word_1_817' title='bbox 1472 5721 1544 5783; x_wconf 85' lang='lat' dir='ltr'>lori&#39;s</span> <span class='ocrx_word' id='word_1_818' title='bbox 1577 5659 1671 5782; x_wconf 56' lang='lat' dir='ltr'>ueAEti‘</span> <span class='ocrx_word' id='word_1_819' title='bbox 1702 5719 1732 5779; x_wconf 89' lang='lat' dir='ltr'>i&#39;n</span> <span class='ocrx_word' id='word_1_820' title='bbox 1769 5718 1883 5780; x_wconf 82' lang='lat' dir='ltr'>tabella</span> 
     </span>
     <span class='ocr_line' id='line_1_70' title="bbox 170 5797 1818 5883; baseline -0.001 -21"><span class='ocrx_word' id='word_1_821' title='bbox 170 5797 306 5881; x_wconf 74' lang='lat' dir='ltr'>depictas</span> <span class='ocrx_word' id='word_1_822' title='bbox 321 5799 462 5864; x_wconf 79' lang='lat' dir='ltr'>iiiueni&#39;ri&#39;.</span> <span class='ocrx_word' id='word_1_823' title='bbox 484 5801 584 5872; x_wconf 88' lang='lat' dir='ltr'>Quam</span> <span class='ocrx_word' id='word_1_824' title='bbox 628 5800 821 5864; x_wconf 89' lang='lat' dir='ltr'>eiinitionem</span> <span class='ocrx_word' id='word_1_825' title='bbox 842 5807 935 5883; x_wconf 90' lang='lat' dir='ltr'>captu</span> <span class='ocrx_word' id='word_1_826' title='bbox 955 5800 1117 5865; x_wconf 90' lang='lat' dir='ltr'>difficilem</span> <span class='ocrx_word' id='word_1_827' title='bbox 1148 5815 1211 5860; x_wconf 93' lang='lat' dir='ltr'>non</span> <span class='ocrx_word' id='word_1_828' title='bbox 1239 5797 1405 5878; x_wconf 85' lang='lat' dir='ltr'>judicabit,</span> <span class='ocrx_word' id='word_1_829' title='bbox 1438 5803 1492 5882; x_wconf 92' lang='lat' dir='ltr'>qui</span> <span class='ocrx_word' id='word_1_830' title='bbox 1520 5799 1655 5864; x_wconf 89' lang='lat' dir='ltr'>voluerit</span> <span class='ocrx_word' id='word_1_831' title='bbox 1685 5797 1818 5862; x_wconf 89' lang='lat' dir='ltr'>conside·</span> 
     </span>
    </p>
   </div>
   <div class='ocr_carea' id='block_1_3' title="bbox 0 0 2084 6184">
    <p class='ocr_par' dir='ltr' id='par_1_5' title="bbox 0 0 2084 6184">
     <span class='ocr_line' id='line_1_71' title="bbox 0 0 2084 6184; baseline 0 0"><span class='ocrx_word' id='word_1_832' title='bbox 0 0 2084 6184; x_wconf 95' lang='lat' dir='ltr'> </span> 
     </span>
    </p>
   </div>
  </div>
 </body>
</html>
