4159 6184
229 352 308 426 illl
827 373 845 429 ,’
917 376 921 385 ’
959 368 991 427 S.
1014 362 1202 429 stleluslt
1857 366 1939 433 tw

229 494 509 569 mpppspsterrena,
533 497 603 553 tune
626 495 728 555 sortior
751 496 786 555 ad
809 497 898 555 ritem
925 497 1054 571 resurgit
1067 497 1222 567 peruius
1250 515 1317 557 esso
1351 502 1517 571 renovatas,
1542 500 1640 559 vicem
1671 516 1708 559 aa
1734 500 1876 572 mamis,
1893 518 1937 560 'ex

229 588 377 651 empnam.
396 584 531 655 Mentior,
548 584 604 659 nisi
621 585 796 660 astipulatur
811 586 973 660 Scriptura,
990 604 1055 661 quc
1108 588 1233 662 sepultis
1260 606 1423 663 resurgere,
1456 590 1563 649 celebri
1592 608 1728 650 emmone
1756 607 1938 650 commemo·

230 674 321 739 dicit:
341 696 352 725 ι
370 673 494 733 Dissolvi
510 680 538 733 et
552 692 620 733 eum
630 676 745 733 Christo
758 694 832 743 esso,
844 677 936 735 multo
947 678 1055 735 melius
1110 682 1187 735 rant.

231 764 365 837 (turtur.
380 781 401 831 ι,
416 764 473 837 23).
487 786 501 815 u
518 764 572 830 Oui
596 765 775 831 dissolvitur,
790 765 894 837 incipit
907 781 972 823 esse
987 782 1054 823 cum
1147 769 1190 825 15.
1206 768 1299 841 (Vere.
1313 768 1355 840 D.)
1370 790 1385 820 u
1399 768 1483 826 Siout
1495 769 1675 839 audirimus,
1701 770 1745 826 ita
1763 774 1794 827 et
1808 769 1941 827 vidimus

231 852 357 919 Ghrislo.
372 854 407 909 llt
422 853 507 911 alibi:
524 876 538 905 e
560 858 688 927 Tempus
713 870 784 911 mee
811 854 1001 913 resolutionis
1015 855 1057 911 in·
1110 856 1140 913 iu
1155 856 1271 913 civitate
1285 856 1404 914 Domini
1418 857 1572 927 virtutum,
1587 858 1618 915 in
1633 857 1751 916 ciuitate
1759 858 1815 916 Dei
1824 859 1919 917 nostri
1932 877 1939 927 ;

232 946 291 1004 stat
305 942 342 1014 (ll
357 944 414 1005 Tim
429 984 436 1001 .
453 958 491 1001 tv.
509 942 549 1013 u).
565 942 620 1007 Oui
643 959 712 1016 ergo
736 941 896 1001 medilatus
921 944 1009 1001 suerit
1025 960 1057 1000 se
1111 947 1188 1003 Deus
1203 946 1337 1003 fundavit
1349 962 1415 1003 eam
1430 946 1462 1003 iu
1476 950 1632 1004 salernum.
1644 968 1659 999 a
1671 947 1852 1005 Audivimus
1862 952 1943 1005 extra

231 1030 331 1105 ipsum
346 1031 505 1093 dissolvere
516 1048 568 1105 pet·
582 1032 802 1102 abstinentiam,
818 1032 895 1091 diem
909 1032 1057 1105 passionis
1110 1034 1268 1104 civitatem,
1283 1035 1415 1092 metimus
1427 1035 1458 1092 in
1473 1037 1603 1105 civitate,
1617 1037 1665 1093 cui
1685 1038 1763 1095 Deus
1777 1037 1941 1095 esttamen

113 1183 116 1192 Ι
233 1134 292 1185 sue
307 1119 411 1183 limare
427 1136 485 1181 non
501 1119 616 1194 poterit.
1111 1127 1266 1194 eternum,
1282 1123 1375 1198 fulget
1389 1123 1454 1182 dies
1468 1125 1533 1186 sine
1547 1123 1609 1182 sule
1619 1126 1784 1193 mundano,
1794 1126 1868 1188 luna
1881 1142 1941 1185 non

258 1209 314 1267 ·13.
330 1210 367 1265 Et
380 1208 455 1268 bcuc
468 1208 509 1265 ait
523 1208 660 1282 spiritum
679 1209 892 1279 i‘elrementem,
909 1227 998 1267 neves
1012 1209 1057 1267 di·
1111 1212 1271 1285 queritur:
1287 1213 1513 1273 tundamentum
1527 1215 1594 1286 cJ'us
1613 1231 1672 1271 nou
1695 1216 1871 1289 temporale,
1885 1216 1938 1272 sed

233 1301 346 1363 alueus.
362 1298 456 1355 Nares
470 1301 568 1355 autem
583 1299 620 1355 do
630 1298 802 1371 corporibus
817 1298 899 1368 dixit,
911 1316 974 1372 ques
984 1315 1057 1371 vago
1113 1306 1255 1359 eternum
1270 1306 1325 1359 eet.
1895 1366 1899 1372 ,

233 1387 418 1451 diuersarum
440 1385 612 1460 passionum
637 1386 727 1445 iluctu
751 1393 924 1447 moventur:
949 1393 978 1444 et
999 1389 1058 1446 cito
1148 1392 1192 1447 115.
1208 1390 1301 1461 (Vere.
1328 1391 1384 1462 til.)
1399 1412 1414 1440 u
1437 1391 1640 1464 suscepimus,
1658 1414 1673 1441 s
1694 1391 1805 1465 inquit,
1822 1414 1838 1444 α
1852 1398 1941 1450 mus.

235 1478 419 1549 merguntur,
444 1476 501 1534 nisi
522 1475 650 1537 hebeent
673 1476 910 1547 gubernatorem.
931 1478 1013 1534 Unde
1030 1481 1058 1533 ct
1113 1478 1345 1536 misericordiam
1360 1483 1445 1537 tuum
1459 1480 1490 1536 in
1514 1480 1611 1541 medio
1632 1480 1736 1555 templi
1750 1481 1806 1539 tui.
1824 1504 1838 1533 ι
1855 1482 1939 1539 Sisd

235 1563 305 1629 aliti
321 1564 383 1629 att:
404 1588 419 1619 e
435 1565 488 1630 Qui
509 1565 696 1626 descendunt
720 1565 750 1623 in
774 1582 853 1623 mars
878 1567 907 1622 in
934 1565 1059 1623 navibus
1113 1568 1219 1625 uitium
1235 1567 1287 1624 Dei
1301 1567 1418 1636 dieitur,
1434 1568 1588 1642 templum
1604 1569 1646 1626 ita
1667 1569 1878 1643 intelligimus,
1894 1588 1943 1629 se-

236 1654 321 1727 (eret.
338 1655 465 1727 cupid).
484 1674 499 1706 r
515 1655 705 1715 Βιιιιιιιιιιι
729 1654 879 1727 navigant,
895 1654 989 1728 quiin
1006 1672 1058 1711 na·
1113 1658 1244 1714 cundum
1259 1658 1338 1729 quod
1357 1658 1608 1731 ipsedecorpore
1621 1675 1676 1716 suo
1691 1658 1781 1717 dixit:
1797 1658 1944 1718 «Solvite

234 1743 320 1803 vibus
340 1743 448 1802 Christi
482 1759 598 1799 emnem
624 1743 701 1797 sicut
732 1742 865 1799 arborem
891 1743 1057 1816 praeierunt,
1113 1746 1257 1819 templum
1273 1746 1340 1815 boe,
1355 1751 1385 1803 ot
1399 1747 1431 1803 iu
1445 1746 1545 1804 triduo
1563 1747 1743 1806 resuscitabo
1754 1746 1825 1804 illud
1840 1750 1942 1821 (horr.

235 1836 323 1905 atque
336 1832 405 1889 inde
419 1831 571 1904 explorant
585 1831 677 1887 llabra
696 1835 869 1902 eventorum
891 1836 924 1887 ut
938 1848 1061 1905 corpora
1114 1852 1145 1903 ιι,
1164 1835 1220 1908 19).
1237 1857 1253 1887 »
1268 1839 1342 1893 Vere
1356 1835 1499 1908 templum
1521 1838 1572 1894 Dei
1596 1852 1705 1909 eorpus
1718 1836 1893 1905 esttibi-isti,
1906 1837 1944 1893 in

235 1938 290 1981 sua
304 1920 436 1995 dirigant
454 1922 490 1979 ad
515 1920 608 1979 saneti
633 1918 761 1991 Spiritus
775 1921 914 1993 gratiam,
933 1921 964 1979 in
979 1921 1059 1995 ligno
1114 1938 1172 1997 quo
1200 1928 1246 1981 est
1271 1928 1440 1981 uestrorum
1467 1923 1632 1998 poritlcatlo
1651 1928 1847 1997 peccatorum.
1868 1925 1945 1983 Vere

235 2009 353 2071 ueniet
366 2008 422 2067 tuti
443 2014 531 2083 utque
557 2008 674 2066 securi:
700 2025 753 2066 nec
776 2009 951 2083 permittunt
972 2027 1060 2068 naves
1113 2012 1256 2086 templum
1271 2013 1320 2070 Dei
1335 2028 1403 2070 caro
1416 2013 1506 2070 iDaiu
1519 2013 1707 2087 quenullum
1719 2014 1835 2087 peceati
1844 2016 1942 2087 potuit

236 2116 306 2159 suas
320 2114 395 2172 vago
405 2098 498 2159 fluctu
512 2112 611 2159 errare
626 2116 679 2173 par
702 2099 806 2167 maria,
823 2100 873 2156 sed
890 2100 926 2156 ad
942 2104 1058 2173 portum
1113 2118 1178 2160 esse
1193 2102 1361 2177 contagium
1376 2120 1383 2172 ;
1399 2103 1450 2159 sed
1467 2119 1519 2175 pro
1539 2102 1647 2159 delicto
1661 2102 1765 2159 moedi
1778 2104 1876 2161 tutius
1887 2103 1944 2161 tait

236 2188 351 2257 eluite
367 2191 398 2247 ct
411 2188 447 2245 od
464 2190 747 2247 consummationem
770 2188 870 2262 gratie
894 2205 999 2246 cursus
1013 2189 1059 2245 sui
1114 2191 1179 2265 ipsa
1193 2191 1380 2247 sacrificium.
1401 2190 1476 2256 Vere
1497 2190 1643 2265 templum
1668 2192 1717 2248 Dei
1740 2208 1815 2248 caro,
1831 2190 1894 2260 ille,
1909 2192 1941 2248 in

236 2276 398 2337 directione
415 2277 615 2347 contendunt;
645 2282 679 2333 ut
705 2278 766 2333 fida
794 2278 920 2334 statione
948 2278 1060 2352 polian·
1114 2298 1174 2354 qua
1186 2280 1239 2337 Dei
1252 2280 1349 2352 imago
1365 2280 1506 2353 fulgebat,
1523 2284 1554 2337 et
1574 2280 1765 2353 corporabter
1785 2279 1942 2354 plenitudo

236 2370 295 2442 tar,
311 2382 370 2438 quo
385 2364 536 2423 dissolute
559 2382 664 2422 cursus
688 2382 758 2423 suos
783 2366 899 2438 possint
915 2366 945 2423 in
962 2383 1061 2423 resur·
1114 2369 1278 2426 divinitatis
1292 2367 1464 2425 habitabat:
1490 2369 1631 2442 quoniam
1655 2370 1719 2443 ipse
1742 2368 1881 2427 Christus
1899 2374 1945 2427 esi

238 2454 366 2515 sectione
392 2471 537 2529 reparare,
567 2453 618 2511 ubi
655 2454 841 2529 naulrugium
870 2455 974 2513 timere
1003 2473 1060 2513 non
1115 2457 1276 2532 plenitudo.
1292 2458 1367 2531 Ergo
1382 2458 1418 2514 cd
1443 2457 1542 2531 ipsum
1566 2457 1943 2532 diciturszueoepimus,

238 2544 363 2619 poesim.
1115 2547 1203 2615 Deus,
1218 2545 1452 2604 misericordiam
1467 2551 1550 2603 tuum
1565 2546 1596 2602 in
1617 2546 1714 2603 medio
1736 2546 1840 2621 templi
1854 2547 1912 2605 tui.
1926 2570 1941 2598 a

275 2632 319 2691 lt.
343 2633 379 2691 ldt
400 2648 455 2689 nos
475 2631 566 2705 igilur
585 2632 866 2706 circumspectemus
896 2633 973 2691 bane
994 2650 1062 2709 gra·
1116 2637 1196 2702 Quod
1214 2636 1285 2710 quid
1309 2640 1364 2705 est,
1387 2635 1445 2692 nisi
1470 2636 1623 2709 quodsit!
1641 2657 1657 2690 ι
1673 2636 1790 2693 Medius
1809 2640 1943 2698 vestm

237 2722 322 2790 uam,
336 2720 535 2796 speculatores
554 2711 620 2795 ejus
644 2722 750 2791 simus,
775 2722 960 2795 exploremus
975 2740 1060 2791 eam3
1116 2728 1186 2793 stet,
1203 2741 1292 2797 quem
1307 2740 1358 2781 uos
1373 2723 1494 2781 nescitis
1517 2726 1605 2796 (loca.
1631 2742 1653 2794 1,
1676 2725 1734 2796 26),
1759 2725 1816 2781 boe
1840 2714 1942 2795 estin

237 2812 359 2870 ditant
372 2828 495 2885 corpora
512 2814 615 2871 nostre
636 2827 725 2868 neres
740 2811 868 2869 Tharais.
885 2814 968 2869 Tunc
981 2814 1061 2870 euim
1114 2814 1212 2874 medio
1238 2813 1328 2871 vestri
1355 2818 1410 2882 est,
1449 2818 1480 2869 et
1493 2829 1551 2870 non
1574 2814 1713 2876 ridetur?
1731 2812 1762 2869 si
1782 2817 1883 2874 eutem
1906 2816 1944 2873 ad

238 2916 306 2959 esra
321 2900 359 2958 ad
377 2899 547 2959 servitutem
562 2899 716 2974 redigitur,
732 2917 799 2957 cum
814 2902 850 2957 od
865 2900 916 2959 Dei
931 2902 1062 2959 intendi·
1114 2904 1232 2961 Patrem
1245 2902 1379 2972 retertur,
1396 2902 1542 2975 quidest:
1558 2924 1573 2953 «
1589 2902 1621 2958 ln
1636 2902 1735 2960 medio
1747 2902 1856 2977 templi
1869 2905 1945 2972 tui»

239 2989 464 3065 magrstiam3
482 2990 558 3047 ulid
574 2991 652 3063 quod
669 3006 803 3047 amarum
820 2990 856 3046 ad
879 2993 997 3063 tempus
1011 2992 1060 3062 sit,
1114 2991 1256 3066 ubiquia
1269 2992 1348 3049 Deus
1371 2995 1434 3049 erat
1457 2990 1487 3047 in
1511 2990 1628 3049 cbristo
1645 2992 1791 3049 mundum
1811 2993 1945 3051 meone·

239 3078 318 3139 uuus
330 3081 376 3140 ost
385 3078 544 3152 ieiunium,
560 3095 617 3135 non
634 3079 711 3151 qued
726 3078 810 3136 dulce
822 3082 851 3136 et
863 3078 1060 3137 voluntarium
1116 3079 1194 3140 lions
1209 3081 1290 3137 sibi?

238 3184 408 3243 mquamur.
424 3168 547 3226 Tharais
561 3184 630 3243 ergo
644 3173 689 3227 ost
707 3168 934 3242 speculatorium
950 3170 1061 3242 gretia,
1156 3171 1199 3227 17.
1215 3170 1247 3225 ln
1262 3167 1314 3225 illo
1326 3183 1396 3241 crgo
1410 3168 1521 3241 umplo
1540 3169 1722 3241 smcspimcr,
1734 3157 1944 3242 inquinatiu-

240 3256 435 3333 intolligibilis
449 3257 561 3327 civitas,
578 3262 612 3313 ut
622 3258 690 3315 Sion
702 3259 845 3330 superior.
857 3258 897 3314 Ad
909 3274 974 3315 eam
985 3242 1065 3315 lestiss
1078 3241 1101 3311 C
1118 3259 1267 3316 ricordium
1280 3262 1377 3326 tuom
1388 3257 1508 3314 bccest.
1517 3258 1646 3320 Verbum
1658 3258 1736 3330 quod
1747 3274 1817 3315 earo
1831 3259 1944 3317 laetum

240 3348 331 3407 nebat
344 3348 445 3405 dones.
468 3345 509 3402 De
531 3362 566 3402 oe
580 3344 653 3401 dixit
673 3345 835 3417 Scriptura,
852 3345 922 3418 quia
935 3346 1064 3405 sociatus
1118 3347 1374 3418 eet,ctbabitasit
1392 3346 1422 3402 iu
1447 3346 1543 3403 nobis.
1570 3346 1653 3404 Sicut
1671 3347 1752 3403 enim
1779 3348 1944 3423 redemptio

241 3440 287 3497 set
299 3434 444 3509 iosaphat
456 3434 531 3491 Ouiae
554 3434 616 3506 rogi
630 3434 679 3505 (7),
695 3438 724 3489 et
748 3434 791 3491 sic
816 3434 926 3507 placuit
941 3440 973 3492 ut
988 3436 1063 3494 lace·
1117 3437 1262 3505 Christus,
1277 3437 1320 3493 ite
1341 3440 1370 3491 et
1391 3435 1604 3492 misericordia.
1630 3437 1699 3503 Due
1722 3440 1823 3496 cutem
1848 3440 1945 3510 ιιιῲι

240 3526 318 3596 sent,
333 3522 500 3580 stirentad
521 3537 588 3579 eum
614 3538 701 3579 navos
725 3520 754 3579 in
776 3522 907 3581 Tharais.
923 3525 978 3582 Sed
994 3526 1065 3598 quia
1117 3524 1441 3597 misericordiaque
1465 3524 1544 3597 quod
1568 3540 1621 3597 pro
1642 3524 1752 3583 nusum
1775 3526 1944 3600 ilegitiisse

238 3612 332 3687 impio
347 3628 379 3670 se
393 3612 555 3685 conjunxit,
570 3610 636 3673 ideo
660 3612 770 3670 missus
795 3616 841 3669 est
860 3614 896 3669 ed
912 3630 980 3671 eum
996 3631 1063 3688 pre·
1116 3615 1243 3689 prebuit
1255 3612 1491 3681 immolandum
1507 3616 1542 3669 ut
1560 3610 1707 3687 muguiae
1719 3630 1775 3670 suo
1795 3616 1943 3672 usuum

237 3700 336 3777 pheta,
355 3700 405 3775 qui
429 3699 537 3758 diceret
552 3701 597 3758 ei:
616 3719 630 3769 ι
653 3701 802 3759 Destruxit
824 3702 967 3760 Dominus
988 3720 1062 3777 opus
1116 3704 1235 3772 lavaret,
1252 3703 1338 3775 cujus
1354 3706 1507 3776 peccatum
1523 3700 1605 3767 nulle
1618 3701 1678 3758 alic
1691 3703 1780 3759 nodo
1798 3705 1946 3776 potuisset

237 3792 333 3859 tuum,
349 3789 522 3847 etcontrita
538 3794 608 3847 sunt
629 3808 717 3848 naves
739 3794 806 3861 tue,
833 3796 861 3847 ct
885 3808 942 3849 non
960 3796 1061 3866 potue·
1115 3792 1225 3851 aboleri
1241 3790 1430 3864 (tilibteuim
1453 3790 1479 3846 si
1500 3790 1536 3847 de
1560 3788 1673 3847 sanctis
1692 3790 1765 3849 viris
1783 3792 1943 3864 dpoetulrm

237 3884 308 3937 runt
322 3879 406 3936 irein
430 3876 550 3947 Tharais
568 3880 607 3951 (ll
629 3881 719 3937 Persi
736 3923 743 3936 .
760 3898 806 3953 ιιι,
821 3881 877 3951 37).
897 3904 908 3931 ι
934 3884 995 3949 Quo
1020 3883 1062 3940 si·
1114 3880 1207 3940 dixit:
1224 3904 1239 3933 «ι
1255 3878 1411 3953 ΤιιιιρΙιιιιι
1422 3880 1473 3937 Dei
1484 3880 1629 3948 resectis,
1640 3883 1669 3936 et
1680 3880 1942 3953 Spiritassauctas

236 3967 397 4043 galliculus
419 3967 498 4041 quod
524 3967 777 4041 prevaricantium
810 3968 984 4027 mandatum
1008 3971 1060 4029 Dei
1113 3968 1519 4042 inhabitatinuobisildcr.
1536 3970 1661 4042 ur,1tt);
1679 3990 1693 4019 u
1717 3972 1824 4043 quanto
1841 3970 1944 4045 mama

235 4072 359 4137 carpere
372 4057 702 4115 adconeummationem
713 4058 1060 4131 Mttgratirepervenire
1113 4076 1232 4119 ceruam
1256 4056 1372 4115 Domini
1396 4057 1467 4115 lesu
1490 4057 1635 4131 templum
1664 4057 1713 4114 Dei
1738 4058 1873 4128 dixerim,
1888 4062 1944 4132 qui

236 4162 298 4204 uon
320 4145 445 4221 possint.
474 4146 517 4203 Ad
545 4146 729 4203 Salomonem
758 4151 868 4215 sutem,
897 4152 997 4222 utpote
1012 4168 1059 4208 sa·
1113 4164 1230 4221 semper
1243 4147 1347 4220 penus
1361 4144 1474 4220 Spiritu
1487 4142 1589 4203 sancto
1603 4144 1721 4219 legitur,
1736 4150 1767 4202 et
1780 4146 1845 4219 ipsc
1857 4149 1943 4205 testi·
2059 4131 2060 4146 ¹

233 4236 410 4310 plenumst
421 4234 577 4309 pacillmm
588 4234 695 4303 virum,
710 4236 975 4295 nnvssdeTbarsis
988 4254 1058 4296 cum
1114 4238 1354 4295 fleaturdicens:
1378 4258 1392 4287 u
1417 4235 1519 4293 Sentio
1544 4236 1583 4292 ds
1602 4251 1651 4293 me
1669 4236 1810 4296 virtutem
1833 4236 1944 4294 exiisse

234 4322 306 4382 aare
329 4328 360 4381 st
381 4328 513 4399 argento,
538 4328 567 4381 at
590 4324 729 4383 dentibus
753 4325 890 4383 eburneis
912 4326 976 4383 siue
998 4327 1059 4385 ulla
1112 4323 1944 4398 ttrmvuntil);squecirtusemuinmvulnereacerba

232 4412 395 4471 emesena
407 4412 572 4482 reuiebnnt,
589 4417 618 4469 et
632 4429 666 4470 eo
680 4413 744 4487 ipse
766 4413 911 4471 mittebat.
927 4415 1059 4474 Habebat
1110 4415 1244 4473 sanabat.
1260 4414 1358 4470 Potest
1371 4412 1486 4469 utillud
1507 4412 1631 4487 intelllgi
1647 4414 1726 4487 quod
1740 4412 1818 4470 dixit
1838 4432 1944 4473 susee-

232 4500 395 4557 enimcum
410 4502 586 4576 regelliram
601 4518 691 4559 sacrm
707 4501 913 4575 negotiationis
925 4504 1058 4577 spiritale
1112 4504 1192 4579 pisse
1208 4520 1239 4561 se
1252 4517 1320 4563 cum
1336 4500 1445 4574 populo
1462 4500 1696 4580 misericordiam
1719 4500 1770 4559 Dei
1794 4502 1825 4559 in
1841 4504 1943 4561 mdiu

233 4588 454 4657 commercium,
469 4594 498 4646 et
509 4594 618 4647 murtae
633 4590 732 4663 gretie
754 4591 951 4649 concertantis·
970 4594 1056 4649 attec-
1073 4612 1096 4677 p
1111 4592 1214 4667 templi
1226 4593 1309 4664 ejua3
1325 4591 1466 4664 quoniam
1482 4590 1546 4663 ipse
1559 4590 1718 4648 Ecclesiam
1733 4606 1822 4649 suam
1835 4591 1945 4650 iun&-

231 4682 308 4737 turn.
325 4676 384 4735 llas
400 4692 480 4751 ergo,
497 4678 621 4734 seresii
637 4679 827 4753 quiregsliin
843 4681 1057 4738 seauctoritule
1108 4682 1160 4753 rit,
1176 4680 1428 4755 etpropagavitio
1444 4682 1608 4748 aternum3
1626 4680 1767 4752 quoniam
1791 4680 1942 4755 ipssrere
2059 4725 2060 4736 ,

231 4767 385 4841 potiuntur
399 4766 435 4823 ed
451 4766 642 4823 coercendam
661 4767 797 4824 torneiam
809 4769 999 4842 corporalem,
1010 4771 1053 4827 vi·
1110 4787 1178 4829 eum
1194 4770 1267 4828 llilio
1288 4785 1342 4826 auo
1365 4768 1518 4841 unigenito
1541 4768 1620 4825 beno
1639 4769 1764 4842 gratiam
1780 4768 1863 4843 plebi
1877 4786 1940 4827 sue

230 4854 671 4929 deutsssxcorruptibilibusiu
687 4860 886 4929 corruptus,ex
897 4859 1056 4918 maculosis
1109 4859 1243 4929 contulit,
1266 4872 1353 4931 quem
1376 4857 1584 4940 edificatorem
1608 4857 1698 4914 scam
1721 4858 1942 4916 demonstravit

229 4958 347 5003 nnuma
361 4944 460 5019 gratim
483 4944 549 5003 luce
568 4942 724 5018 fulgentes,
749 4960 783 5001 ex
800 4946 953 5005 dissolutis
967 4953 1055 5023 atque
1108 4948 1230 5005 dicens:
1246 4971 1261 4999 «
1278 4947 1331 5003 llic
1349 4945 1506 5002 edificabit
1529 4938 1604 5002 mibi
1627 4944 1774 5007 civitatem
1789 4944 1859 5018 (lea.
1870 4964 1939 5017 xcv,

264 5058 579 5137 (purpurrissum.
606 5060 727 5116 orbate
752 5062 812 5130 repi
839 5070 864 5117 et
887 5065 927 5118 sie
948 5065 1055 5135 placuit
1108 5064 1224 5122 ternetsi
1241 5064 1347 5120 nrodus
1362 5061 1543 5118 liberationis
1565 5062 1701 5120 humane
1724 5062 1816 5119 luerit
1829 5078 1939 5123 coure-

235 5140 264 5189 et
278 5134 496 5204 secmeutnurrs
511 5134 618 5188 elireut
632 5133 663 5186 ie
678 5132 795 5187 Titurnia.
1109 5136 1323 5204 pientissimus,
1339 5134 1473 5191 absolute
1496 5137 1595 5191 minen
1617 5132 1709 5190 elium
1727 5136 1785 5190 Deo
1807 5151 1869 5191 uon
1885 5136 1938 5193 de·

265 5203 305 5277 (8)
320 5203 393 5261 Gom
409 5204 530 5261 docetur
543 5204 599 5261 boe
613 5202 676 5259 loco
691 5208 842 5275 peecatum
859 5204 959 5259 mundi
972 5205 1053 5263 nullo
1108 5208 1285 5280 fuisseque
1302 5206 1447 5261 mundum
1458 5204 1622 5263 redimeret.
1635 5206 1717 5273 Quod
1728 5207 1937 5265 sauedmbro·

233 5272 290 5329 alio
301 5277 398 5345 modo,
409 5292 498 5347 quum
510 5274 617 5331 Christi
628 5276 771 5347 sunguine
784 5274 915 5358 potuisse
931 5276 1051 5345 aboleri,
1108 5280 1185 5335 sium
1200 5281 1376 5353 negaturum
1389 5275 1481 5333 luisse
1495 5292 1554 5333 uon
1570 5280 1721 5349 putamus.
1736 5276 1838 5353 Neque
1853 5279 1936 5335 euim

112 5346 126 5363 “
228 5342 300 5399 illud
311 5345 401 5403 intelli
425 5346 1050 5421 endumeslexputreipsiusmuudi;quod
1106 5355 1168 5407 tam
1183 5350 1301 5423 augusti
1315 5347 1425 5405 limites
1443 5347 1580 5420 potentie
1603 5365 1637 5405 ac
1661 5349 1812 5423 sapientior
1828 5350 1935 5407 diviua

231 5414 342 5499 scilicet
357 5362 437 5473 nulla
452 5416 602 5473 exsisteret
617 5435 690 5489 pura
705 5424 848 5487 ereatura,
865 5436 929 5491 quer
939 5419 983 5474 vel
1000 5437 1051 5491 pro
1106 5422 1254 5479 statuendi
1266 5426 1440 5493 suut,quam
1452 5420 1615 5477 hacuostrs
1623 5421 1933 5503 aetatequidametiam

230 5488 378 5543 communi
399 5493 516 5559 peceato
539 5487 583 5544 vcl
609 5506 661 5560 pro
685 5506 738 5546 suo
763 5490 931 5547 sutisluccre
946 5490 1051 5550 sellem
1105 5493 1287 5551 eeatbolicis
1302 5492 1444 5549 audacius
1458 5506 1547 5563 quem
1573 5491 1737 5552 consultius
1758 5491 1883 5549 iactent.
1900 5494 1934 5548 D

226 5554 314 5683 plene
329 5558 513 5630 perleoteque
527 5564 636 5629 posset,
649 5566 681 5617 ut
695 5562 891 5618 communiter
901 5562 1052 5620 affirmant
1105 5572 1182 5622 uerte
1197 5564 1276 5624 Psal.
1289 5577 1370 5647 seq,
1385 5579 1459 5620 vers.
1475 5563 1504 5632 8,
1520 5568 1641 5622 sanetus
1655 5561 1761 5645 Ductor
1785 5564 1842 5621 soli
1859 5565 1931 5621 sim·

252 5620 377 5698 beologi.
391 5627 498 5683 Verum
523 5646 557 5684 ex
573 5637 655 5700 parte
681 5633 730 5687 Dei
744 5632 773 5688 S.
791 5628 918 5691 Thomas
929 5638 1002 5707 pert.
1019 5653 1049 5692 ιιι
1125 5635 1172 5693 lici
1184 5636 1297 5692 bomini
1313 5639 1498 5711 peecatorum
1514 5631 1755 5695 redimendorum
1777 5632 1932 5711 abjudicat

228 5699 333 5770 quest,
349 5698 393 5768 46,
410 5701 463 5752 art.
484 5700 511 5765 2,
536 5700 690 5771 Augustini
715 5704 885 5762 auctoritate
909 5707 1047 5777 adsedit,
1104 5652 1283 5766 Facultatum.
1327 5708 1330 5713 ’
