4159 6184
214 295 285 363 iffi
949 287 983 350 S.
1006 281 1196 352 musaeu
1861 287 1927 351 UD

520 422 638 482 CAPUT
657 421 744 480 XVII.
1058 417 1130 484 Act
1143 419 1275 478 florentia
1289 419 1395 478 merita
1406 418 1557 478 virtutum.
1576 419 1661 478 Mane
1681 433 1751 493 ergo
1774 418 1927 492 plantatus

222 496 362 556 Strdfitlt
391 495 507 552 humani
534 495 623 554 widi-⁸
650 497 800 568 (ΜΝ,
829 491 967 575 ”¹57⁰bess
995 491 1046 545 ⁰05
1099 508 1129 564 in
1145 510 1232 567 domo
1247 509 1374 578 Domini,
1392 511 1468 567 utin
1483 509 1567 567 atriis
1583 510 1648 582 eius
1663 509 1852 583 sicutpalme
1872 511 1927 568 tlo-

254 560 1045 712 g'rg'gfflmfflfflwgugffiatffl'nssgaefffflegf
1098 613 1173 670 reas,
1190 602 1217 655 et
1232 600 1372 656 ascendat
1386 600 1416 656 in
1431 604 1459 656 te
1482 599 1577 672 gratia
1591 597 1736 667 Ecclesia,
1752 602 1782 656 et
1800 598 1840 658 sit
1853 599 1929 658 odor

258 714 314 781 pig,
329 715 389 768 gum
402 711 436 767 p,
446 713 536 784 prim,
550 710 615 766 „fn-3
629 708 740 776 mum,
756 723 787 764 Μ
810 708 872 762 vim·
893 721 946 762 m
959 705 1044 760 dm.
1099 686 1215 746 uarium
1230 692 1347 746 tuarum
1363 688 1440 745 siout
1454 688 1545 757 male,
1560 691 1588 744 et
1600 688 1700 746 fauces
1714 692 1771 744 tua
1786 687 1863 746 sicut
1877 689 1928 744 vi-

257 785 341 841 ritar.
1098 791 1170 831 num
1198 775 1343 848 optimum
1378 777 1468 849 (tuat.
1503 793 1554 848 vn,
1580 775 1620 845 9),
1650 780 1683 832 ut
1710 775 1865 834 inebrieris
1894 776 1927 832 in

257 874 301 930 ιθ.
317 872 465 938 Genacoct,
489 869 595 942 inquit,
619 876 693 924 terra
718 867 1045 933 manusteneas
1098 863 1224 922 Christo.

221 963 322 1022 statim
337 961 419 1019 omni
433 962 570 1033 surgente
584 957 716 1030 germine
729 960 807 1013 tarra
821 954 967 1027 completa
988 956 1043 1010 ast.
1132 954 1178 1008 72.
1194 957 1270 1010 Bene
1284 953 1437 1010 admonuit
1452 954 1508 1010 iste
1522 953 1684 1011 versiculus
1700 957 1830 1026 repetere
1850 972 1928 1028 pens

220 1049 382 1111 lithomini
405 1048 513 1104 dicitur
537 1063 543 1102 :
568 1048 672 1116 Diliget
687 1047 834 1102 Dominam
854 1046 940 1100 Deam
967 1050 1045 1100 taum
1099 1041 1311 1110 intermissum,
1329 1042 1400 1116 quia
1414 1042 1542 1098 diximus
1563 1029 1706 1116 piacspto
1728 1043 1779 1100 02
1804 1043 1926 1100 Domini

221 1143 310 1215 (Darat.
326 1155 365 1207 vr,
380 1138 421 1210 5),
436 1140 465 1194 et
478 1153 535 1193 non
551 1139 597 1191 est
617 1135 746 1192 charitas
766 1134 817 1191 Dei
842 1133 975 1190 omnium
999 1131 1044 1187 in·
1098 1129 1186 1186 vitem
1201 1131 1288 1187 etiam
1304 1129 1568 1204 pullulasse,quam
1583 1135 1683 1206 pastea
1699 1135 1765 1204 post
1780 1131 1926 1190 diluvium

220 1231 286 1286 tusa
313 1226 485 1284 visceribus.
510 1225 650 1282 Surdiora
673 1225 762 1281 corda
785 1223 938 1279 bominum
964 1225 1043 1290 sunt,
1099 1235 1116 1274 a
1144 1219 1203 1276 Noe
1232 1218 1393 1292 plantatam
1422 1236 1486 1276 esse
1514 1220 1705 1294 cognovimus
1719 1219 1797 1290 (dea.
1811 1237 1850 1290 rx,
1865 1221 1925 1294 20).

220 1333 309 1391 quam
325 1317 399 1372 dura
413 1315 658 1371 saxorum.'lerre
671 1312 817 1370 indebitos
832 1312 945 1367 tructus
959 1308 1045 1366 nobis
1099 1308 1146 1364 Sic
1161 1308 1238 1366 enim
1255 1307 1355 1376 habas,
1371 1309 1441 1382 quia
1455 1309 1514 1366 Noe
1538 1309 1666 1384 agricola
1689 1313 1753 1368 erat
1775 1313 1870 1380 terre,
1894 1315 1927 1369 et

219 1405 378 1476 ministrat,
394 1405 466 1462 dum
482 1403 661 1459 obsecundat
686 1399 799 1457 auctori
815 1418 822 1456 ι
839 1416 893 1456 nos
911 1398 1044 1455 debitum
1098 1396 1243 1469 plantavit
1262 1397 1360 1468 vitem,
1376 1400 1405 1454 et
1428 1397 1502 1454 bibit
1523 1398 1558 1455 de
1582 1398 1648 1454 vino
1676 1399 1751 1471 ejus,
1767 1403 1795 1457 et
1816 1400 1924 1456 obdor-

219 1512 330 1554 mnnus
344 1509 499 1568 negamus,
515 1492 587 1547 dum
602 1507 660 1546 non
675 1505 852 1546 veneramur
866 1492 1025 1545 auctorem.
1099 1486 1190 1543 mivit.
1207 1486 1271 1542 Non
1286 1503 1354 1560 ergo
1368 1485 1427 1544 Noe
1452 1491 1554 1544 auctor
1579 1491 1624 1544 eat
1644 1487 1723 1556 vitis,
1739 1489 1791 1546 sed
1806 1488 1923 1562 planta·

252 1586 298 1643 rt.
315 1583 387 1641 Vide
401 1583 431 1638 in
446 1581 543 1654 parvis
558 1597 621 1653 qna
635 1579 815 1653 providentia
829 1579 868 1635 sit
881 1578 982 1646 Dei,et
992 1577 1040 1633 01
1098 1575 1196 1633 tionis.
1213 1575 1311 1648 Neque
1326 1575 1404 1632 enim
1420 1575 1477 1632 nisi
1492 1592 1557 1634 eam
1573 1577 1729 1650 reperisset
1744 1582 1812 1634 ante
1834 1593 1924 1652 gana·

218 1675 289 1748 quia
306 1671 552 1744 comprehendere
576 1687 634 1727 non
657 1673 750 1741 potes,
767 1667 874 1726 mirare
897 1666 1044 1739 quomado
1098 1669 1203 1732 ratam,
1219 1664 1351 1737 plantare
1362 1664 1513 1738 potuisset.
1530 1666 1631 1722 Cultor
1645 1681 1724 1740 ergo,
1741 1683 1800 1724 non
1821 1673 1926 1727 auctor

217 1763 276 1821 alia
287 1777 404 1834 semper
418 1760 551 1817 tlorentia
567 1757 766 1822 reservaverit,
783 1755 842 1814 alia
867 1755 1044 1812 mutationes
1058 1789 1084 1854 B
1098 1757 1143 1810 est
1156 1753 1271 1810 vitium.
1287 1754 1365 1812 Deus
1379 1757 1476 1811 autem
1492 1754 1543 1827 qui
1558 1755 1647 1812 sciret
1660 1755 1739 1828 quod
1752 1755 1854 1812 mnam
1874 1775 1924 1815 so·

217 1853 325 1910 babere
353 1849 477 1907 voluerit
505 1847 735 1921 exspoliationis,
760 1850 790 1902 et
810 1845 945 1902 amictus.
965 1843 1044 1900 Inter
1098 1842 1159 1900 bric
1174 1845 1305 1915 potatum
1319 1843 1474 1899 sanitatem
1490 1843 1708 1918 daret,augeret
1722 1845 1922 1917 prudentiam,

218 1959 292 2000 cana
307 1940 429 2007 nivium,
446 1916 568 2010 pruir'rae
588 1936 740 2010 frigorum,
756 1934 933 1991 viriditatem
956 1947 1042 1989 suam
1096 1931 1253 1988 immodice
1262 1935 1414 2004 sumptum
1423 1933 1460 1988 ad
1470 1931 1653 1990 vitiacaueas
1662 1934 1923 2006 daret,ereaturam

217 2048 287 2088 arva
298 2031 469 2087 conservant
485 2043 493 2082 τ
510 2031 621 2083 etcum
636 2026 790 2097 ipsatecta
811 2020 958 2096 sintgelu,
975 2039 1042 2094 par·
1097 2021 1188 2088 dedit,
1209 2021 1420 2078 abundantiam
1446 2021 1575 2078 humano
1602 2021 1723 2079 arbitrio
1747 2024 1922 2094 reservavit;

217 2125 267 2176 tus
281 2118 328 2178 sui
341 2121 441 2175 tamen
464 2114 543 2172 baud
569 2114 705 2187 exiguam
731 2112 858 2187 speciem
885 2110 1043 2168 viriditatis
1097 2112 1130 2166 ut
1154 2110 1335 2183 parcimonia
1349 2114 1459 2167 nature
1481 2114 1560 2168 esest
1582 2112 1784 2185 magisterium
1810 2113 1922 2170 sobrie·

219 2209 368 2266 obtexunt.
384 2207 418 2262 ln
432 2204 506 2278 ipsis
520 2219 637 2276 quoque
649 2201 806 2276 generibus
819 2202 1043 2273 arborumque
1097 2200 1178 2268 tatis,
1194 2199 1379 2256 abundantia
1402 2200 1519 2257 noxiam
1543 2199 1718 2274 lapsumque
1741 2200 1921 2260 temulentis

218 2295 367 2356 diuturnis
403 2294 557 2352 troadibus
591 2289 767 2360 vestiuntur,
795 2306 853 2348 non
887 2289 1043 2346 mediocris
1096 2288 1153 2347 sibi
1168 2287 1328 2346 ascriberet
1350 2288 1481 2346 bumana
1503 2290 1641 2348 conditio.
1656 2290 1788 2364 Denique
1811 2294 1838 2348 at
1856 2291 1923 2364 ipsa

218 2385 358 2444 distantia
367 2378 1040 2451 estservatindumentumsuumsemperolea,
1096 2377 1258 2435 inebriatus
1274 2382 1319 2436 est
1332 2378 1434 2448 Noe,et
1446 2378 1623 2436 obdormivit
1632 2380 1802 2453 consopitus
1815 2379 1920 2437 avinm

217 2473 263 2531 vel
276 2472 375 2546 pinus,
391 2471 442 2527 sed
459 2474 557 2526 tamen
570 2466 640 2523 tolia
658 2483 713 2523 sua
735 2483 812 2539 sape
839 2471 1040 2536 commutant;
1096 2469 1197 2540 ltaque
1209 2483 1261 2540 per
1273 2467 1375 2524 unum
1390 2467 1485 2541 patuit
1500 2467 1678 2526 deformitati
1701 2469 1751 2541 qui
1777 2485 1830 2543 per
1843 2469 1922 2527 dilu-

218 2577 271 2622 ueo
283 2577 318 2620 ea
332 2560 418 2634 quasi
432 2558 582 2626 diuturna,
598 2557 648 2613 sed
665 2556 750 2628 quasi
770 2556 951 2612 succedanea
968 2572 1042 2629 pre·
1095 2557 1176 2614 vium
1190 2556 1312 2614 excrevit
1328 2558 1364 2613 ad
1378 2556 1502 2630 gloriam
1520 2574 1527 2613 ε
1544 2558 1597 2615 sed
1616 2557 1758 2616 Dominus
1781 2563 1810 2616 et
1829 2559 1859 2614 in
1884 2573 1922 2616 ec

217 2652 343 2711 tendum
356 2665 416 2707 sua
431 2647 545 2704 arboris
564 2645 788 2719 pulchritudini,
814 2645 946 2718 perpetui
967 2645 1041 2702 inte-
1097 2651 1236 2704 creature
1250 2662 1310 2704 sue
1323 2645 1447 2719 gratiam
1462 2647 1630 2714 reservavit,
1646 2651 1680 2704 ut
1701 2647 1764 2719 aJ'ua
1788 2647 1922 2704 tructam

216 2738 322 2814 gritata
335 2738 460 2796 vestitus
473 2734 536 2792 vioe
551 2734 684 2792 muneris
704 2733 925 2790 obumbrantes.
940 2733 1043 2791 Palma
1097 2735 1182 2794 nobis
1205 2738 1385 2792 converteret
1410 2737 1446 2793 ad
1470 2735 1607 2804 salutem,
1624 2752 1658 2793 ac
1672 2751 1723 2809 per
1743 2751 1810 2793 eum
1833 2735 1924 2793 nobis

217 2834 318 2886 autem
331 2827 429 2884 virens
443 2839 561 2898 semper
581 2827 681 2880 manet
695 2823 914 2879 conservatione
929 2827 959 2879 et
973 2823 1041 2880 diu·
1096 2824 1228 2882 remissio
1252 2827 1438 2897 peccatorum
1463 2825 1638 2898 proveniret.
1664 2825 1746 2883 Unda
1768 2825 1816 2898 pie
1839 2825 1923 2882 leaeo

216 2917 369 2983 turuitata,
390 2932 448 2971 non
475 2913 682 2970 immutatione
706 2910 854 2968 foliorum.
880 2911 953 2967 Nam
978 2929 1042 2985 quae
1096 2915 1170 2971 dixit
1186 2931 1194 2972 z
1209 2913 1287 2970 Odor
1309 2913 1410 2982 Jocob,
1435 2915 1508 2971 odor
1531 2914 1593 2988 agri
1618 2913 1707 2988 pleni,
1723 2915 1753 2970 id
1768 2919 1815 2971 est
1833 2917 1921 2972 natu·

219 3005 314 3079 primo
328 3001 537 3078 germinaverit
551 2999 668 3069 lalia,ea
677 3001 742 3058 sine
751 2999 812 3057 ulla
820 3000 1043 3058 substitutionis
1096 3001 1166 3060 ralis
1181 3003 1252 3059 odor
1267 3003 1346 3075 (Dea.
1361 3019 1449 3070 xxvii,
1464 3003 1520 3076 27).
1537 3003 1611 3070 Quid
1636 3002 1714 3060 enim
1741 3001 1828 3076 pleno
1851 3017 1922 3060 rure

218 3093 403 3152 successione
417 3094 578 3148 conservat.
595 3089 713 3146 imitare
727 3105 797 3162 crgo
809 3105 919 3158 eam,o
942 3090 1040 3160 bomo,
1098 3091 1237 3148 suaviust
1259 3091 1334 3158 Quid
1357 3091 1425 3148 vitis
1448 3092 1535 3148 odore
1554 3091 1738 3164 jucundius?
1754 3089 1828 3157 Ouid
1848 3091 1922 3148 tabas

219 3187 253 3240 ut
267 3183 382 3239 dicatur
395 3184 425 3236 et
438 3179 492 3236 tibi
508 3197 514 3236 :
531 3178 644 3236 Statura
656 3181 704 3235 tua
726 3179 828 3234 similia
847 3180 1041 3251 sactaeatpat-
1057 3157 1080 3227 0
1098 3181 1170 3237 tlara
1191 3179 1323 3254 gratius?
1339 3179 1420 3237 Unde
1437 3180 1570 3254 quamvis
1593 3178 1744 3254 ingeniose
1766 3181 1834 3254 quis
1853 3185 1923 3238 ants

216 3287 270 3330 ma
282 3270 371 3344 (Cant.
385 3287 436 3338 vn,
451 3269 488 3340 7).
510 3269 598 3325 Serva
617 3266 795 3326 viriditatem
818 3268 949 3340 pueritia
972 3274 1040 3337 tue,
1096 3285 1150 3326 nos
1165 3268 1272 3326 dixerit
1283 3286 1289 3325 :
1301 3269 1363 3326 Nan
1373 3267 1461 3326 vitem
1473 3273 1525 3325 aut
1535 3269 1623 3326 licum
1640 3269 1808 3343 patriarcba
1824 3269 1925 3326 olebat

217 3365 248 3420 et
261 3360 342 3416 illius
357 3358 530 3416 innocentie
552 3355 696 3412 naturalis
719 3373 851 3429 quamn
880 3358 1041 3429 primordio
1096 3363 1148 3416 aut
1176 3359 1301 3431 frugem,
1315 3358 1366 3414 sed
1389 3357 1530 3415 virtutum
1554 3357 1687 3431 spirabat
1713 3359 1849 3432 gratiam,
1865 3373 1923 3431 ego

218 3447 364 3522 recepisti,
379 3451 423 3516 ut,
439 3445 588 3518 plantatus
609 3461 695 3502 secus
718 3445 861 3502 decursus
884 3463 1042 3518 aquarum,
1095 3452 1194 3504 tamen
1222 3451 1251 3504 et
1280 3447 1399 3505 odorem
1427 3447 1526 3520 ipsum
1547 3451 1631 3504 terre
1646 3446 1812 3521 simplicem
1830 3451 1921 3520 atque

217 3538 346 3594 fructum
362 3539 447 3592 tuum
463 3535 492 3590 in
507 3538 638 3606 tempore
649 3538 700 3590 tuo
710 3533 821 3590 babeas
834 3540 1040 3608 preparatum,
1096 3537 1242 3594 sincerum
1258 3551 1310 3609 pro
1324 3535 1418 3609 gratia
1433 3535 1646 3593 benedictionis
1659 3535 1811 3610 accipiam,
1833 3552 1924 3610 quem

219 3631 248 3684 et
261 3626 365 3682 folium
379 3627 463 3682 tuum
479 3639 537 3679 non
552 3623 672 3680 defluat.
686 3626 767 3680 Hanc
781 3624 960 3682 viriditatem
975 3641 1042 3698 gra·
1096 3627 1177 3682 traua
1192 3623 1274 3682 nulla
1289 3625 1462 3698 composuit,
1474 3626 1525 3681 sed
1540 3625 1647 3682 veritas
1662 3625 1849 3700 indulgentia
1865 3641 1925 3683 οω-

218 3715 265 3772 tia
287 3730 403 3787 semper
428 3713 558 3770 florentis
586 3712 616 3767 ia
644 3711 760 3768 Christo
788 3718 889 3770 secuta
916 3713 1044 3771 Ecclesia
1098 3714 1181 3772 lestis
1205 3714 1322 3770 inludit.
1350 3713 1481 3787 Denique
1494 3713 1571 3770 inter
1585 3713 1802 3772 benedictiones
1825 3727 1925 3772 sacra·

219 3805 291 3862 dicit
306 3821 314 3860 ι
328 3805 361 3862 la
374 3803 473 3859 amira
487 3803 545 3875 ejas
560 3803 713 3873 concupiui,
729 3805 755 3857 ct
768 3801 826 3859 aedi
849 3803 938 3873 (Cant.
955 3819 987 3873 ιι,
1002 3803 1042 3876 3).
1097 3803 1229 3861 tissimus
1244 3806 1440 3876 computatur,
1456 3806 1490 3859 ut
1504 3803 1615 3860 tribuat
1637 3803 1723 3860 nobis
1746 3802 1889 3860 Domlnus
1905 3819 1925 3862 a

218 3894 299 3952 liano
320 3891 539 3966 prerogativam
567 3889 636 3946 doni
664 3889 785 3946 virentis
814 3895 989 3964 acceperunt
1015 3895 1045 3949 et
1098 3909 1163 3950 rore
1186 3891 1249 3949 cmli
1274 3889 1332 3948 vim
1358 3890 1428 3958 vini,
1444 3889 1500 3948 olei
1527 3894 1615 3964 atque
1638 3892 1777 3949 {rumenti
1792 3909 1800 3949 ι
1816 3893 1863 3950 cui
1878 3895 1926 3950 eat

219 3981 353 4056 apostoli,
370 3997 496 4054 quorum
513 3997 566 4036 nec
580 3978 683 4036 lotium
696 3994 828 4051 unquam
843 3979 938 4051 potuit
956 3979 1043 4049 elabi,
1099 3982 1203 4052 honor,
1222 3979 1299 4048 laus,
1323 3983 1352 4036 et
1379 3979 1481 4053 gloria,
1497 3981 1676 4053 perpetuitas
1705 3998 1722 4038 a
1748 3980 1873 4050 seculis,
1893 3985 1926 4038 et

219 4076 252 4127 ut
270 4086 373 4128 eorum
399 4069 488 4126 etiam
511 4067 618 4125 umbra
641 4070 759 4124 curaret
782 4070 914 4140 egrotos.
934 4067 1044 4126 Obum·
1099 4087 1179 4129 nunc
1193 4073 1223 4125 et
1236 4083 1362 4143 semper,
1378 4073 1408 4127 at
1430 4069 1461 4125 in
1486 4068 1585 4127 omnia
1604 4070 1712 4127 secula
1734 4069 1921 4128 seculorum.

219 4161 285 4217 brat
309 4158 389 4216 enim
411 4156 598 4213 intlrmitates
614 4156 670 4228 (u)
692 4155 823 4228 corporis
836 4157 910 4215 tides
923 4159 1042 4228 mentis,
1098 4162 1201 4216 Amen.

253 4276 310 4347 (tl)
324 4272 433 4330 Omnes
447 4273 499 4329 dit.
516 4275 544 4328 et
559 4287 632 4328 mes.
648 4269 760 4343 aliquot
774 4272 920 4346 aequioris
930 4277 1015 4344 notae,
1045 4273 1229 4336 obumbrabat
1240 4275 1315 4332 caim
1326 4273 1494 4347 infirmitati.

831 4519 994 4605 uranu
1021 4519 1314 4632 Quintae.

757 4668 819 4730 DD
849 4669 1015 4734 OPDRD
1045 4669 1237 4744 Quaarl
1265 4668 1383 4732 Dllll.

387 4904 504 4964 CAPUT
523 4904 668 4962 PRIMUM
688 4905 801 4978 (Sermo
816 4906 876 4978 Vl.)
1059 4910 1171 4977 Duum
1186 4907 1365 4978 inlunditur,
1379 4908 1523 4965 mundare
1546 4907 1705 4976 consuevit,
1721 4921 1758 4964 ne
1781 4921 1846 4962 sors
1870 4903 1927 4960 ali·

219 4999 453 5123 wwrcmssarat
467 4997 502 5052 ad
521 4996 690 5052 creationem
712 4996 868 5051 soranae
888 4997 1044 5068 intelligen-
1099 5013 1158 5069 qua
1173 4996 1229 5069 (112)
1243 4997 1303 5053 vlni
1317 4997 1441 5070 gratiam
1455 4996 1609 5055 decoloret.
1621 4996 1696 5062 Ouid
1710 4996 1790 5052 euim
1804 4993 1927 5068 prodest

254 5067 331 5193 m
365 5067 665 5196 ,uim'lmmwss'el
676 5081 725 5193 '⁰¹:³0
739 5065 971 5194 &limata
984 5083 1044 5193 m
1098 5085 1307 5158 ponsrevitem
1323 5086 1434 5155 ordine,
1451 5085 1548 5144 fodere
1563 5083 1731 5160 quotannis,
1748 5087 1799 5142 aut
1817 5081 1927 5182 aratpis

256 5154 383 5274 ,imp-„33
397 5209 520 5266 ordinem
536 5225 588 5282 quo
603 5212 676 5265 mm
689 5209 747 5264 apa
760 5155 868 5266 “efflas
882 5218 930 5277 m,
945 5224 1045 5282 mm·
1098 5173 1194 5229 sulcos
1209 5173 1633 5248 duccre,putarc,subrigere,si
1648 5174 1810 5247 adjungere
1821 5171 1925 5240 ulmae,

256 5279 307 5345 dit,
321 5279 575 5353 cataractarum
587 5284 878 5353 terroeprcscpopaeia,
1098 5263 1126 5318 et
1141 5261 1268 5334 quodam
1283 5263 1429 5319 connubio
1444 5261 1591 5336 copulare,
1602 5263 1628 5320 si
1642 5266 1724 5318 tanto
1743 5261 1842 5318 labora
1855 5259 1928 5316 vina

260 5370 283 5420 ι.
300 5366 354 5431 Qui
368 5367 545 5425 vindemiam
560 5368 681 5443 colligit,
696 5385 767 5425 vasa
779 5370 862 5443 prius
878 5368 985 5441 quibus
999 5369 1045 5425 vi·
1098 5350 1221 5423 ‘luoessilll
1249 5349 1279 5407 in
1307 5367 1376 5409 Vfflss
1404 5351 1595 5408 ⁰⁰⁸⁰0⁸0811ff
1623 5350 1782 5410 Μῑῐῑῑῒῑῦθθ
1807 5363 1927 5421 ⁴1⁰⁰(lu0

258 5505 314 5634 (42)
329 5507 405 5563 Ddit.
421 5513 565 5579 omnes,ct
579 5528 651 5569 mss.
667 5511 788 5585 aliquot,
804 5509 923 5585 partim,
937 5526 973 5565 ne
985 5525 1046 5567 sor·
1099 5511 1205 5642 cippus,
1221 5514 1274 5568 etc.
1291 5511 1371 5568 Dona
1389 5509 1485 5578 lectio,
1500 5512 1586 5582 cnjus
1610 5511 1754 5570 rationem
1777 5505 1871 5568 intelli
1912 5523 1928 5566 s

221 5578 267 5636 uter
281 5595 298 5634 a
311 5579 418 5652 ioaae...
434 5581 601 5651 decolorent·
617 5586 735 5658 partim,
749 5599 785 5639 oc
806 5583 897 5640 eorda
914 5582 1045 5656 aliqua...
1100 5598 1116 5643 a
1150 5599 1229 5645 rano.
1246 5581 1356 5644 sanctii
1369 5580 1498 5644 Minerva
1513 5581 1547 5642 de
1562 5597 1624 5644 voc.
1640 5582 1772 5656 bomon,
1787 5577 1878 5656 pagi
1896 5577 1924 5638 8.

221 5650 363 5712 amora
380 5649 496 5712 Decem.
513 5667 585 5712 mss.
599 5657 726 5730 probata
741 5653 934 5730 auctoritatis,
944 5669 1047 5718 actore
