<?xml version="1.0" encoding="UTF-8"?>
<!DOCTYPE html PUBLIC "-//W3C//DTD XHTML 1.0 Transitional//EN"
    "http://www.w3.org/TR/xhtml1/DTD/xhtml1-transitional.dtd">
<html xmlns="http://www.w3.org/1999/xhtml" xml:lang="en" lang="en">
 <head>
  <title>
</title>
<meta http-equiv="Content-Type" content="text/html;charset=utf-8" />
  <meta name='ocr-system' content='tesseract 3.04.00' />
  <meta name='ocr-capabilities' content='ocr_page ocr_carea ocr_par ocr_line ocrx_word'/>
</head>
<body>
  <div class='ocr_page' id='page_1' title='image "./patrologiaecurs31goog_0073.png"; bbox 0 0 4159 6184; ppageno 0'>
   <div class='ocr_carea' id='block_1_1' title="bbox 126 312 187 371">
    <p class='ocr_par' dir='ltr' id='par_1_1' title="bbox 126 312 187 371">
     <span class='ocr_line' id='line_1_1' title="bbox 126 312 187 371; baseline 0 0"><span class='ocrx_word' id='word_1_1' title='bbox 126 312 187 371; x_wconf 77' lang='grc'><strong>137</strong></span> 
     </span>
    </p>
   </div>
   <div class='ocr_carea' id='block_1_2' title="bbox 766 266 1196 367">
    <p class='ocr_par' dir='ltr' id='par_1_2' title="bbox 766 266 1196 367">
     <span class='ocr_line' id='line_1_2' title="bbox 766 266 1196 367; baseline 0.009 -10"><span class='ocrx_word' id='word_1_2' title='bbox 766 298 1056 367; x_wconf 82' lang='lat' dir='ltr'><strong>naxnunauou</strong></span> <span class='ocrx_word' id='word_1_3' title='bbox 1077 266 1149 364; x_wconf 76' lang='lat' dir='ltr'><strong>ars.</strong></span> <span class='ocrx_word' id='word_1_4' title='bbox 1172 305 1196 364; x_wconf 89' lang='lat' dir='ltr'><strong>r.</strong></span> 
     </span>
    </p>
   </div>
   <div class='ocr_carea' id='block_1_3' title="bbox 1784 305 1842 369">
    <p class='ocr_par' dir='ltr' id='par_1_3' title="bbox 1784 305 1842 369">
     <span class='ocr_line' id='line_1_3' title="bbox 1784 305 1842 369; baseline 0 -1"><span class='ocrx_word' id='word_1_5' title='bbox 1784 305 1842 369; x_wconf 79' lang='grc'><strong>138</strong></span> 
     </span>
    </p>
   </div>
   <div class='ocr_carea' id='block_1_4' title="bbox 124 431 1839 517">
    <p class='ocr_par' dir='ltr' id='par_1_4' title="bbox 124 431 1839 517">
     <span class='ocr_line' id='line_1_4' title="bbox 124 431 1839 517; baseline -0.004 -16"><span class='ocrx_word' id='word_1_6' title='bbox 124 444 175 501; x_wconf 89' lang='lat' dir='ltr'><strong>sui</strong></span> <span class='ocrx_word' id='word_1_7' title='bbox 197 440 402 517; x_wconf 70' lang='lat' dir='ltr'><strong>gubernatoris</strong></span> <span class='ocrx_word' id='word_1_8' title='bbox 428 438 522 497; x_wconf 89' lang='lat' dir='ltr'><strong>divina</strong></span> <span class='ocrx_word' id='word_1_9' title='bbox 548 436 653 493; x_wconf 82' lang='lat' dir='ltr'><strong>virtuto</strong></span> <span class='ocrx_word' id='word_1_10' title='bbox 682 432 867 490; x_wconf 72' lang='lat' dir='ltr'>constarent.</span> <span class='ocrx_word' id='word_1_11' title='bbox 901 431 961 488; x_wconf 91' lang='lat' dir='ltr'><strong>Neo</strong></span> <span class='ocrx_word' id='word_1_12' title='bbox 975 436 1172 499; x_wconf 76' lang='lat' dir='ltr'><strong>Avidentar?</strong></span> <span class='ocrx_word' id='word_1_13' title='bbox 1193 436 1263 501; x_wconf 87' lang='lat' dir='ltr'><strong>Quis</strong></span> <span class='ocrx_word' id='word_1_14' title='bbox 1292 438 1406 495; x_wconf 90' lang='lat' dir='ltr'><strong>dubitet</strong></span> <span class='ocrx_word' id='word_1_15' title='bbox 1434 440 1513 513; x_wconf 92' lang='lat' dir='ltr'><strong>quod</strong></span> <span class='ocrx_word' id='word_1_16' title='bbox 1539 444 1614 497; x_wconf 80' lang='lat' dir='ltr'><strong>Deris</strong></span> <span class='ocrx_word' id='word_1_17' title='bbox 1642 439 1703 497; x_wconf 92' lang='lat' dir='ltr'><strong>hec</strong></span> <span class='ocrx_word' id='word_1_18' title='bbox 1730 439 1839 510; x_wconf 85' lang='lat' dir='ltr'><strong>iecerit,</strong></span> 
     </span>
    </p>
   </div>
   <div class='ocr_carea' id='block_1_5' title="bbox 125 522 960 875">
    <p class='ocr_par' dir='ltr' id='par_1_5' title="bbox 125 522 960 875">
     <span class='ocr_line' id='line_1_5' title="bbox 126 522 960 605; baseline -0.014 -15"><span class='ocrx_word' id='word_1_19' title='bbox 126 530 276 589; x_wconf 87' lang='lat' dir='ltr'><strong>immerito</strong></span> <span class='ocrx_word' id='word_1_20' title='bbox 287 528 507 605; x_wconf 77' lang='lat' dir='ltr'><strong>gubernatorem</strong></span> <span class='ocrx_word' id='word_1_21' title='bbox 524 522 723 597; x_wconf 90' lang='lat' dir='ltr'><strong>nesciunt‚qui</strong></span> <span class='ocrx_word' id='word_1_22' title='bbox 736 536 793 577; x_wconf 89' lang='lat' dir='ltr'><strong>non</strong></span> <span class='ocrx_word' id='word_1_23' title='bbox 805 526 960 577; x_wconf 76' lang='lat' dir='ltr'><strong>noverunt</strong></span> 
     </span>
     <span class='ocr_line' id='line_1_6' title="bbox 126 610 956 693; baseline -0.016 -14"><span class='ocrx_word' id='word_1_24' title='bbox 126 628 232 690; x_wconf 89' lang='lat' dir='ltr'><strong>Deum,</strong></span> <span class='ocrx_word' id='word_1_25' title='bbox 248 634 399 693; x_wconf 78' lang='lat' dir='ltr'><strong>perquem</strong></span> <span class='ocrx_word' id='word_1_26' title='bbox 413 616 509 674; x_wconf 85' lang='lat' dir='ltr'><strong>omnia</strong></span> <span class='ocrx_word' id='word_1_27' title='bbox 527 616 665 687; x_wconf 84' lang='lat' dir='ltr'><strong>reguntur</strong></span> <span class='ocrx_word' id='word_1_28' title='bbox 688 614 716 669; x_wconf 86' lang='lat' dir='ltr'><strong>et</strong></span> <span class='ocrx_word' id='word_1_29' title='bbox 735 610 956 685; x_wconf 88' lang='lat' dir='ltr'><strong>gubernantur.</strong></span> 
     </span>
     <span class='ocr_line' id='line_1_7' title="bbox 125 698 958 783; baseline -0.014 -14"><span class='ocrx_word' id='word_1_30' title='bbox 125 713 295 783; x_wconf 77' lang='lat' dir='ltr'><strong>Sequemur</strong></span> <span class='ocrx_word' id='word_1_31' title='bbox 321 722 390 780; x_wconf 86' lang='lat' dir='ltr'><strong>ergo</strong></span> <span class='ocrx_word' id='word_1_32' title='bbox 411 722 475 763; x_wconf 88' lang='lat' dir='ltr'><strong>eum</strong></span> <span class='ocrx_word' id='word_1_33' title='bbox 509 704 558 778; x_wconf 94' lang='lat' dir='ltr'><strong>qui</strong></span> <span class='ocrx_word' id='word_1_34' title='bbox 582 709 610 761; x_wconf 89' lang='lat' dir='ltr'><strong>et</strong></span> <span class='ocrx_word' id='word_1_35' title='bbox 631 706 780 760; x_wconf 87' lang='lat' dir='ltr'><strong>auctorem</strong></span> <span class='ocrx_word' id='word_1_36' title='bbox 811 698 898 755; x_wconf 87' lang='lat' dir='ltr'><strong>novit</strong></span> <span class='ocrx_word' id='word_1_37' title='bbox 928 704 958 757; x_wconf 89' lang='lat' dir='ltr'><strong>et</strong></span> 
     </span>
     <span class='ocr_line' id='line_1_8' title="bbox 125 787 936 875; baseline -0.017 -18"><span class='ocrx_word' id='word_1_38' title='bbox 125 800 367 875; x_wconf 86' lang='lat' dir='ltr'><strong>gubernatorem,</strong></span> <span class='ocrx_word' id='word_1_39' title='bbox 379 812 430 852; x_wconf 91' lang='lat' dir='ltr'><strong>neo</strong></span> <span class='ocrx_word' id='word_1_40' title='bbox 441 794 520 851; x_wconf 89' lang='lat' dir='ltr'><strong>vanis</strong></span> <span class='ocrx_word' id='word_1_41' title='bbox 534 794 714 850; x_wconf 81' lang='lat' dir='ltr'><strong>abducamur</strong></span> <span class='ocrx_word' id='word_1_42' title='bbox 731 787 936 863; x_wconf 81' lang='lat' dir='ltr'><strong>opinionibus.</strong></span> 
     </span>
    </p>
   </div>
   <div class='ocr_carea' id='block_1_6' title="bbox 447 900 626 957">
    <p class='ocr_par' dir='ltr' id='par_1_6' title="bbox 447 900 626 957">
     <span class='ocr_line' id='line_1_9' title="bbox 447 900 626 957; baseline -0.011 0"><span class='ocrx_word' id='word_1_43' title='bbox 447 900 559 957; x_wconf 82' lang='lat' dir='ltr'>CAPUT</span> <span class='ocrx_word' id='word_1_44' title='bbox 579 900 626 957; x_wconf 84' lang='grc' dir='ltr'><strong>ΙΙΙ,</strong></span> 
     </span>
    </p>
   </div>
   <div class='ocr_carea' id='block_1_7' title="bbox 125 986 953 1135">
    <p class='ocr_par' dir='ltr' id='par_1_7' title="bbox 125 986 953 1135">
     <span class='ocr_line' id='line_1_10' title="bbox 125 986 953 1067; baseline -0.019 -13"><span class='ocrx_word' id='word_1_45' title='bbox 125 994 305 1067; x_wconf 85' lang='lat' dir='ltr'><strong>Principium</strong></span> <span class='ocrx_word' id='word_1_46' title='bbox 326 1007 440 1047; x_wconf 84' lang='lat' dir='ltr'><strong>suumn</strong></span> <span class='ocrx_word' id='word_1_47' title='bbox 456 992 506 1046; x_wconf 85' lang='lat' dir='ltr'><strong>Deo</strong></span> <span class='ocrx_word' id='word_1_48' title='bbox 531 988 662 1044; x_wconf 71' lang='lat' dir='ltr'><strong>maroilum</strong></span> <span class='ocrx_word' id='word_1_49' title='bbox 677 986 795 1052; x_wconf 60' lang='lat' dir='ltr'><strong>terrere</strong></span> <span class='ocrx_word' id='word_1_50' title='bbox 812 1000 845 1039; x_wconf 85' lang='lat' dir='ltr'><strong>ne</strong></span> <span class='ocrx_word' id='word_1_51' title='bbox 855 987 953 1056; x_wconf 82' lang='lat' dir='ltr'><strong>proin-</strong></span> 
     </span>
     <span class='ocr_line' id='line_1_11' title="bbox 165 1060 953 1135; baseline -0.014 -12"><span class='ocrx_word' id='word_1_52' title='bbox 165 1068 200 1123; x_wconf 83' lang='lat' dir='ltr'><strong>de</strong></span> <span class='ocrx_word' id='word_1_53' title='bbox 221 1080 293 1129; x_wconf 85' lang='lat' dir='ltr'><strong>eum,</strong></span> <span class='ocrx_word' id='word_1_54' title='bbox 319 1064 384 1119; x_wconf 86' lang='lat' dir='ltr'><strong>ticet</strong></span> <span class='ocrx_word' id='word_1_55' title='bbox 407 1063 536 1135; x_wconf 81' lang='lat' dir='ltr'><strong>spherica</strong></span> <span class='ocrx_word' id='word_1_56' title='bbox 558 1060 647 1131; x_wconf 69' lang='lat' dir='ltr'><strong>figure</strong></span> <span class='ocrx_word' id='word_1_57' title='bbox 667 1061 713 1127; x_wconf 84' lang='lat' dir='ltr'><strong>rit,</strong></span> <span class='ocrx_word' id='word_1_58' title='bbox 737 1065 876 1115; x_wconf 82' lang='lat' dir='ltr'><strong>eternum</strong></span> <span class='ocrx_word' id='word_1_59' title='bbox 899 1072 953 1113; x_wconf 86' lang='lat' dir='ltr'><strong>non</strong></span> 
     </span>
    </p>
   </div>
   <div class='ocr_carea' id='block_1_8' title="bbox 124 1152 957 2272">
    <p class='ocr_par' dir='ltr' id='par_1_8' title="bbox 164 1152 232 1197">
     <span class='ocr_line' id='line_1_12' title="bbox 164 1152 232 1197; baseline -0.074 0"><span class='ocrx_word' id='word_1_60' title='bbox 164 1152 232 1197; x_wconf 81' lang='lat' dir='ltr'><strong>esre.</strong></span> 
     </span>
    </p>

    <p class='ocr_par' dir='ltr' id='par_1_9' title="bbox 124 1214 957 2272">
     <span class='ocr_line' id='line_1_13' title="bbox 163 1214 955 1296; baseline -0.016 -14"><span class='ocrx_word' id='word_1_61' title='bbox 163 1228 191 1282; x_wconf 87' lang='grc'><strong>8.</strong></span> <span class='ocrx_word' id='word_1_62' title='bbox 209 1227 241 1282; x_wconf 84' lang='lat' dir='ltr'><strong>lu</strong></span> <span class='ocrx_word' id='word_1_63' title='bbox 262 1223 415 1296; x_wconf 84' lang='lat' dir='ltr'><strong>principio,</strong></span> <span class='ocrx_word' id='word_1_64' title='bbox 442 1220 545 1291; x_wconf 89' lang='lat' dir='ltr'><strong>inquit.</strong></span> <span class='ocrx_word' id='word_1_65' title='bbox 570 1220 662 1285; x_wconf 83' lang='lat' dir='ltr'><strong>Quem</strong></span> <span class='ocrx_word' id='word_1_66' title='bbox 690 1216 786 1272; x_wconf 89' lang='lat' dir='ltr'><strong>bouus</strong></span> <span class='ocrx_word' id='word_1_67' title='bbox 815 1214 896 1281; x_wconf 91' lang='lat' dir='ltr'><strong>ordo,</strong></span> <span class='ocrx_word' id='word_1_68' title='bbox 922 1218 955 1269; x_wconf 90' lang='lat' dir='ltr'><strong>ut</strong></span> 
     </span>
     <span class='ocr_line' id='line_1_14' title="bbox 126 1305 953 1387; baseline -0.021 -15"><span class='ocrx_word' id='word_1_69' title='bbox 126 1314 202 1372; x_wconf 91' lang='lat' dir='ltr'><strong>illud</strong></span> <span class='ocrx_word' id='word_1_70' title='bbox 219 1312 352 1387; x_wconf 87' lang='lat' dir='ltr'><strong>primum</strong></span> <span class='ocrx_word' id='word_1_71' title='bbox 369 1307 602 1381; x_wconf 86' lang='lat' dir='ltr'><strong>assereret,quod</strong></span> <span class='ocrx_word' id='word_1_72' title='bbox 613 1322 719 1380; x_wconf 90' lang='lat' dir='ltr'><strong>negare</strong></span> <span class='ocrx_word' id='word_1_73' title='bbox 730 1305 953 1369; x_wconf 87' lang='lat' dir='ltr'><strong>consueverunt,</strong></span> 
     </span>
     <span class='ocr_line' id='line_1_15' title="bbox 128 1390 955 1477; baseline -0.018 -15"><span class='ocrx_word' id='word_1_74' title='bbox 128 1410 157 1462; x_wconf 88' lang='lat' dir='ltr'><strong>et</strong></span> <span class='ocrx_word' id='word_1_75' title='bbox 180 1403 395 1477; x_wconf 79' lang='lat' dir='ltr'><strong>cognoscerent</strong></span> <span class='ocrx_word' id='word_1_76' title='bbox 417 1396 590 1472; x_wconf 91' lang='lat' dir='ltr'><strong>principium</strong></span> <span class='ocrx_word' id='word_1_77' title='bbox 615 1411 681 1453; x_wconf 89' lang='lat' dir='ltr'><strong>esse</strong></span> <span class='ocrx_word' id='word_1_78' title='bbox 710 1392 823 1459; x_wconf 91' lang='lat' dir='ltr'><strong>mundi,</strong></span> <span class='ocrx_word' id='word_1_79' title='bbox 840 1406 877 1447; x_wconf 91' lang='lat' dir='ltr'><strong>ne</strong></span> <span class='ocrx_word' id='word_1_80' title='bbox 891 1390 955 1447; x_wconf 92' lang='lat' dir='ltr'><strong>sine</strong></span> 
     </span>
     <span class='ocr_line' id='line_1_16' title="bbox 130 1482 953 1568; baseline -0.018 -18"><span class='ocrx_word' id='word_1_81' title='bbox 130 1491 278 1568; x_wconf 89' lang='lat' dir='ltr'><strong>principio</strong></span> <span class='ocrx_word' id='word_1_82' title='bbox 308 1489 451 1545; x_wconf 90' lang='lat' dir='ltr'><strong>mundum</strong></span> <span class='ocrx_word' id='word_1_83' title='bbox 479 1502 541 1543; x_wconf 89' lang='lat' dir='ltr'><strong>esso</strong></span> <span class='ocrx_word' id='word_1_84' title='bbox 569 1486 706 1543; x_wconf 87' lang='lat' dir='ltr'><strong>homiues</strong></span> <span class='ocrx_word' id='word_1_85' title='bbox 733 1482 953 1540; x_wconf 86' lang='lat' dir='ltr'><strong>arbitrarentur.</strong></span> 
     </span>
     <span class='ocr_line' id='line_1_17' title="bbox 126 1568 954 1645; baseline -0.018 -5"><span class='ocrx_word' id='word_1_86' title='bbox 126 1582 212 1640; x_wconf 89' lang='lat' dir='ltr'><strong>Unde</strong></span> <span class='ocrx_word' id='word_1_87' title='bbox 237 1584 267 1636; x_wconf 88' lang='lat' dir='ltr'><strong>et</strong></span> <span class='ocrx_word' id='word_1_88' title='bbox 286 1577 380 1634; x_wconf 90' lang='lat' dir='ltr'><strong>David</strong></span> <span class='ocrx_word' id='word_1_89' title='bbox 395 1593 459 1633; x_wconf 90' lang='lat' dir='ltr'><strong>cum</strong></span> <span class='ocrx_word' id='word_1_90' title='bbox 475 1576 509 1632; x_wconf 89' lang='lat' dir='ltr'><strong>de</strong></span> <span class='ocrx_word' id='word_1_91' title='bbox 524 1576 607 1645; x_wconf 85' lang='lat' dir='ltr'><strong>celo,</strong></span> <span class='ocrx_word' id='word_1_92' title='bbox 624 1579 653 1633; x_wconf 91' lang='lat' dir='ltr'><strong>et</strong></span> <span class='ocrx_word' id='word_1_93' title='bbox 668 1578 754 1642; x_wconf 89' lang='lat' dir='ltr'><strong>terra,</strong></span> <span class='ocrx_word' id='word_1_94' title='bbox 770 1576 799 1628; x_wconf 88' lang='lat' dir='ltr'><strong>ct</strong></span> <span class='ocrx_word' id='word_1_95' title='bbox 815 1569 887 1626; x_wconf 88' lang='lat' dir='ltr'><strong>mari</strong></span> <span class='ocrx_word' id='word_1_96' title='bbox 912 1568 954 1625; x_wconf 94' lang='lat' dir='ltr'><strong>lo·</strong></span> 
     </span>
     <span class='ocr_line' id='line_1_18' title="bbox 126 1660 953 1744; baseline -0.016 -17"><span class='ocrx_word' id='word_1_97' title='bbox 126 1673 280 1744; x_wconf 91' lang='lat' dir='ltr'><strong>queretur,</strong></span> <span class='ocrx_word' id='word_1_98' title='bbox 295 1667 348 1735; x_wconf 89' lang='lat' dir='ltr'><strong>ait,</strong></span> <span class='ocrx_word' id='word_1_99' title='bbox 365 1666 460 1723; x_wconf 84' lang='lat' dir='ltr'><strong>Omnia</strong></span> <span class='ocrx_word' id='word_1_100' title='bbox 476 1666 505 1720; x_wconf 87' lang='lat' dir='ltr'><strong>r&#39;n</strong></span> <span class='ocrx_word' id='word_1_101' title='bbox 523 1665 666 1737; x_wconf 83' lang='lat' dir='ltr'><strong>supientia</strong></span> <span class='ocrx_word' id='word_1_102' title='bbox 689 1663 778 1735; x_wconf 75' lang='lat' dir='ltr'><strong>[cesti</strong></span> <span class='ocrx_word' id='word_1_103' title='bbox 791 1660 877 1733; x_wconf 80' lang='lat' dir='ltr'><strong>(Prot.</strong></span> <span class='ocrx_word' id='word_1_104' title='bbox 894 1674 953 1725; x_wconf 87' lang='lat' dir='ltr'><strong>cnr,</strong></span> 
     </span>
     <span class='ocr_line' id='line_1_19' title="bbox 124 1746 954 1829; baseline -0.017 -12"><span class='ocrx_word' id='word_1_105' title='bbox 124 1762 184 1829; x_wconf 82' lang='grc'>21).</span> <span class='ocrx_word' id='word_1_106' title='bbox 213 1756 301 1815; x_wconf 88' lang='lat' dir='ltr'><strong>Dedit</strong></span> <span class='ocrx_word' id='word_1_107' title='bbox 325 1769 393 1828; x_wconf 91' lang='lat' dir='ltr'><strong>ergo</strong></span> <span class='ocrx_word' id='word_1_108' title='bbox 410 1752 584 1828; x_wconf 88' lang='lat' dir='ltr'><strong>principium</strong></span> <span class='ocrx_word' id='word_1_109' title='bbox 611 1750 733 1819; x_wconf 91' lang='lat' dir='ltr'><strong>mundo,</strong></span> <span class='ocrx_word' id='word_1_110' title='bbox 757 1749 837 1807; x_wconf 89' lang='lat' dir='ltr'><strong>dedit</strong></span> <span class='ocrx_word' id='word_1_111' title='bbox 868 1746 954 1805; x_wconf 88' lang='lat' dir='ltr'><strong>etiarn</strong></span> 
     </span>
     <span class='ocr_line' id='line_1_20' title="bbox 125 1837 955 1914; baseline -0.017 -7"><span class='ocrx_word' id='word_1_112' title='bbox 125 1852 271 1907; x_wconf 87' lang='lat' dir='ltr'><strong>creature</strong></span> <span class='ocrx_word' id='word_1_113' title='bbox 300 1842 498 1901; x_wconf 77' lang='lat' dir='ltr'><strong>infirmitatem</strong></span> <span class='ocrx_word' id='word_1_114' title='bbox 517 1842 585 1914; x_wconf 87' lang='grc'>(11),</span> <span class='ocrx_word' id='word_1_115' title='bbox 615 1858 652 1898; x_wconf 88' lang='lat' dir='ltr'><strong>as</strong></span> <span class='ocrx_word' id='word_1_116' title='bbox 677 1838 834 1907; x_wconf 82' lang='lat' dir='ltr'><strong>anarchon,</strong></span> <span class='ocrx_word' id='word_1_117' title='bbox 856 1855 890 1895; x_wconf 92' lang='lat' dir='ltr'><strong>ne</strong></span> <span class='ocrx_word' id='word_1_118' title='bbox 911 1837 955 1893; x_wconf 91' lang='lat' dir='ltr'><strong>iu·</strong></span> 
     </span>
     <span class='ocr_line' id='line_1_21' title="bbox 125 1926 956 2005; baseline -0.016 -9"><span class='ocrx_word' id='word_1_119' title='bbox 125 1940 272 2005; x_wconf 88' lang='lat' dir='ltr'><strong>creatum,</strong></span> <span class='ocrx_word' id='word_1_120' title='bbox 294 1936 323 1991; x_wconf 90' lang='lat' dir='ltr'><strong>et</strong></span> <span class='ocrx_word' id='word_1_121' title='bbox 349 1931 449 1988; x_wconf 86' lang='lat' dir='ltr'><strong>divine</strong></span> <span class='ocrx_word' id='word_1_122' title='bbox 469 1935 639 1988; x_wconf 89' lang='lat' dir='ltr'><strong>consortem</strong></span> <span class='ocrx_word' id='word_1_123' title='bbox 664 1927 832 1986; x_wconf 84' lang='lat' dir='ltr'><strong>substantie</strong></span> <span class='ocrx_word' id='word_1_124' title='bbox 857 1926 956 1984; x_wconf 91' lang='lat' dir='ltr'><strong>crede·</strong></span> 
     </span>
     <span class='ocr_line' id='line_1_22' title="bbox 126 2016 957 2095; baseline -0.013 -11"><span class='ocrx_word' id='word_1_125' title='bbox 126 2042 239 2084; x_wconf 72' lang='lat' dir='ltr'><strong>emas.</strong></span> <span class='ocrx_word' id='word_1_126' title='bbox 257 2024 295 2081; x_wconf 80' lang='lat' dir='ltr'><strong>at</strong></span> <span class='ocrx_word' id='word_1_127' title='bbox 319 2020 437 2095; x_wconf 87' lang='lat' dir='ltr'><strong>pulchre</strong></span> <span class='ocrx_word' id='word_1_128' title='bbox 452 2020 566 2077; x_wconf 92' lang='lat' dir='ltr'><strong>addidit</strong></span> <span class='ocrx_word' id='word_1_129' title='bbox 585 2018 655 2091; x_wconf 86' lang='grc'>(12),</span> <span class='ocrx_word' id='word_1_130' title='bbox 671 2020 745 2089; x_wconf 77' lang='lat' dir='ltr'><strong>tecit,</strong></span> <span class='ocrx_word' id='word_1_131' title='bbox 762 2034 797 2074; x_wconf 91' lang='lat' dir='ltr'><strong>ue</strong></span> <span class='ocrx_word' id='word_1_132' title='bbox 822 2034 903 2074; x_wconf 89' lang='lat' dir='ltr'><strong>mora</strong></span> <span class='ocrx_word' id='word_1_133' title='bbox 926 2016 957 2073; x_wconf 91' lang='lat' dir='ltr'><strong>in</strong></span> 
     </span>
     <span class='ocr_line' id='line_1_23' title="bbox 128 2105 956 2179; baseline -0.01 -8"><span class='ocrx_word' id='word_1_134' title='bbox 128 2115 265 2173; x_wconf 83' lang='lat' dir='ltr'><strong>laniendo</strong></span> <span class='ocrx_word' id='word_1_135' title='bbox 286 2111 381 2168; x_wconf 88' lang='lat' dir='ltr'><strong>tuisse</strong></span> <span class='ocrx_word' id='word_1_136' title='bbox 405 2108 628 2176; x_wconf 85' lang='lat' dir='ltr'><strong>exstimaretur;</strong></span> <span class='ocrx_word' id='word_1_137' title='bbox 647 2111 680 2163; x_wconf 92' lang='lat' dir='ltr'><strong>ut</strong></span> <span class='ocrx_word' id='word_1_138' title='bbox 700 2105 744 2163; x_wconf 88' lang='lat' dir='ltr'><strong>vel</strong></span> <span class='ocrx_word' id='word_1_139' title='bbox 758 2105 800 2163; x_wconf 89' lang='lat' dir='ltr'><strong>sio</strong></span> <span class='ocrx_word' id='word_1_140' title='bbox 815 2105 956 2179; x_wconf 86' lang='lat' dir='ltr'><strong>intellige·</strong></span> 
     </span>
     <span class='ocr_line' id='line_1_24' title="bbox 128 2194 956 2272; baseline -0.012 -11"><span class='ocrx_word' id='word_1_141' title='bbox 128 2208 196 2261; x_wconf 89' lang='lat' dir='ltr'><strong>reat</strong></span> <span class='ocrx_word' id='word_1_142' title='bbox 210 2199 350 2260; x_wconf 89' lang='lat' dir='ltr'><strong>homines</strong></span> <span class='ocrx_word' id='word_1_143' title='bbox 362 2214 447 2272; x_wconf 88' lang='lat' dir='ltr'><strong>quam</strong></span> <span class='ocrx_word' id='word_1_144' title='bbox 463 2194 707 2271; x_wconf 87' lang='lat' dir='ltr'><strong>incomparabilis</strong></span> <span class='ocrx_word' id='word_1_145' title='bbox 721 2198 856 2269; x_wconf 84' lang='lat' dir='ltr'><strong>operator</strong></span> <span class='ocrx_word' id='word_1_146' title='bbox 870 2200 956 2265; x_wconf 88' lang='lat' dir='ltr'><strong>esset,</strong></span> 
     </span>
    </p>
   </div>
   <div class='ocr_carea' id='block_1_9' title="bbox 131 2286 1056 2367">
    <p class='ocr_par' dir='ltr' id='par_1_10' title="bbox 131 2286 1056 2367">
     <span class='ocr_line' id='line_1_25' title="bbox 131 2286 1056 2367; baseline -0.011 -17"><span class='ocrx_word' id='word_1_147' title='bbox 131 2294 186 2367; x_wconf 88' lang='lat' dir='ltr'><strong>qui</strong></span> <span class='ocrx_word' id='word_1_148' title='bbox 199 2296 318 2349; x_wconf 91' lang='lat' dir='ltr'><strong>tantum</strong></span> <span class='ocrx_word' id='word_1_149' title='bbox 333 2305 407 2362; x_wconf 90' lang='lat' dir='ltr'><strong>opus</strong></span> <span class='ocrx_word' id='word_1_150' title='bbox 421 2287 498 2343; x_wconf 89' lang='lat' dir='ltr'><strong>brevi</strong></span> <span class='ocrx_word' id='word_1_151' title='bbox 511 2287 533 2344; x_wconf 77' lang='lat' dir='ltr'><strong>b</strong></span> <span class='ocrx_word' id='word_1_152' title='bbox 547 2286 716 2359; x_wconf 83' lang='lat' dir='ltr'><strong>exiguoque</strong></span> <span class='ocrx_word' id='word_1_153' title='bbox 736 2288 882 2340; x_wconf 89' lang='lat' dir='ltr'><strong>momento</strong></span> <span class='ocrx_word' id='word_1_154' title='bbox 898 2300 958 2341; x_wconf 78' lang='lat' dir='ltr'><strong>sure</strong></span> <span class='ocrx_word' id='word_1_155' title='bbox 1050 2328 1056 2340; x_wconf 92' lang='lat'><strong>.</strong></span> 
     </span>
    </p>
   </div>
   <div class='ocr_carea' id='block_1_10' title="bbox 127 2372 963 4403">
    <p class='ocr_par' dir='ltr' id='par_1_11' title="bbox 127 2372 960 3257">
     <span class='ocr_line' id='line_1_26' title="bbox 132 2372 959 2455; baseline -0.015 -14"><span class='ocrx_word' id='word_1_156' title='bbox 132 2380 312 2455; x_wconf 79' lang='lat' dir='ltr'><strong>operationis</strong></span> <span class='ocrx_word' id='word_1_157' title='bbox 357 2375 524 2445; x_wconf 89' lang='lat' dir='ltr'><strong>absolveret,</strong></span> <span class='ocrx_word' id='word_1_158' title='bbox 567 2379 602 2431; x_wconf 87' lang='lat' dir='ltr'><strong>ut</strong></span> <span class='ocrx_word' id='word_1_159' title='bbox 639 2372 799 2430; x_wconf 86' lang='lat' dir='ltr'><strong>voluntatis</strong></span> <span class='ocrx_word' id='word_1_160' title='bbox 838 2372 959 2429; x_wconf 84' lang='lat' dir='ltr'><strong>ellectus</strong></span> 
     </span>
     <span class='ocr_line' id='line_1_27' title="bbox 130 2462 958 2541; baseline -0.014 -12"><span class='ocrx_word' id='word_1_161' title='bbox 130 2485 257 2529; x_wconf 89' lang='lat' dir='ltr'><strong>sensum</strong></span> <span class='ocrx_word' id='word_1_162' title='bbox 273 2469 327 2541; x_wconf 79' lang='grc'>(13)</span> <span class='ocrx_word' id='word_1_163' title='bbox 343 2464 480 2540; x_wconf 85' lang='lat' dir='ltr'><strong>temporis</strong></span> <span class='ocrx_word' id='word_1_164' title='bbox 499 2463 677 2539; x_wconf 83' lang='lat' dir='ltr'><strong>preveniret</strong></span> <span class='ocrx_word' id='word_1_165' title='bbox 691 2462 755 2535; x_wconf 86' lang='lat' dir='ltr'><strong>(tl).</strong></span> <span class='ocrx_word' id='word_1_166' title='bbox 772 2462 861 2517; x_wconf 87' lang='lat' dir='ltr'><strong>Nemo</strong></span> <span class='ocrx_word' id='word_1_167' title='bbox 891 2478 958 2534; x_wconf 91' lang='lat' dir='ltr'><strong>ope·</strong></span> 
     </span>
     <span class='ocr_line' id='line_1_28' title="bbox 131 2548 960 2628; baseline -0.014 -12"><span class='ocrx_word' id='word_1_168' title='bbox 131 2562 247 2616; x_wconf 86' lang='lat' dir='ltr'><strong>rentem</strong></span> <span class='ocrx_word' id='word_1_169' title='bbox 277 2556 357 2623; x_wconf 88' lang='lat' dir='ltr'><strong>vidit,</strong></span> <span class='ocrx_word' id='word_1_170' title='bbox 384 2554 433 2610; x_wconf 89' lang='lat' dir='ltr'><strong>sed</strong></span> <span class='ocrx_word' id='word_1_171' title='bbox 462 2552 582 2628; x_wconf 88' lang='lat' dir='ltr'><strong>agnovit</strong></span> <span class='ocrx_word' id='word_1_172' title='bbox 605 2554 769 2624; x_wconf 86' lang='lat' dir='ltr'><strong>operatum.</strong></span> <span class='ocrx_word' id='word_1_173' title='bbox 787 2548 841 2606; x_wconf 88' lang='lat' dir='ltr'><strong>Ubi</strong></span> <span class='ocrx_word' id='word_1_174' title='bbox 868 2549 960 2623; x_wconf 85' lang='lat' dir='ltr'><strong>igitur</strong></span> 
     </span>
     <span class='ocr_line' id='line_1_29' title="bbox 129 2640 959 2717; baseline -0.016 -12"><span class='ocrx_word' id='word_1_175' title='bbox 129 2664 223 2717; x_wconf 88' lang='lat' dir='ltr'><strong>more,</strong></span> <span class='ocrx_word' id='word_1_176' title='bbox 239 2662 307 2702; x_wconf 92' lang='lat' dir='ltr'><strong>cum</strong></span> <span class='ocrx_word' id='word_1_177' title='bbox 335 2643 431 2717; x_wconf 87' lang='lat' dir='ltr'><strong>leges:</strong></span> <span class='ocrx_word' id='word_1_178' title='bbox 448 2643 516 2712; x_wconf 81' lang='lat' dir='ltr'><strong>Quin</strong></span> <span class='ocrx_word' id='word_1_179' title='bbox 538 2644 597 2715; x_wconf 84' lang='lat' dir='ltr'><strong>ipre</strong></span> <span class='ocrx_word' id='word_1_180' title='bbox 626 2640 709 2707; x_wconf 80' lang='lat' dir='ltr'><strong>dixit,</strong></span> <span class='ocrx_word' id='word_1_181' title='bbox 734 2641 759 2694; x_wconf 85' lang='lat' dir='ltr'><strong>et</strong></span> <span class='ocrx_word' id='word_1_182' title='bbox 782 2642 856 2711; x_wconf 76' lang='lat' dir='ltr'><strong>sacta</strong></span> <span class='ocrx_word' id='word_1_183' title='bbox 876 2640 959 2706; x_wconf 85' lang='lat' dir='ltr'><strong>sunt;</strong></span> 
     </span>
     <span class='ocr_line' id='line_1_30' title="bbox 128 2726 959 2811; baseline -0.01 -18"><span class='ocrx_word' id='word_1_184' title='bbox 128 2740 188 2811; x_wconf 78' lang='lat' dir='ltr'><strong>ipre</strong></span> <span class='ocrx_word' id='word_1_185' title='bbox 215 2732 370 2802; x_wconf 71' lang='lat' dir='ltr'><strong>mundant,</strong></span> <span class='ocrx_word' id='word_1_186' title='bbox 394 2736 419 2788; x_wconf 84' lang='lat' dir='ltr'><strong>ct</strong></span> <span class='ocrx_word' id='word_1_187' title='bbox 442 2735 531 2790; x_wconf 84' lang='lat' dir='ltr'><strong>creato</strong></span> <span class='ocrx_word' id='word_1_188' title='bbox 562 2736 629 2786; x_wconf 83' lang='lat' dir='ltr'><strong>sunt</strong></span> <span class='ocrx_word' id='word_1_189' title='bbox 651 2728 744 2801; x_wconf 83' lang='lat' dir='ltr'><strong>(Prot.</strong></span> <span class='ocrx_word' id='word_1_190' title='bbox 769 2745 883 2794; x_wconf 81' lang='lat' dir='ltr'><strong>cxcviii,</strong></span> <span class='ocrx_word' id='word_1_191' title='bbox 907 2726 959 2799; x_wconf 78' lang='lat' dir='ltr'><strong>5lt</strong></span> 
     </span>
     <span class='ocr_line' id='line_1_31' title="bbox 128 2817 956 2897; baseline -0.014 -13"><span class='ocrx_word' id='word_1_192' title='bbox 128 2827 187 2884; x_wconf 89' lang='lat' dir='ltr'><strong>Nec</strong></span> <span class='ocrx_word' id='word_1_193' title='bbox 202 2824 277 2882; x_wconf 81' lang='lat' dir='ltr'><strong>ortis</strong></span> <span class='ocrx_word' id='word_1_194' title='bbox 304 2822 393 2897; x_wconf 90' lang='lat' dir='ltr'><strong>igitur</strong></span> <span class='ocrx_word' id='word_1_195' title='bbox 414 2837 510 2886; x_wconf 90' lang='lat' dir='ltr'><strong>usum,</strong></span> <span class='ocrx_word' id='word_1_196' title='bbox 527 2835 581 2876; x_wconf 90' lang='lat' dir='ltr'><strong>neo</strong></span> <span class='ocrx_word' id='word_1_197' title='bbox 601 2817 720 2874; x_wconf 88' lang='lat' dir='ltr'><strong>virtutis</strong></span> <span class='ocrx_word' id='word_1_198' title='bbox 744 2818 889 2891; x_wconf 83' lang='lat' dir='ltr'><strong>expendit,</strong></span> <span class='ocrx_word' id='word_1_199' title='bbox 907 2834 956 2889; x_wconf 89' lang='lat' dir='ltr'><strong>qur</strong></span> 
     </span>
     <span class='ocr_line' id='line_1_32' title="bbox 130 2907 957 2978; baseline -0.016 -5"><span class='ocrx_word' id='word_1_200' title='bbox 130 2917 284 2973; x_wconf 91' lang='lat' dir='ltr'><strong>momento</strong></span> <span class='ocrx_word' id='word_1_201' title='bbox 310 2928 369 2967; x_wconf 88' lang='lat' dir='ltr'><strong>sue</strong></span> <span class='ocrx_word' id='word_1_202' title='bbox 391 2909 551 2967; x_wconf 87' lang='lat' dir='ltr'><strong>voluntatis</strong></span> <span class='ocrx_word' id='word_1_203' title='bbox 577 2907 764 2978; x_wconf 84' lang='lat' dir='ltr'><strong>majestatem</strong></span> <span class='ocrx_word' id='word_1_204' title='bbox 788 2910 875 2963; x_wconf 85' lang='lat' dir='ltr'><strong>tante</strong></span> <span class='ocrx_word' id='word_1_205' title='bbox 890 2920 957 2977; x_wconf 91' lang='lat' dir='ltr'><strong>ope·</strong></span> 
     </span>
     <span class='ocr_line' id='line_1_33' title="bbox 127 2995 957 3073; baseline -0.016 -10"><span class='ocrx_word' id='word_1_206' title='bbox 127 3003 255 3063; x_wconf 90' lang='lat' dir='ltr'><strong>rationis</strong></span> <span class='ocrx_word' id='word_1_207' title='bbox 271 2998 422 3073; x_wconf 87' lang='lat' dir='ltr'><strong>implevit;</strong></span> <span class='ocrx_word' id='word_1_208' title='bbox 438 3002 470 3055; x_wconf 88' lang='lat' dir='ltr'><strong>ut</strong></span> <span class='ocrx_word' id='word_1_209' title='bbox 484 3014 518 3055; x_wconf 90' lang='lat' dir='ltr'><strong>ea</strong></span> <span class='ocrx_word' id='word_1_210' title='bbox 533 3013 598 3069; x_wconf 84' lang='lat' dir='ltr'><strong>que</strong></span> <span class='ocrx_word' id='word_1_211' title='bbox 615 3011 674 3052; x_wconf 90' lang='lat' dir='ltr'><strong>non</strong></span> <span class='ocrx_word' id='word_1_212' title='bbox 690 2999 782 3061; x_wconf 90' lang='lat' dir='ltr'><strong>arant,</strong></span> <span class='ocrx_word' id='word_1_213' title='bbox 798 3011 863 3052; x_wconf 87' lang='lat' dir='ltr'><strong>esse</strong></span> <span class='ocrx_word' id='word_1_214' title='bbox 883 2995 957 3051; x_wconf 89' lang='lat' dir='ltr'><strong>tace·</strong></span> 
     </span>
     <span class='ocr_line' id='line_1_34' title="bbox 128 3082 957 3157; baseline -0.011 -8"><span class='ocrx_word' id='word_1_215' title='bbox 128 3098 173 3151; x_wconf 88' lang='lat' dir='ltr'><strong>ret</strong></span> <span class='ocrx_word' id='word_1_216' title='bbox 197 3096 261 3148; x_wconf 90' lang='lat' dir='ltr'><strong>tem</strong></span> <span class='ocrx_word' id='word_1_217' title='bbox 291 3087 483 3155; x_wconf 64' lang='lat' dir='ltr'><strong>velocesque</strong></span> <span class='ocrx_word' id='word_1_218' title='bbox 512 3100 609 3157; x_wconf 88' lang='lat' dir='ltr'><strong>neque</strong></span> <span class='ocrx_word' id='word_1_219' title='bbox 637 3082 774 3140; x_wconf 87' lang='lat' dir='ltr'><strong>voluutas</strong></span> <span class='ocrx_word' id='word_1_220' title='bbox 797 3082 957 3156; x_wconf 82' lang='lat' dir='ltr'><strong>operationi</strong></span> 
     </span>
     <span class='ocr_line' id='line_1_35' title="bbox 129 3170 757 3257; baseline -0.019 -18"><span class='ocrx_word' id='word_1_221' title='bbox 129 3181 335 3257; x_wconf 70' lang='lat' dir='ltr'><strong>precurreret,</strong></span> <span class='ocrx_word' id='word_1_222' title='bbox 352 3192 443 3249; x_wconf 87' lang='lat' dir='ltr'><strong>neque</strong></span> <span class='ocrx_word' id='word_1_223' title='bbox 457 3172 588 3248; x_wconf 84' lang='lat' dir='ltr'><strong>operatio</strong></span> <span class='ocrx_word' id='word_1_224' title='bbox 604 3170 757 3229; x_wconf 87' lang='lat' dir='ltr'><strong>voluntati.</strong></span> 
     </span>
    </p>

    <p class='ocr_par' dir='ltr' id='par_1_12' title="bbox 128 3261 963 4403">
     <span class='ocr_line' id='line_1_36' title="bbox 164 3261 958 3339; baseline -0.01 -15"><span class='ocrx_word' id='word_1_225' title='bbox 164 3270 193 3326; x_wconf 83' lang='grc'><strong>9.</strong></span> <span class='ocrx_word' id='word_1_226' title='bbox 210 3267 328 3326; x_wconf 82' lang='lat' dir='ltr'><strong>Miraris</strong></span> <span class='ocrx_word' id='word_1_227' title='bbox 350 3282 433 3339; x_wconf 89' lang='lat' dir='ltr'><strong>opus,</strong></span> <span class='ocrx_word' id='word_1_228' title='bbox 449 3263 557 3337; x_wconf 86' lang='lat' dir='ltr'><strong>queris</strong></span> <span class='ocrx_word' id='word_1_229' title='bbox 580 3263 774 3335; x_wconf 87' lang='lat' dir='ltr'><strong>operatorem,</strong></span> <span class='ocrx_word' id='word_1_230' title='bbox 789 3261 855 3334; x_wconf 91' lang='lat' dir='ltr'><strong>quis</strong></span> <span class='ocrx_word' id='word_1_231' title='bbox 878 3279 958 3335; x_wconf 81' lang='lat' dir='ltr'><strong>prin·</strong></span> 
     </span>
     <span class='ocr_line' id='line_1_37' title="bbox 130 3350 958 3433; baseline -0.008 -18"><span class='ocrx_word' id='word_1_232' title='bbox 130 3358 244 3433; x_wconf 88' lang='lat' dir='ltr'><strong>cipium</strong></span> <span class='ocrx_word' id='word_1_233' title='bbox 260 3359 341 3413; x_wconf 89' lang='lat' dir='ltr'><strong>tauto</strong></span> <span class='ocrx_word' id='word_1_234' title='bbox 355 3354 434 3428; x_wconf 88' lang='lat' dir='ltr'><strong>operi</strong></span> <span class='ocrx_word' id='word_1_235' title='bbox 449 3351 571 3421; x_wconf 85' lang='lat' dir='ltr'><strong>dederit,</strong></span> <span class='ocrx_word' id='word_1_236' title='bbox 589 3350 657 3423; x_wconf 89' lang='lat' dir='ltr'><strong>quis</strong></span> <span class='ocrx_word' id='word_1_237' title='bbox 672 3353 732 3405; x_wconf 87' lang='lat' dir='ltr'><strong>tam</strong></span> <span class='ocrx_word' id='word_1_238' title='bbox 751 3350 808 3407; x_wconf 91' lang='lat' dir='ltr'><strong>cito</strong></span> <span class='ocrx_word' id='word_1_239' title='bbox 830 3350 860 3406; x_wconf 90' lang='lat' dir='ltr'><strong>id</strong></span> <span class='ocrx_word' id='word_1_240' title='bbox 884 3350 958 3408; x_wconf 90' lang='lat' dir='ltr'><strong>tece-</strong></span> 
     </span>
     <span class='ocr_line' id='line_1_38' title="bbox 131 3437 960 3518; baseline -0.011 -14"><span class='ocrx_word' id='word_1_241' title='bbox 131 3448 192 3504; x_wconf 88' lang='lat' dir='ltr'><strong>rit‘t</strong></span> <span class='ocrx_word' id='word_1_242' title='bbox 207 3443 341 3518; x_wconf 87' lang='lat' dir='ltr'><strong>Subjeoit</strong></span> <span class='ocrx_word' id='word_1_243' title='bbox 354 3442 465 3509; x_wconf 88' lang='lat' dir='ltr'><strong>statim,</strong></span> <span class='ocrx_word' id='word_1_244' title='bbox 480 3440 583 3497; x_wconf 89' lang='lat' dir='ltr'><strong>dicens</strong></span> <span class='ocrx_word' id='word_1_245' title='bbox 599 3437 669 3511; x_wconf 88' lang='lat' dir='ltr'><strong>quie</strong></span> <span class='ocrx_word' id='word_1_246' title='bbox 681 3439 751 3495; x_wconf 84' lang='lat' dir='ltr'><strong>Deus</strong></span> <span class='ocrx_word' id='word_1_247' title='bbox 773 3440 838 3510; x_wconf 79' lang='lat' dir='ltr'><strong>[ecit</strong></span> <span class='ocrx_word' id='word_1_248' title='bbox 860 3440 960 3495; x_wconf 83' lang='lat' dir='ltr'><strong>cetum</strong></span> 
     </span>
     <span class='ocr_line' id='line_1_39' title="bbox 128 3527 958 3595; baseline -0.012 -1"><span class='ocrx_word' id='word_1_249' title='bbox 128 3542 154 3595; x_wconf 81' lang='lat' dir='ltr'><strong>et</strong></span> <span class='ocrx_word' id='word_1_250' title='bbox 168 3540 286 3593; x_wconf 80' lang='lat' dir='ltr'><strong>terrum</strong></span> <span class='ocrx_word' id='word_1_251' title='bbox 303 3532 416 3589; x_wconf 75' lang='lat' dir='ltr'><strong>Audisti</strong></span> <span class='ocrx_word' id='word_1_252' title='bbox 442 3534 604 3594; x_wconf 90' lang='lat' dir='ltr'><strong>auctorem,</strong></span> <span class='ocrx_word' id='word_1_253' title='bbox 625 3527 760 3584; x_wconf 86' lang='lat' dir='ltr'><strong>dubitare</strong></span> <span class='ocrx_word' id='word_1_254' title='bbox 783 3545 840 3584; x_wconf 89' lang='lat' dir='ltr'><strong>non</strong></span> <span class='ocrx_word' id='word_1_255' title='bbox 859 3528 958 3586; x_wconf 89' lang='lat' dir='ltr'><strong>debes.</strong></span> 
     </span>
     <span class='ocr_line' id='line_1_40' title="bbox 130 3615 960 3694; baseline -0.011 -12"><span class='ocrx_word' id='word_1_256' title='bbox 130 3626 184 3683; x_wconf 86' lang='lat' dir='ltr'><strong>llic</strong></span> <span class='ocrx_word' id='word_1_257' title='bbox 213 3626 259 3680; x_wconf 90' lang='lat' dir='ltr'><strong>est</strong></span> <span class='ocrx_word' id='word_1_258' title='bbox 284 3620 313 3678; x_wconf 91' lang='lat' dir='ltr'><strong>in</strong></span> <span class='ocrx_word' id='word_1_259' title='bbox 337 3638 392 3694; x_wconf 91' lang='lat' dir='ltr'><strong>quo</strong></span> <span class='ocrx_word' id='word_1_260' title='bbox 419 3618 568 3676; x_wconf 84' lang='lat' dir='ltr'><strong>benedixit</strong></span> <span class='ocrx_word' id='word_1_261' title='bbox 583 3615 796 3673; x_wconf 87' lang='lat' dir='ltr'><strong>Melchisedech</strong></span> <span class='ocrx_word' id='word_1_262' title='bbox 812 3616 960 3673; x_wconf 74' lang='lat' dir='ltr'><strong>Abraham</strong></span> 
     </span>
     <span class='ocr_line' id='line_1_41' title="bbox 131 3704 961 3789; baseline -0.01 -18"><span class='ocrx_word' id='word_1_263' title='bbox 131 3718 249 3789; x_wconf 90' lang='lat' dir='ltr'><strong>patrem</strong></span> <span class='ocrx_word' id='word_1_264' title='bbox 288 3709 448 3767; x_wconf 87' lang='lat' dir='ltr'><strong>multarum</strong></span> <span class='ocrx_word' id='word_1_265' title='bbox 484 3704 629 3781; x_wconf 90' lang='lat' dir='ltr'><strong>gentium,</strong></span> <span class='ocrx_word' id='word_1_266' title='bbox 661 3704 961 3763; x_wconf 82' lang='lat' dir='ltr'><strong>dicens:Benedictur</strong></span> 
     </span>
     <span class='ocr_line' id='line_1_42' title="bbox 132 3795 962 3867; baseline -0.011 -7"><span class='ocrx_word' id='word_1_267' title='bbox 132 3802 277 3861; x_wconf 78' lang='lat' dir='ltr'><strong>Aaronem</strong></span> <span class='ocrx_word' id='word_1_268' title='bbox 291 3818 308 3857; x_wconf 89' lang='lat' dir='ltr'><strong>o</strong></span> <span class='ocrx_word' id='word_1_269' title='bbox 323 3802 374 3856; x_wconf 85' lang='lat' dir='ltr'><strong>Deo</strong></span> <span class='ocrx_word' id='word_1_270' title='bbox 395 3813 514 3863; x_wconf 80' lang='lat' dir='ltr'><strong>summo,</strong></span> <span class='ocrx_word' id='word_1_271' title='bbox 535 3796 584 3867; x_wconf 86' lang='lat' dir='ltr'><strong>qui</strong></span> <span class='ocrx_word' id='word_1_272' title='bbox 606 3795 670 3866; x_wconf 76' lang='lat' dir='ltr'><strong>tecit</strong></span> <span class='ocrx_word' id='word_1_273' title='bbox 691 3796 788 3851; x_wconf 85' lang='lat' dir='ltr'><strong>cetum</strong></span> <span class='ocrx_word' id='word_1_274' title='bbox 810 3803 836 3851; x_wconf 81' lang='lat' dir='ltr'><strong>ct</strong></span> <span class='ocrx_word' id='word_1_275' title='bbox 859 3798 962 3852; x_wconf 79' lang='lat' dir='ltr'><strong>terrum</strong></span> 
     </span>
     <span class='ocr_line' id='line_1_43' title="bbox 130 3882 959 3963; baseline -0.011 -14"><span class='ocrx_word' id='word_1_276' title='bbox 130 3897 214 3963; x_wconf 80' lang='lat' dir='ltr'><strong>(den.</strong></span> <span class='ocrx_word' id='word_1_277' title='bbox 231 3906 290 3960; x_wconf 83' lang='lat' dir='ltr'><strong>xiv,</strong></span> <span class='ocrx_word' id='word_1_278' title='bbox 307 3888 361 3960; x_wconf 82' lang='grc'>19).</span> <span class='ocrx_word' id='word_1_279' title='bbox 380 3888 412 3943; x_wconf 77' lang='lat' dir='ltr'><strong>st</strong></span> <span class='ocrx_word' id='word_1_280' title='bbox 438 3884 564 3944; x_wconf 87' lang='lat' dir='ltr'><strong>credidit</strong></span> <span class='ocrx_word' id='word_1_281' title='bbox 590 3882 737 3940; x_wconf 79' lang='lat' dir='ltr'><strong>sbrnham</strong></span> <span class='ocrx_word' id='word_1_282' title='bbox 759 3884 827 3950; x_wconf 88' lang='lat' dir='ltr'><strong>Deo,</strong></span> <span class='ocrx_word' id='word_1_283' title='bbox 846 3888 876 3941; x_wconf 90' lang='lat' dir='ltr'><strong>et</strong></span> <span class='ocrx_word' id='word_1_284' title='bbox 899 3884 959 3941; x_wconf 87' lang='lat' dir='ltr'><strong>eit:</strong></span> 
     </span>
     <span class='ocr_line' id='line_1_44' title="bbox 129 3972 963 4045; baseline -0.01 -8"><span class='ocrx_word' id='word_1_285' title='bbox 129 3976 288 4037; x_wconf 74' lang='lat' dir='ltr'><strong>dxtmrlcm</strong></span> <span class='ocrx_word' id='word_1_286' title='bbox 309 3992 423 4033; x_wconf 88' lang='lat' dir='ltr'><strong>monum</strong></span> <span class='ocrx_word' id='word_1_287' title='bbox 453 3990 545 4031; x_wconf 88' lang='lat' dir='ltr'><strong>mcum</strong></span> <span class='ocrx_word' id='word_1_288' title='bbox 569 3972 604 4028; x_wconf 90' lang='lat' dir='ltr'><strong>nd</strong></span> <span class='ocrx_word' id='word_1_289' title='bbox 629 3973 712 4028; x_wconf 86' lang='lat' dir='ltr'><strong>Deum</strong></span> <span class='ocrx_word' id='word_1_290' title='bbox 743 3990 891 4042; x_wconf 84' lang='lat' dir='ltr'><strong>sommum,</strong></span> <span class='ocrx_word' id='word_1_291' title='bbox 914 3974 963 4045; x_wconf 86' lang='lat' dir='ltr'><strong>qui</strong></span> 
     </span>
     <span class='ocr_line' id='line_1_45' title="bbox 131 4060 961 4142; baseline -0.01 -16"><span class='ocrx_word' id='word_1_292' title='bbox 131 4072 199 4142; x_wconf 72' lang='lat' dir='ltr'><strong>fecit</strong></span> <span class='ocrx_word' id='word_1_293' title='bbox 218 4067 317 4124; x_wconf 80' lang='lat' dir='ltr'><strong>cetum</strong></span> <span class='ocrx_word' id='word_1_294' title='bbox 338 4068 362 4123; x_wconf 84' lang='lat' dir='ltr'><strong>et</strong></span> <span class='ocrx_word' id='word_1_295' title='bbox 387 4074 493 4122; x_wconf 75' lang='lat' dir='ltr'><strong>terrum</strong></span> <span class='ocrx_word' id='word_1_296' title='bbox 518 4060 598 4132; x_wconf 82' lang='lat' dir='ltr'><strong>(thid.</strong></span> <span class='ocrx_word' id='word_1_297' title='bbox 622 4061 680 4135; x_wconf 75' lang='lat'><strong>22).</strong></span> <span class='ocrx_word' id='word_1_298' title='bbox 705 4061 791 4119; x_wconf 89' lang='lat' dir='ltr'><strong>Vides</strong></span> <span class='ocrx_word' id='word_1_299' title='bbox 816 4060 961 4134; x_wconf 88' lang='lat' dir='ltr'><strong>quiahoc</strong></span> 
     </span>
     <span class='ocr_line' id='line_1_46' title="bbox 131 4150 962 4222; baseline -0.008 -7"><span class='ocrx_word' id='word_1_300' title='bbox 131 4174 192 4215; x_wconf 90' lang='lat' dir='ltr'><strong>non</strong></span> <span class='ocrx_word' id='word_1_301' title='bbox 224 4156 311 4213; x_wconf 90' lang='lat' dir='ltr'><strong>homo</strong></span> <span class='ocrx_word' id='word_1_302' title='bbox 337 4154 457 4222; x_wconf 89' lang='lat' dir='ltr'><strong>invenit,</strong></span> <span class='ocrx_word' id='word_1_303' title='bbox 484 4152 536 4210; x_wconf 88' lang='lat' dir='ltr'><strong>sed</strong></span> <span class='ocrx_word' id='word_1_304' title='bbox 561 4150 641 4208; x_wconf 88' lang='lat' dir='ltr'><strong>Deus</strong></span> <span class='ocrx_word' id='word_1_305' title='bbox 666 4150 860 4208; x_wconf 87' lang='lat' dir='ltr'><strong>annuntiavit.</strong></span> <span class='ocrx_word' id='word_1_306' title='bbox 884 4151 962 4208; x_wconf 89' lang='lat' dir='ltr'><strong>Deus</strong></span> 
     </span>
     <span class='ocr_line' id='line_1_47' title="bbox 131 4239 961 4314; baseline -0.011 -10"><span class='ocrx_word' id='word_1_307' title='bbox 131 4251 180 4305; x_wconf 88' lang='lat' dir='ltr'><strong>est</strong></span> <span class='ocrx_word' id='word_1_308' title='bbox 192 4245 272 4303; x_wconf 89' lang='lat' dir='ltr'><strong>euim</strong></span> <span class='ocrx_word' id='word_1_309' title='bbox 289 4242 513 4311; x_wconf 85' lang='lat' dir='ltr'><strong>Melchisedech,</strong></span> <span class='ocrx_word' id='word_1_310' title='bbox 531 4240 582 4314; x_wconf 89' lang='lat' dir='ltr'><strong>qui</strong></span> <span class='ocrx_word' id='word_1_311' title='bbox 598 4244 643 4297; x_wconf 86' lang='lat' dir='ltr'><strong>est</strong></span> <span class='ocrx_word' id='word_1_312' title='bbox 658 4256 708 4297; x_wconf 87' lang='lat' dir='ltr'><strong>rex</strong></span> <span class='ocrx_word' id='word_1_313' title='bbox 723 4240 803 4313; x_wconf 88' lang='lat' dir='ltr'><strong>pacis</strong></span> <span class='ocrx_word' id='word_1_314' title='bbox 822 4244 851 4297; x_wconf 88' lang='lat' dir='ltr'><strong>et</strong></span> <span class='ocrx_word' id='word_1_315' title='bbox 870 4239 961 4313; x_wconf 87' lang='lat' dir='ltr'><strong>justi·</strong></span> 
     </span>
     <span class='ocr_line' id='line_1_48' title="bbox 134 4328 961 4403; baseline -0.008 -11"><span class='ocrx_word' id='word_1_316' title='bbox 134 4337 193 4403; x_wconf 87' lang='lat' dir='ltr'><strong>tie,</strong></span> <span class='ocrx_word' id='word_1_317' title='bbox 210 4350 264 4391; x_wconf 88' lang='lat' dir='ltr'><strong>neo</strong></span> <span class='ocrx_word' id='word_1_318' title='bbox 280 4333 397 4389; x_wconf 88' lang='lat' dir='ltr'><strong>initium</strong></span> <span class='ocrx_word' id='word_1_319' title='bbox 412 4332 530 4388; x_wconf 89' lang='lat' dir='ltr'><strong>dierum</strong></span> <span class='ocrx_word' id='word_1_320' title='bbox 546 4346 641 4402; x_wconf 89' lang='lat' dir='ltr'><strong>neque</strong></span> <span class='ocrx_word' id='word_1_321' title='bbox 656 4330 743 4385; x_wconf 87' lang='lat' dir='ltr'><strong>tinem</strong></span> <span class='ocrx_word' id='word_1_322' title='bbox 760 4328 881 4386; x_wconf 88' lang='lat' dir='ltr'><strong>hebens.</strong></span> <span class='ocrx_word' id='word_1_323' title='bbox 899 4328 961 4386; x_wconf 91' lang='lat' dir='ltr'><strong>Non</strong></span> 
     </span>
    </p>
   </div>
   <div class='ocr_carea' id='block_1_11' title="bbox 972 3178 994 3245">
    <p class='ocr_par' dir='ltr' id='par_1_13' title="bbox 972 3178 994 3245">
     <span class='ocr_line' id='line_1_49' title="bbox 972 3178 994 3245; baseline 0 0"><span class='ocrx_word' id='word_1_324' title='bbox 972 3178 994 3245; x_wconf 87' lang='lat' dir='ltr'><strong>G</strong></span> 
     </span>
    </p>
   </div>
   <div class='ocr_carea' id='block_1_12' title="bbox 1010 524 1854 1946">
    <p class='ocr_par' dir='ltr' id='par_1_14' title="bbox 1010 524 1854 1946">
     <span class='ocr_line' id='line_1_50' title="bbox 1017 524 1841 599; baseline 0.006 -20"><span class='ocrx_word' id='word_1_325' title='bbox 1017 525 1068 597; x_wconf 91' lang='lat' dir='ltr'><strong>qui</strong></span> <span class='ocrx_word' id='word_1_326' title='bbox 1092 541 1143 597; x_wconf 90' lang='lat' dir='ltr'><strong>per</strong></span> <span class='ocrx_word' id='word_1_327' title='bbox 1162 524 1333 599; x_wconf 84' lang='lat' dir='ltr'><strong>prophetam</strong></span> <span class='ocrx_word' id='word_1_328' title='bbox 1359 527 1475 585; x_wconf 87' lang='lat' dir='ltr'><strong>locutus</strong></span> <span class='ocrx_word' id='word_1_329' title='bbox 1497 530 1538 587; x_wconf 90' lang='lat' dir='ltr'><strong>ait</strong></span> <span class='ocrx_word' id='word_1_330' title='bbox 1554 547 1560 587; x_wconf 91' lang='lat'>:</span> <span class='ocrx_word' id='word_1_331' title='bbox 1579 530 1644 599; x_wconf 77' lang='lat' dir='ltr'><strong>Quis</strong></span> <span class='ocrx_word' id='word_1_332' title='bbox 1672 545 1781 587; x_wconf 80' lang='lat' dir='ltr'><strong>menam</strong></span> <span class='ocrx_word' id='word_1_333' title='bbox 1801 530 1841 585; x_wconf 81' lang='lat' dir='ltr'><strong>eet</strong></span> 
     </span>
     <span class='ocr_line' id='line_1_51' title="bbox 1012 618 1842 689; baseline 0.007 -21"><span class='ocrx_word' id='word_1_334' title='bbox 1012 632 1099 670; x_wconf 85' lang='lat' dir='ltr'><strong>murro</strong></span> <span class='ocrx_word' id='word_1_335' title='bbox 1111 631 1222 686; x_wconf 88' lang='lat' dir='ltr'><strong>oqnom,</strong></span> <span class='ocrx_word' id='word_1_336' title='bbox 1238 620 1264 671; x_wconf 86' lang='lat' dir='ltr'><strong>et</strong></span> <span class='ocrx_word' id='word_1_337' title='bbox 1277 618 1375 673; x_wconf 81' lang='lat' dir='ltr'><strong>cetrrm</strong></span> <span class='ocrx_word' id='word_1_338' title='bbox 1388 619 1491 689; x_wconf 86' lang='lat' dir='ltr'><strong>palmo,</strong></span> <span class='ocrx_word' id='word_1_339' title='bbox 1508 627 1535 676; x_wconf 85' lang='lat' dir='ltr'><strong>et</strong></span> <span class='ocrx_word' id='word_1_340' title='bbox 1552 622 1711 676; x_wconf 80' lang='lat' dir='ltr'><strong>uniuersam</strong></span> <span class='ocrx_word' id='word_1_341' title='bbox 1738 622 1842 675; x_wconf 76' lang='lat' dir='ltr'><strong>terram</strong></span> 
     </span>
     <span class='ocr_line' id='line_1_52' title="bbox 1011 704 1842 780; baseline 0.005 -22"><span class='ocrx_word' id='word_1_342' title='bbox 1011 704 1107 759; x_wconf 82' lang='lat' dir='ltr'><strong>clausu</strong></span> <span class='ocrx_word' id='word_1_343' title='bbox 1130 708 1234 759; x_wconf 81' lang='lat' dir='ltr'><strong>aranu?</strong></span> <span class='ocrx_word' id='word_1_344' title='bbox 1248 708 1316 776; x_wconf 80' lang='lat' dir='ltr'><strong>Quis</strong></span> <span class='ocrx_word' id='word_1_345' title='bbox 1335 708 1430 762; x_wconf 85' lang='lat' dir='ltr'><strong>statuit</strong></span> <span class='ocrx_word' id='word_1_346' title='bbox 1453 712 1556 764; x_wconf 85' lang='lat' dir='ltr'><strong>montes</strong></span> <span class='ocrx_word' id='word_1_347' title='bbox 1580 712 1610 765; x_wconf 89' lang='lat' dir='ltr'><strong>in</strong></span> <span class='ocrx_word' id='word_1_348' title='bbox 1634 708 1706 766; x_wconf 84' lang='lat' dir='ltr'><strong>libra</strong></span> <span class='ocrx_word' id='word_1_349' title='bbox 1720 715 1747 765; x_wconf 87' lang='lat' dir='ltr'><strong>et</strong></span> <span class='ocrx_word' id='word_1_350' title='bbox 1760 722 1842 780; x_wconf 81' lang='lat' dir='ltr'><strong>rupes</strong></span> 
     </span>
     <span class='ocr_line' id='line_1_53' title="bbox 1012 794 1843 870; baseline 0.006 -21"><span class='ocrx_word' id='word_1_351' title='bbox 1012 794 1045 849; x_wconf 85' lang='lat' dir='ltr'><strong>in</strong></span> <span class='ocrx_word' id='word_1_352' title='bbox 1067 800 1180 859; x_wconf 79' lang='lat' dir='ltr'><strong>stetero,</strong></span> <span class='ocrx_word' id='word_1_353' title='bbox 1199 802 1225 849; x_wconf 85' lang='lat' dir='ltr'><strong>et</strong></span> <span class='ocrx_word' id='word_1_354' title='bbox 1245 811 1358 852; x_wconf 82' lang='lat' dir='ltr'><strong>nemore</strong></span> <span class='ocrx_word' id='word_1_355' title='bbox 1386 798 1416 851; x_wconf 86' lang='lat' dir='ltr'><strong>in</strong></span> <span class='ocrx_word' id='word_1_356' title='bbox 1436 797 1525 868; x_wconf 73' lang='lat' dir='ltr'><strong>jugo?</strong></span> <span class='ocrx_word' id='word_1_357' title='bbox 1547 799 1613 867; x_wconf 83' lang='lat' dir='ltr'><strong>Quis</strong></span> <span class='ocrx_word' id='word_1_358' title='bbox 1636 799 1759 870; x_wconf 71' lang='lat' dir='ltr'><strong>cognovit</strong></span> <span class='ocrx_word' id='word_1_359' title='bbox 1779 812 1843 854; x_wconf 79' lang='lat' dir='ltr'><strong>ren·</strong></span> 
     </span>
     <span class='ocr_line' id='line_1_54' title="bbox 1010 882 1844 961; baseline 0.006 -23"><span class='ocrx_word' id='word_1_360' title='bbox 1010 899 1075 938; x_wconf 83' lang='lat' dir='ltr'><strong>rum</strong></span> <span class='ocrx_word' id='word_1_361' title='bbox 1090 882 1212 953; x_wconf 83' lang='lat' dir='ltr'><strong>Domini,</strong></span> <span class='ocrx_word' id='word_1_362' title='bbox 1224 893 1273 939; x_wconf 84' lang='lat' dir='ltr'><strong>unt</strong></span> <span class='ocrx_word' id='word_1_363' title='bbox 1286 887 1348 957; x_wconf 82' lang='lat' dir='ltr'><strong>quis</strong></span> <span class='ocrx_word' id='word_1_364' title='bbox 1363 886 1422 957; x_wconf 69' lang='lat' dir='ltr'><strong>einr</strong></span> <span class='ocrx_word' id='word_1_365' title='bbox 1446 888 1624 943; x_wconf 82' lang='lat' dir='ltr'><strong>consiliarius</strong></span> <span class='ocrx_word' id='word_1_366' title='bbox 1641 889 1707 960; x_wconf 73' lang='lat' dir='ltr'><strong>snit,</strong></span> <span class='ocrx_word' id='word_1_367' title='bbox 1723 888 1766 944; x_wconf 84' lang='lat' dir='ltr'><strong>oet</strong></span> <span class='ocrx_word' id='word_1_368' title='bbox 1780 887 1844 961; x_wconf 85' lang='lat' dir='ltr'><strong>quir</strong></span> 
     </span>
     <span class='ocr_line' id='line_1_55' title="bbox 1012 972 1844 1049; baseline 0.01 -24"><span class='ocrx_word' id='word_1_369' title='bbox 1012 972 1149 1027; x_wconf 76' lang='lat' dir='ltr'><strong>r&#39;rrstrneit</strong></span> <span class='ocrx_word' id='word_1_370' title='bbox 1163 989 1226 1027; x_wconf 78' lang='lat' dir='ltr'><strong>euni</strong></span> <span class='ocrx_word' id='word_1_371' title='bbox 1240 974 1305 1042; x_wconf 81' lang='lat' dir='ltr'><strong>(tra.</strong></span> <span class='ocrx_word' id='word_1_372' title='bbox 1317 992 1363 1041; x_wconf 80' lang='lat' dir='ltr'><strong>xc,</strong></span> <span class='ocrx_word' id='word_1_373' title='bbox 1383 975 1424 1043; x_wconf 84' lang='lat' dir='ltr'><strong>t2,</strong></span> <span class='ocrx_word' id='word_1_374' title='bbox 1443 976 1505 1046; x_wconf 72' lang='lat' dir='ltr'><strong>teir</strong></span> <span class='ocrx_word' id='word_1_375' title='bbox 1521 976 1560 1033; x_wconf 90' lang='lat' dir='ltr'><strong>De</strong></span> <span class='ocrx_word' id='word_1_376' title='bbox 1582 992 1640 1049; x_wconf 91' lang='lat' dir='ltr'><strong>quo</strong></span> <span class='ocrx_word' id='word_1_377' title='bbox 1665 977 1754 1033; x_wconf 90' lang='lat' dir='ltr'><strong>etiam</strong></span> <span class='ocrx_word' id='word_1_378' title='bbox 1773 976 1844 1034; x_wconf 89' lang='lat' dir='ltr'><strong>alibi</strong></span> 
     </span>
     <span class='ocr_line' id='line_1_56' title="bbox 1011 1059 1845 1133; baseline 0.011 -18"><span class='ocrx_word' id='word_1_379' title='bbox 1011 1059 1143 1133; x_wconf 87' lang='lat' dir='ltr'><strong>legimus</strong></span> <span class='ocrx_word' id='word_1_380' title='bbox 1161 1078 1167 1115; x_wconf 90' lang='lat'>:</span> <span class='ocrx_word' id='word_1_381' title='bbox 1185 1062 1259 1127; x_wconf 88' lang='lat' dir='ltr'><strong>Quia</strong></span> <span class='ocrx_word' id='word_1_382' title='bbox 1282 1066 1362 1119; x_wconf 89' lang='lat' dir='ltr'><strong>tenet</strong></span> <span class='ocrx_word' id='word_1_383' title='bbox 1383 1063 1539 1121; x_wconf 90' lang='lat' dir='ltr'><strong>circuitum</strong></span> <span class='ocrx_word' id='word_1_384' title='bbox 1563 1071 1658 1133; x_wconf 84' lang='lat' dir='ltr'><strong>terre,</strong></span> <span class='ocrx_word' id='word_1_385' title='bbox 1683 1069 1713 1123; x_wconf 86' lang='lat' dir='ltr'><strong>et</strong></span> <span class='ocrx_word' id='word_1_386' title='bbox 1737 1065 1845 1124; x_wconf 75' lang='lat' dir='ltr'><strong>coelum</strong></span> 
     </span>
     <span class='ocr_line' id='line_1_57' title="bbox 1011 1146 1845 1225; baseline 0.013 -23"><span class='ocrx_word' id='word_1_387' title='bbox 1011 1146 1096 1203; x_wconf 88' lang='lat' dir='ltr'><strong>velut</strong></span> <span class='ocrx_word' id='word_1_388' title='bbox 1111 1147 1238 1206; x_wconf 91' lang='lat' dir='ltr'><strong>nihilum</strong></span> <span class='ocrx_word' id='word_1_389' title='bbox 1259 1150 1329 1207; x_wconf 88' lang='lat' dir='ltr'><strong>lecit</strong></span> <span class='ocrx_word' id='word_1_390' title='bbox 1343 1152 1406 1224; x_wconf 79' lang='lat' dir='ltr'><strong>(tro.</strong></span> <span class='ocrx_word' id='word_1_391' title='bbox 1422 1170 1468 1221; x_wconf 80' lang='lat' dir='ltr'><strong>xc,</strong></span> <span class='ocrx_word' id='word_1_392' title='bbox 1484 1153 1540 1225; x_wconf 81' lang='lat'><strong>22).</strong></span> <span class='ocrx_word' id='word_1_393' title='bbox 1557 1155 1591 1210; x_wconf 87' lang='lat' dir='ltr'><strong>Et</strong></span> <span class='ocrx_word' id='word_1_394' title='bbox 1612 1155 1756 1212; x_wconf 73' lang='lat' dir='ltr'><strong>ieremias</strong></span> <span class='ocrx_word' id='word_1_395' title='bbox 1779 1155 1845 1213; x_wconf 83' lang='lat' dir='ltr'><strong>ait:</strong></span> 
     </span>
     <span class='ocr_line' id='line_1_58' title="bbox 1011 1237 1847 1317; baseline 0.014 -27"><span class='ocrx_word' id='word_1_396' title='bbox 1011 1237 1061 1292; x_wconf 86' lang='lat' dir='ltr'><strong>Dii</strong></span> <span class='ocrx_word' id='word_1_397' title='bbox 1086 1239 1136 1306; x_wconf 86' lang='lat' dir='ltr'><strong>qni</strong></span> <span class='ocrx_word' id='word_1_398' title='bbox 1158 1255 1214 1295; x_wconf 85' lang='lat' dir='ltr'><strong>uon</strong></span> <span class='ocrx_word' id='word_1_399' title='bbox 1236 1242 1362 1312; x_wconf 69' lang='lat' dir='ltr'><strong>fecerunt</strong></span> <span class='ocrx_word' id='word_1_400' title='bbox 1386 1242 1486 1298; x_wconf 82' lang='lat' dir='ltr'><strong>coetnnr</strong></span> <span class='ocrx_word' id='word_1_401' title='bbox 1509 1246 1534 1297; x_wconf 87' lang='lat' dir='ltr'><strong>ct</strong></span> <span class='ocrx_word' id='word_1_402' title='bbox 1557 1252 1669 1312; x_wconf 79' lang='lat' dir='ltr'><strong>terram,</strong></span> <span class='ocrx_word' id='word_1_403' title='bbox 1683 1244 1847 1317; x_wconf 73' lang='lat' dir='ltr'><strong>peribuntne</strong></span> 
     </span>
     <span class='ocr_line' id='line_1_59' title="bbox 1011 1328 1846 1406; baseline 0.018 -29"><span class='ocrx_word' id='word_1_404' title='bbox 1011 1331 1104 1391; x_wconf 85' lang='lat' dir='ltr'><strong>terro,</strong></span> <span class='ocrx_word' id='word_1_405' title='bbox 1119 1331 1145 1382; x_wconf 79' lang='lat' dir='ltr'><strong>et</strong></span> <span class='ocrx_word' id='word_1_406' title='bbox 1165 1328 1198 1384; x_wconf 84' lang='lat' dir='ltr'><strong>rte</strong></span> <span class='ocrx_word' id='word_1_407' title='bbox 1224 1331 1273 1385; x_wconf 82' lang='lat' dir='ltr'><strong>snt</strong></span> <span class='ocrx_word' id='word_1_408' title='bbox 1303 1331 1368 1387; x_wconf 81' lang='lat' dir='ltr'><strong>ceto</strong></span> <span class='ocrx_word' id='word_1_409' title='bbox 1393 1332 1456 1387; x_wconf 82' lang='lat' dir='ltr'><strong>isto.</strong></span> <span class='ocrx_word' id='word_1_410' title='bbox 1472 1332 1603 1389; x_wconf 76' lang='lat' dir='ltr'><strong>Dominus</strong></span> <span class='ocrx_word' id='word_1_411' title='bbox 1630 1336 1679 1406; x_wconf 87' lang='lat' dir='ltr'><strong>qni</strong></span> <span class='ocrx_word' id='word_1_412' title='bbox 1705 1335 1770 1405; x_wconf 77' lang='lat' dir='ltr'><strong>tecit</strong></span> <span class='ocrx_word' id='word_1_413' title='bbox 1792 1341 1846 1391; x_wconf 89' lang='lat' dir='ltr'><strong>ter·</strong></span> 
     </span>
     <span class='ocr_line' id='line_1_60' title="bbox 1010 1415 1849 1496; baseline 0.02 -31"><span class='ocrx_word' id='word_1_414' title='bbox 1010 1427 1084 1465; x_wconf 89' lang='lat' dir='ltr'><strong>rnm</strong></span> <span class='ocrx_word' id='word_1_415' title='bbox 1107 1415 1137 1469; x_wconf 86' lang='lat' dir='ltr'><strong>in</strong></span> <span class='ocrx_word' id='word_1_416' title='bbox 1159 1417 1259 1474; x_wconf 85' lang='lat' dir='ltr'><strong>virtute</strong></span> <span class='ocrx_word' id='word_1_417' title='bbox 1282 1435 1343 1488; x_wconf 81' lang='lat' dir='ltr'><strong>sno,</strong></span> <span class='ocrx_word' id='word_1_418' title='bbox 1369 1424 1397 1475; x_wconf 85' lang='lat' dir='ltr'><strong>ct</strong></span> <span class='ocrx_word' id='word_1_419' title='bbox 1428 1423 1548 1477; x_wconf 80' lang='lat' dir='ltr'><strong>corree&#39;t</strong></span> <span class='ocrx_word' id='word_1_420' title='bbox 1575 1423 1605 1477; x_wconf 87' lang='lat' dir='ltr'><strong>in</strong></span> <span class='ocrx_word' id='word_1_421' title='bbox 1628 1425 1769 1496; x_wconf 82' lang='lat' dir='ltr'><strong>supientia</strong></span> <span class='ocrx_word' id='word_1_422' title='bbox 1796 1442 1849 1485; x_wconf 83' lang='lat' dir='ltr'><strong>sno</strong></span> 
     </span>
     <span class='ocr_line' id='line_1_61' title="bbox 1010 1498 1850 1588; baseline 0.025 -37"><span class='ocrx_word' id='word_1_423' title='bbox 1010 1498 1128 1569; x_wconf 78' lang='lat' dir='ltr'><strong>orbem,</strong></span> <span class='ocrx_word' id='word_1_424' title='bbox 1159 1508 1185 1560; x_wconf 84' lang='lat' dir='ltr'><strong>et</strong></span> <span class='ocrx_word' id='word_1_425' title='bbox 1215 1507 1246 1561; x_wconf 85' lang='lat' dir='ltr'><strong>in</strong></span> <span class='ocrx_word' id='word_1_426' title='bbox 1274 1524 1326 1562; x_wconf 83' lang='lat' dir='ltr'><strong>sno</strong></span> <span class='ocrx_word' id='word_1_427' title='bbox 1353 1508 1503 1579; x_wconf 80' lang='lat' dir='ltr'><strong>prurientia</strong></span> <span class='ocrx_word' id='word_1_428' title='bbox 1537 1511 1658 1569; x_wconf 73' lang='lat' dir='ltr'><strong>extendit</strong></span> <span class='ocrx_word' id='word_1_429' title='bbox 1688 1514 1797 1588; x_wconf 82' lang='lat' dir='ltr'><strong>celum,</strong></span> <span class='ocrx_word' id='word_1_430' title='bbox 1823 1522 1850 1577; x_wconf 79' lang='lat' dir='ltr'><strong>et</strong></span> 
     </span>
     <span class='ocr_line' id='line_1_62' title="bbox 1010 1587 1852 1678; baseline 0.026 -37"><span class='ocrx_word' id='word_1_431' title='bbox 1010 1587 1233 1650; x_wconf 79' lang='lat' dir='ltr'><strong>multitudinem</strong></span> <span class='ocrx_word' id='word_1_432' title='bbox 1261 1613 1339 1669; x_wconf 83' lang='lat' dir='ltr'><strong>nque</strong></span> <span class='ocrx_word' id='word_1_433' title='bbox 1368 1598 1398 1652; x_wconf 84' lang='lat' dir='ltr'><strong>in</strong></span> <span class='ocrx_word' id='word_1_434' title='bbox 1421 1598 1486 1654; x_wconf 85' lang='lat' dir='ltr'><strong>coeto</strong></span> <span class='ocrx_word' id='word_1_435' title='bbox 1513 1599 1622 1669; x_wconf 84' lang='lat' dir='ltr'><strong>(terem.</strong></span> <span class='ocrx_word' id='word_1_436' title='bbox 1649 1619 1678 1658; x_wconf 87' lang='lat' dir='ltr'><strong>x.</strong></span> <span class='ocrx_word' id='word_1_437' title='bbox 1696 1603 1800 1678; x_wconf 89' lang='grc'>11-13).</span> <span class='ocrx_word' id='word_1_438' title='bbox 1816 1606 1852 1665; x_wconf 81' lang='lat' dir='ltr'><strong>ut</strong></span> 
     </span>
     <span class='ocr_line' id='line_1_63' title="bbox 1012 1671 1851 1768; baseline 0.03 -38"><span class='ocrx_word' id='word_1_439' title='bbox 1012 1671 1142 1737; x_wconf 83' lang='lat' dir='ltr'><strong>eddidit</strong></span> <span class='ocrx_word' id='word_1_440' title='bbox 1158 1701 1164 1739; x_wconf 92' lang='lat'>:</span> <span class='ocrx_word' id='word_1_441' title='bbox 1180 1685 1339 1759; x_wconf 72' lang='lat' dir='ltr'><strong>tntotnotns</strong></span> <span class='ocrx_word' id='word_1_442' title='bbox 1362 1690 1402 1743; x_wconf 81' lang='lat' dir='ltr'><strong>est</strong></span> <span class='ocrx_word' id='word_1_443' title='bbox 1429 1688 1508 1744; x_wconf 80' lang='lat' dir='ltr'><strong>tomo</strong></span> <span class='ocrx_word' id='word_1_444' title='bbox 1525 1706 1543 1744; x_wconf 87' lang='lat' dir='ltr'><strong>a</strong></span> <span class='ocrx_word' id='word_1_445' title='bbox 1563 1692 1679 1748; x_wconf 83' lang='lat' dir='ltr'><strong>scientio</strong></span> <span class='ocrx_word' id='word_1_446' title='bbox 1705 1709 1757 1749; x_wconf 83' lang='lat' dir='ltr'><strong>suo</strong></span> <span class='ocrx_word' id='word_1_447' title='bbox 1770 1694 1851 1768; x_wconf 81' lang='lat' dir='ltr'><strong>(thid.</strong></span> 
     </span>
     <span class='ocr_line' id='line_1_64' title="bbox 1012 1761 1854 1861; baseline 0.025 -37"><span class='ocrx_word' id='word_1_448' title='bbox 1012 1761 1081 1861; x_wconf 50' lang='grc' dir='ltr'><strong>ΙΙ).</strong></span> <span class='ocrx_word' id='word_1_449' title='bbox 1098 1770 1152 1835; x_wconf 85' lang='lat' dir='ltr'><strong>Qui</strong></span> <span class='ocrx_word' id='word_1_450' title='bbox 1167 1773 1246 1828; x_wconf 89' lang='lat' dir='ltr'><strong>enim</strong></span> <span class='ocrx_word' id='word_1_451' title='bbox 1263 1776 1469 1848; x_wconf 85' lang='lat' dir='ltr'><strong>corruptibilia</strong></span> <span class='ocrx_word' id='word_1_452' title='bbox 1485 1780 1587 1835; x_wconf 90' lang='lat' dir='ltr'><strong>mundi</strong></span> <span class='ocrx_word' id='word_1_453' title='bbox 1615 1781 1761 1855; x_wconf 89' lang='lat' dir='ltr'><strong>sequitur,</strong></span> <span class='ocrx_word' id='word_1_454' title='bbox 1776 1788 1806 1842; x_wconf 89' lang='lat' dir='ltr'><strong>et</strong></span> <span class='ocrx_word' id='word_1_455' title='bbox 1818 1804 1854 1846; x_wconf 86' lang='lat' dir='ltr'><strong>ex</strong></span> 
     </span>
     <span class='ocr_line' id='line_1_65' title="bbox 1012 1849 1854 1946; baseline 0.027 -35"><span class='ocrx_word' id='word_1_456' title='bbox 1012 1849 1067 1910; x_wconf 81' lang='lat' dir='ltr'><strong>hle</strong></span> <span class='ocrx_word' id='word_1_457' title='bbox 1084 1863 1170 1930; x_wconf 88' lang='lat' dir='ltr'><strong>putat</strong></span> <span class='ocrx_word' id='word_1_458' title='bbox 1184 1861 1264 1931; x_wconf 92' lang='lat' dir='ltr'><strong>quod</strong></span> <span class='ocrx_word' id='word_1_459' title='bbox 1279 1861 1383 1919; x_wconf 84' lang='lat' dir='ltr'><strong>divine</strong></span> <span class='ocrx_word' id='word_1_460' title='bbox 1402 1865 1496 1937; x_wconf 89' lang='lat' dir='ltr'><strong>possit</strong></span> <span class='ocrx_word' id='word_1_461' title='bbox 1523 1872 1633 1925; x_wconf 87' lang='lat' dir='ltr'><strong>nature</strong></span> <span class='ocrx_word' id='word_1_462' title='bbox 1662 1872 1854 1946; x_wconf 86' lang='lat' dir='ltr'><strong>comprehen-</strong></span> 
     </span>
    </p>
   </div>
   <div class='ocr_carea' id='block_1_13' title="bbox 1010 1942 1853 2109">
    <p class='ocr_par' dir='ltr' id='par_1_15' title="bbox 1010 1942 1853 2109">
     <span class='ocr_line' id='line_1_66' title="bbox 1011 1942 1853 2024; baseline 0.029 -25"><span class='ocrx_word' id='word_1_463' title='bbox 1011 1942 1088 2003; x_wconf 84' lang='lat' dir='ltr'><strong>dere</strong></span> <span class='ocrx_word' id='word_1_464' title='bbox 1104 1948 1268 2017; x_wconf 88' lang='lat' dir='ltr'><strong>veritatem,</strong></span> <span class='ocrx_word' id='word_1_465' title='bbox 1287 1953 1434 2023; x_wconf 89' lang='lat' dir='ltr'><strong>quomodo</strong></span> <span class='ocrx_word' id='word_1_466' title='bbox 1459 1971 1517 2011; x_wconf 90' lang='lat' dir='ltr'><strong>nou</strong></span> <span class='ocrx_word' id='word_1_467' title='bbox 1544 1956 1709 2017; x_wconf 78' lang='lat' dir='ltr'><strong>infatuatur</strong></span> <span class='ocrx_word' id='word_1_468' title='bbox 1731 1968 1853 2024; x_wconf 82' lang='lat' dir='ltr'><strong>versute</strong></span> 
     </span>
     <span class='ocr_line' id='line_1_67' title="bbox 1010 2030 1380 2109; baseline 0.022 -21"><span class='ocrx_word' id='word_1_469' title='bbox 1010 2030 1230 2109; x_wconf 89' lang='lat' dir='ltr'><strong>disputationis</strong></span> <span class='ocrx_word' id='word_1_470' title='bbox 1246 2040 1380 2096; x_wconf 82' lang='lat' dir='ltr'><strong>astutia?</strong></span> 
     </span>
    </p>
   </div>
   <div class='ocr_carea' id='block_1_14' title="bbox 1012 2153 1857 2768">
    <p class='ocr_par' dir='ltr' id='par_1_16' title="bbox 1012 2153 1857 2768">
     <span class='ocr_line' id='line_1_68' title="bbox 1052 2153 1851 2236; baseline 0.028 -30"><span class='ocrx_word' id='word_1_471' title='bbox 1052 2153 1096 2207; x_wconf 90' lang='grc'><strong>10.</strong></span> <span class='ocrx_word' id='word_1_472' title='bbox 1113 2156 1187 2208; x_wconf 88' lang='lat' dir='ltr'><strong>Cum</strong></span> <span class='ocrx_word' id='word_1_473' title='bbox 1202 2169 1272 2227; x_wconf 87' lang='lat' dir='ltr'><strong>ergo</strong></span> <span class='ocrx_word' id='word_1_474' title='bbox 1288 2157 1331 2211; x_wconf 92' lang='lat' dir='ltr'><strong>tot</strong></span> <span class='ocrx_word' id='word_1_475' title='bbox 1347 2156 1467 2214; x_wconf 89' lang='lat' dir='ltr'><strong>oracula</strong></span> <span class='ocrx_word' id='word_1_476' title='bbox 1483 2160 1597 2231; x_wconf 88' lang='lat' dir='ltr'><strong>audies,</strong></span> <span class='ocrx_word' id='word_1_477' title='bbox 1613 2164 1723 2236; x_wconf 89' lang='lat' dir='ltr'><strong>quibus</strong></span> <span class='ocrx_word' id='word_1_478' title='bbox 1746 2170 1851 2227; x_wconf 88' lang='lat' dir='ltr'><strong>testiti-</strong></span> 
     </span>
     <span class='ocr_line' id='line_1_69' title="bbox 1012 2241 1851 2320; baseline 0.024 -24"><span class='ocrx_word' id='word_1_479' title='bbox 1012 2245 1097 2296; x_wconf 86' lang='lat' dir='ltr'><strong>catur</strong></span> <span class='ocrx_word' id='word_1_480' title='bbox 1111 2241 1191 2298; x_wconf 89' lang='lat' dir='ltr'><strong>Deus</strong></span> <span class='ocrx_word' id='word_1_481' title='bbox 1206 2242 1286 2314; x_wconf 91' lang='lat' dir='ltr'><strong>quod</strong></span> <span class='ocrx_word' id='word_1_482' title='bbox 1309 2242 1414 2301; x_wconf 85' lang='lat' dir='ltr'><strong>fecerit</strong></span> <span class='ocrx_word' id='word_1_483' title='bbox 1437 2249 1594 2320; x_wconf 90' lang='lat' dir='ltr'><strong>mundum,</strong></span> <span class='ocrx_word' id='word_1_484' title='bbox 1610 2252 1671 2309; x_wconf 92' lang='lat' dir='ltr'><strong>uoli</strong></span> <span class='ocrx_word' id='word_1_485' title='bbox 1692 2271 1760 2313; x_wconf 90' lang='lat' dir='ltr'><strong>eum</strong></span> <span class='ocrx_word' id='word_1_486' title='bbox 1786 2258 1851 2316; x_wconf 89' lang='lat' dir='ltr'><strong>sine</strong></span> 
     </span>
     <span class='ocr_line' id='line_1_70' title="bbox 1013 2330 1851 2412; baseline 0.025 -29"><span class='ocrx_word' id='word_1_487' title='bbox 1013 2330 1158 2402; x_wconf 82' lang='lat' dir='ltr'><strong>principio</strong></span> <span class='ocrx_word' id='word_1_488' title='bbox 1173 2346 1239 2387; x_wconf 87' lang='lat' dir='ltr'><strong>esse</strong></span> <span class='ocrx_word' id='word_1_489' title='bbox 1254 2332 1374 2389; x_wconf 83' lang='lat' dir='ltr'><strong>credere</strong></span> <span class='ocrx_word' id='word_1_490' title='bbox 1386 2333 1472 2407; x_wconf 89' lang='lat' dir='ltr'><strong>;quia</strong></span> <span class='ocrx_word' id='word_1_491' title='bbox 1487 2337 1573 2409; x_wconf 87' lang='lat' dir='ltr'><strong>quasi</strong></span> <span class='ocrx_word' id='word_1_492' title='bbox 1588 2339 1705 2412; x_wconf 81' lang='lat' dir='ltr'><strong>sphera</strong></span> <span class='ocrx_word' id='word_1_493' title='bbox 1719 2346 1851 2403; x_wconf 85' lang='lat' dir='ltr'><strong>muudus</strong></span> 
     </span>
     <span class='ocr_line' id='line_1_71' title="bbox 1012 2418 1852 2497; baseline 0.018 -24"><span class='ocrx_word' id='word_1_494' title='bbox 1012 2433 1076 2473; x_wconf 88' lang='lat' dir='ltr'><strong>esse</strong></span> <span class='ocrx_word' id='word_1_495' title='bbox 1091 2418 1217 2485; x_wconf 89' lang='lat' dir='ltr'><strong>dicetur,</strong></span> <span class='ocrx_word' id='word_1_496' title='bbox 1235 2423 1268 2474; x_wconf 88' lang='lat' dir='ltr'><strong>ut</strong></span> <span class='ocrx_word' id='word_1_497' title='bbox 1282 2420 1463 2493; x_wconf 88' lang='lat' dir='ltr'><strong>principium</strong></span> <span class='ocrx_word' id='word_1_498' title='bbox 1483 2425 1548 2497; x_wconf 70' lang='lat' dir='ltr'><strong>eius</strong></span> <span class='ocrx_word' id='word_1_499' title='bbox 1574 2428 1691 2487; x_wconf 89' lang='lat' dir='ltr'><strong>nullum</strong></span> <span class='ocrx_word' id='word_1_500' title='bbox 1715 2433 1852 2491; x_wconf 81' lang='lat' dir='ltr'><strong>videatur</strong></span> 
     </span>
     <span class='ocr_line' id='line_1_72' title="bbox 1013 2506 1855 2584; baseline 0.019 -25"><span class='ocrx_word' id='word_1_501' title='bbox 1013 2510 1147 2572; x_wconf 81' lang='lat' dir='ltr'><strong>exstare;</strong></span> <span class='ocrx_word' id='word_1_502' title='bbox 1164 2510 1193 2561; x_wconf 90' lang='lat' dir='ltr'><strong>et</strong></span> <span class='ocrx_word' id='word_1_503' title='bbox 1218 2523 1286 2563; x_wconf 91' lang='lat' dir='ltr'><strong>cum</strong></span> <span class='ocrx_word' id='word_1_504' title='bbox 1310 2506 1436 2578; x_wconf 90' lang='lat' dir='ltr'><strong>intonat,</strong></span> <span class='ocrx_word' id='word_1_505' title='bbox 1453 2512 1537 2584; x_wconf 89' lang='lat' dir='ltr'><strong>quasi</strong></span> <span class='ocrx_word' id='word_1_506' title='bbox 1553 2514 1583 2570; x_wconf 92' lang='lat' dir='ltr'><strong>in</strong></span> <span class='ocrx_word' id='word_1_507' title='bbox 1599 2514 1724 2576; x_wconf 88' lang='lat' dir='ltr'><strong>circuitu</strong></span> <span class='ocrx_word' id='word_1_508' title='bbox 1746 2520 1855 2578; x_wconf 91' lang='lat' dir='ltr'><strong>omnia</strong></span> 
     </span>
     <span class='ocr_line' id='line_1_73' title="bbox 1013 2595 1855 2672; baseline 0.019 -23"><span class='ocrx_word' id='word_1_509' title='bbox 1013 2600 1244 2663; x_wconf 87' lang='lat' dir='ltr'><strong>commoveatur,</strong></span> <span class='ocrx_word' id='word_1_510' title='bbox 1261 2599 1294 2651; x_wconf 88' lang='lat' dir='ltr'><strong>ut</strong></span> <span class='ocrx_word' id='word_1_511' title='bbox 1306 2595 1376 2653; x_wconf 89' lang='lat' dir='ltr'><strong>inde</strong></span> <span class='ocrx_word' id='word_1_512' title='bbox 1390 2598 1545 2672; x_wconf 83' lang='lat' dir='ltr'><strong>incipiunt,</strong></span> <span class='ocrx_word' id='word_1_513' title='bbox 1562 2602 1611 2657; x_wconf 91' lang='lat' dir='ltr'><strong>ubi</strong></span> <span class='ocrx_word' id='word_1_514' title='bbox 1633 2605 1773 2664; x_wconf 89' lang='lat' dir='ltr'><strong>desinant</strong></span> <span class='ocrx_word' id='word_1_515' title='bbox 1789 2622 1855 2664; x_wconf 84' lang='lat' dir='ltr'><strong>nou</strong></span> 
     </span>
     <span class='ocr_line' id='line_1_74' title="bbox 1012 2683 1857 2768; baseline 0.019 -31"><span class='ocrx_word' id='word_1_516' title='bbox 1012 2683 1098 2738; x_wconf 90' lang='lat' dir='ltr'><strong>tacite</strong></span> <span class='ocrx_word' id='word_1_517' title='bbox 1122 2684 1379 2755; x_wconf 88' lang='lat' dir='ltr'><strong>comprehendas:</strong></span> <span class='ocrx_word' id='word_1_518' title='bbox 1404 2688 1475 2760; x_wconf 86' lang='lat' dir='ltr'><strong>quis</strong></span> <span class='ocrx_word' id='word_1_519' title='bbox 1498 2688 1640 2748; x_wconf 90' lang='lat' dir='ltr'><strong>circuitus</strong></span> <span class='ocrx_word' id='word_1_520' title='bbox 1664 2694 1857 2768; x_wconf 87' lang='lat' dir='ltr'><strong>principium</strong></span> 
     </span>
    </p>
   </div>
   <div class='ocr_carea' id='block_1_15' title="bbox 950 2771 1858 2855">
    <p class='ocr_par' dir='ltr' id='par_1_17' title="bbox 950 2771 1858 2855">
     <span class='ocr_line' id='line_1_75' title="bbox 950 2771 1858 2855; baseline 0.019 -27"><span class='ocrx_word' id='word_1_521' title='bbox 950 2816 956 2828; x_wconf 90' lang='lat'><strong>.</strong></span> <span class='ocrx_word' id='word_1_522' title='bbox 1011 2788 1102 2827; x_wconf 90' lang='lat' dir='ltr'><strong>sensu</strong></span> <span class='ocrx_word' id='word_1_523' title='bbox 1130 2771 1268 2845; x_wconf 84' lang='lat' dir='ltr'><strong>colligere</strong></span> <span class='ocrx_word' id='word_1_524' title='bbox 1295 2773 1482 2847; x_wconf 87' lang='lat' dir='ltr'><strong>impossibile</strong></span> <span class='ocrx_word' id='word_1_525' title='bbox 1497 2775 1631 2835; x_wconf 89' lang='lat' dir='ltr'><strong>hebetur.</strong></span> <span class='ocrx_word' id='word_1_526' title='bbox 1648 2781 1748 2855; x_wconf 88' lang='lat' dir='ltr'><strong>Neque</strong></span> <span class='ocrx_word' id='word_1_527' title='bbox 1763 2782 1858 2845; x_wconf 87' lang='lat' dir='ltr'><strong>eninr</strong></span> 
     </span>
    </p>
   </div>
   <div class='ocr_carea' id='block_1_16' title="bbox 1012 2860 1857 3028">
    <p class='ocr_par' dir='ltr' id='par_1_18' title="bbox 1012 2860 1857 3028">
     <span class='ocr_line' id='line_1_76' title="bbox 1012 2860 1857 2945; baseline 0.018 -28"><span class='ocrx_word' id='word_1_528' title='bbox 1012 2860 1133 2933; x_wconf 85' lang='lat' dir='ltr'><strong>sp&#39;rere</strong></span> <span class='ocrx_word' id='word_1_529' title='bbox 1148 2865 1230 2933; x_wconf 91' lang='lat' dir='ltr'><strong>potes</strong></span> <span class='ocrx_word' id='word_1_530' title='bbox 1240 2861 1359 2919; x_wconf 92' lang='lat' dir='ltr'><strong>initium</strong></span> <span class='ocrx_word' id='word_1_531' title='bbox 1368 2864 1557 2938; x_wconf 89' lang='lat' dir='ltr'><strong>reperire,vel</strong></span> <span class='ocrx_word' id='word_1_532' title='bbox 1568 2869 1646 2925; x_wconf 91' lang='lat' dir='ltr'><strong>unde</strong></span> <span class='ocrx_word' id='word_1_533' title='bbox 1655 2873 1777 2945; x_wconf 82' lang='lat' dir='ltr'><strong>ceperit</strong></span> <span class='ocrx_word' id='word_1_534' title='bbox 1787 2872 1857 2945; x_wconf 88' lang='lat' dir='ltr'><strong>glo-</strong></span> 
     </span>
     <span class='ocr_line' id='line_1_77' title="bbox 1012 2949 1851 3028; baseline 0.018 -22"><span class='ocrx_word' id='word_1_535' title='bbox 1012 2951 1070 3006; x_wconf 88' lang='lat' dir='ltr'><strong>lus</strong></span> <span class='ocrx_word' id='word_1_536' title='bbox 1085 2949 1172 3019; x_wconf 89' lang='lat' dir='ltr'><strong>lune,</strong></span> <span class='ocrx_word' id='word_1_537' title='bbox 1188 2950 1231 3006; x_wconf 84' lang='lat' dir='ltr'><strong>rel</strong></span> <span class='ocrx_word' id='word_1_538' title='bbox 1248 2951 1297 3007; x_wconf 93' lang='lat' dir='ltr'><strong>ubi</strong></span> <span class='ocrx_word' id='word_1_539' title='bbox 1310 2952 1428 3010; x_wconf 89' lang='lat' dir='ltr'><strong>desinat</strong></span> <span class='ocrx_word' id='word_1_540' title='bbox 1442 2959 1595 3013; x_wconf 86' lang='lat' dir='ltr'><strong>menstrua</strong></span> <span class='ocrx_word' id='word_1_541' title='bbox 1609 2957 1687 3016; x_wconf 87' lang='lat' dir='ltr'><strong>lune</strong></span> <span class='ocrx_word' id='word_1_542' title='bbox 1707 2961 1851 3028; x_wconf 81' lang='lat' dir='ltr'><strong>deiectio.</strong></span> 
     </span>
    </p>
   </div>
   <div class='ocr_carea' id='block_1_17' title="bbox 950 3037 1847 3115">
    <p class='ocr_par' dir='ltr' id='par_1_19' title="bbox 950 3037 1847 3115">
     <span class='ocr_line' id='line_1_78' title="bbox 950 3037 1847 3115; baseline 0.02 -23"><span class='ocrx_word' id='word_1_543' title='bbox 950 3082 955 3095; x_wconf 91' lang='lat'><strong>.</strong></span> <span class='ocrx_word' id='word_1_544' title='bbox 1013 3038 1113 3105; x_wconf 79' lang='lat' dir='ltr'><strong>Neque</strong></span> <span class='ocrx_word' id='word_1_545' title='bbox 1128 3054 1194 3094; x_wconf 89' lang='lat' dir='ltr'><strong>vero</strong></span> <span class='ocrx_word' id='word_1_546' title='bbox 1209 3039 1235 3094; x_wconf 83' lang='lat' dir='ltr'><strong>si</strong></span> <span class='ocrx_word' id='word_1_547' title='bbox 1248 3037 1310 3111; x_wconf 89' lang='lat' dir='ltr'><strong>ipse</strong></span> <span class='ocrx_word' id='word_1_548' title='bbox 1325 3056 1384 3096; x_wconf 93' lang='lat' dir='ltr'><strong>noa</strong></span> <span class='ocrx_word' id='word_1_549' title='bbox 1400 3043 1643 3115; x_wconf 76' lang='lat' dir='ltr'><strong>consprehendes,</strong></span> <span class='ocrx_word' id='word_1_550' title='bbox 1659 3046 1768 3106; x_wconf 87' lang='lat' dir='ltr'><strong>idcirco</strong></span> <span class='ocrx_word' id='word_1_551' title='bbox 1784 3066 1847 3115; x_wconf 85' lang='lat' dir='ltr'><strong>uon</strong></span> 
     </span>
    </p>
   </div>
   <div class='ocr_carea' id='block_1_18' title="bbox 1014 3128 1843 3207">
    <p class='ocr_par' dir='ltr' id='par_1_20' title="bbox 1014 3128 1843 3207">
     <span class='ocr_line' id='line_1_79' title="bbox 1014 3128 1843 3207; baseline 0.017 -24"><span class='ocrx_word' id='word_1_552' title='bbox 1014 3128 1111 3201; x_wconf 86' lang='lat' dir='ltr'><strong>caepit,</strong></span> <span class='ocrx_word' id='word_1_553' title='bbox 1123 3130 1174 3183; x_wconf 92' lang='lat' dir='ltr'><strong>aut</strong></span> <span class='ocrx_word' id='word_1_554' title='bbox 1188 3128 1213 3184; x_wconf 76' lang='lat' dir='ltr'><strong>D</strong></span> <span class='ocrx_word' id='word_1_555' title='bbox 1229 3144 1416 3201; x_wconf 89' lang='lat' dir='ltr'><strong>nequaqnam</strong></span> <span class='ocrx_word' id='word_1_556' title='bbox 1432 3132 1555 3189; x_wconf 85' lang='lat' dir='ltr'><strong>desinet.</strong></span> <span class='ocrx_word' id='word_1_557' title='bbox 1566 3134 1596 3189; x_wconf 88' lang='lat' dir='ltr'><strong>Si</strong></span> <span class='ocrx_word' id='word_1_558' title='bbox 1606 3135 1669 3207; x_wconf 89' lang='lat' dir='ltr'><strong>ipse</strong></span> <span class='ocrx_word' id='word_1_559' title='bbox 1682 3136 1843 3202; x_wconf 88' lang='lat' dir='ltr'><strong>circuitum</strong></span> 
     </span>
    </p>
   </div>
   <div class='ocr_carea' id='block_1_19' title="bbox 915 3215 1841 3299">
    <p class='ocr_par' dir='ltr' id='par_1_21' title="bbox 915 3215 1841 3299">
     <span class='ocr_line' id='line_1_80' title="bbox 915 3215 1841 3299; baseline 0.014 -26"><span class='ocrx_word' id='word_1_560' title='bbox 915 3262 920 3273; x_wconf 93' lang='lat'><strong>.</strong></span> <span class='ocrx_word' id='word_1_561' title='bbox 1014 3215 1059 3273; x_wconf 91' lang='lat' dir='ltr'><strong>vel</strong></span> <span class='ocrx_word' id='word_1_562' title='bbox 1075 3219 1249 3281; x_wconf 87' lang='lat' dir='ltr'><strong>atramento,</strong></span> <span class='ocrx_word' id='word_1_563' title='bbox 1261 3216 1304 3271; x_wconf 89' lang='lat' dir='ltr'><strong>vel</strong></span> <span class='ocrx_word' id='word_1_564' title='bbox 1313 3219 1438 3291; x_wconf 90' lang='lat' dir='ltr'><strong>graphio</strong></span> <span class='ocrx_word' id='word_1_565' title='bbox 1448 3220 1549 3290; x_wconf 85' lang='lat' dir='ltr'><strong>ducas,</strong></span> <span class='ocrx_word' id='word_1_566' title='bbox 1565 3222 1609 3279; x_wconf 87' lang='lat' dir='ltr'><strong>vel</strong></span> <span class='ocrx_word' id='word_1_567' title='bbox 1621 3226 1735 3299; x_wconf 89' lang='lat' dir='ltr'><strong>centro(</strong></span> <span class='ocrx_word' id='word_1_568' title='bbox 1741 3228 1784 3295; x_wconf 83' lang='grc'><strong>15)</strong></span> <span class='ocrx_word' id='word_1_569' title='bbox 1791 3244 1841 3286; x_wconf 89' lang='lat' dir='ltr'><strong>err-</strong></span> 
     </span>
    </p>
   </div>
   <div class='ocr_carea' id='block_1_20' title="bbox 1014 3303 1855 4356">
    <p class='ocr_par' dir='ltr' id='par_1_22' title="bbox 1014 3303 1855 4356">
     <span class='ocr_line' id='line_1_81' title="bbox 1014 3303 1839 3379; baseline 0.016 -19"><span class='ocrx_word' id='word_1_570' title='bbox 1014 3303 1136 3379; x_wconf 89' lang='lat' dir='ltr'><strong>primas,</strong></span> <span class='ocrx_word' id='word_1_571' title='bbox 1153 3304 1231 3360; x_wconf 92' lang='lat' dir='ltr'><strong>unde</strong></span> <span class='ocrx_word' id='word_1_572' title='bbox 1246 3306 1379 3377; x_wconf 81' lang='lat' dir='ltr'><strong>ceperis,</strong></span> <span class='ocrx_word' id='word_1_573' title='bbox 1393 3312 1444 3365; x_wconf 90' lang='lat' dir='ltr'><strong>eut</strong></span> <span class='ocrx_word' id='word_1_574' title='bbox 1458 3309 1509 3365; x_wconf 92' lang='lat' dir='ltr'><strong>ubi</strong></span> <span class='ocrx_word' id='word_1_575' title='bbox 1537 3310 1670 3379; x_wconf 83' lang='lat' dir='ltr'><strong>desieris,</strong></span> <span class='ocrx_word' id='word_1_576' title='bbox 1685 3312 1839 3375; x_wconf 88' lang='lat' dir='ltr'><strong>intervallo</strong></span> 
     </span>
     <span class='ocr_line' id='line_1_82' title="bbox 1015 3393 1840 3475; baseline 0.017 -26"><span class='ocrx_word' id='word_1_577' title='bbox 1015 3393 1187 3467; x_wconf 88' lang='lat' dir='ltr'><strong>interposito</strong></span> <span class='ocrx_word' id='word_1_578' title='bbox 1203 3410 1261 3449; x_wconf 90' lang='lat' dir='ltr'><strong>non</strong></span> <span class='ocrx_word' id='word_1_579' title='bbox 1278 3393 1361 3450; x_wconf 86' lang='lat' dir='ltr'><strong>lecile</strong></span> <span class='ocrx_word' id='word_1_580' title='bbox 1373 3396 1418 3452; x_wconf 91' lang='lat' dir='ltr'><strong>vel</strong></span> <span class='ocrx_word' id='word_1_581' title='bbox 1434 3398 1527 3455; x_wconf 89' lang='lat' dir='ltr'><strong>oculis</strong></span> <span class='ocrx_word' id='word_1_582' title='bbox 1542 3399 1665 3475; x_wconf 90' lang='lat' dir='ltr'><strong>colligis,</strong></span> <span class='ocrx_word' id='word_1_583' title='bbox 1682 3402 1727 3460; x_wconf 89' lang='lat' dir='ltr'><strong>vel</strong></span> <span class='ocrx_word' id='word_1_584' title='bbox 1743 3409 1840 3464; x_wconf 90' lang='lat' dir='ltr'><strong>mente</strong></span> 
     </span>
     <span class='ocr_line' id='line_1_83' title="bbox 1015 3482 1841 3565; baseline 0.015 -26"><span class='ocrx_word' id='word_1_585' title='bbox 1015 3482 1124 3555; x_wconf 82' lang='lat' dir='ltr'><strong>repetis</strong></span> <span class='ocrx_word' id='word_1_586' title='bbox 1135 3500 1142 3551; x_wconf 92' lang='lat'>;</span> <span class='ocrx_word' id='word_1_587' title='bbox 1154 3486 1183 3538; x_wconf 89' lang='lat' dir='ltr'><strong>et</strong></span> <span class='ocrx_word' id='word_1_588' title='bbox 1197 3487 1295 3538; x_wconf 88' lang='lat' dir='ltr'><strong>tamen</strong></span> <span class='ocrx_word' id='word_1_589' title='bbox 1307 3486 1336 3538; x_wconf 88' lang='lat' dir='ltr'><strong>et</strong></span> <span class='ocrx_word' id='word_1_590' title='bbox 1350 3486 1474 3557; x_wconf 81' lang='lat' dir='ltr'><strong>cepisse</strong></span> <span class='ocrx_word' id='word_1_591' title='bbox 1488 3489 1518 3543; x_wconf 91' lang='lat' dir='ltr'><strong>et</strong></span> <span class='ocrx_word' id='word_1_592' title='bbox 1532 3487 1673 3548; x_wconf 81' lang='lat' dir='ltr'><strong>desivisse</strong></span> <span class='ocrx_word' id='word_1_593' title='bbox 1697 3490 1761 3565; x_wconf 87' lang='lat' dir='ltr'><strong>ipse</strong></span> <span class='ocrx_word' id='word_1_594' title='bbox 1787 3494 1841 3551; x_wconf 89' lang='lat' dir='ltr'><strong>tibi</strong></span> 
     </span>
     <span class='ocr_line' id='line_1_84' title="bbox 1015 3569 1841 3651; baseline 0.016 -25"><span class='ocrx_word' id='word_1_595' title='bbox 1015 3571 1098 3627; x_wconf 88' lang='lat' dir='ltr'><strong>testis</strong></span> <span class='ocrx_word' id='word_1_596' title='bbox 1113 3586 1154 3625; x_wconf 91' lang='lat' dir='ltr'><strong>es.</strong></span> <span class='ocrx_word' id='word_1_597' title='bbox 1171 3569 1244 3624; x_wconf 88' lang='lat' dir='ltr'><strong>Naar</strong></span> <span class='ocrx_word' id='word_1_598' title='bbox 1260 3570 1316 3625; x_wconf 90' lang='lat' dir='ltr'><strong>etsi</strong></span> <span class='ocrx_word' id='word_1_599' title='bbox 1337 3587 1459 3630; x_wconf 82' lang='lat' dir='ltr'><strong>sensum</strong></span> <span class='ocrx_word' id='word_1_600' title='bbox 1486 3576 1673 3651; x_wconf 84' lang='lat' dir='ltr'><strong>subterfugit,</strong></span> <span class='ocrx_word' id='word_1_601' title='bbox 1690 3580 1841 3639; x_wconf 87' lang='lat' dir='ltr'><strong>veritatem</strong></span> 
     </span>
     <span class='ocr_line' id='line_1_85' title="bbox 1015 3658 1841 3737; baseline 0.016 -22"><span class='ocrx_word' id='word_1_602' title='bbox 1015 3676 1074 3716; x_wconf 92' lang='lat' dir='ltr'><strong>aon</strong></span> <span class='ocrx_word' id='word_1_603' title='bbox 1090 3659 1216 3715; x_wconf 89' lang='lat' dir='ltr'><strong>subruit.</strong></span> <span class='ocrx_word' id='word_1_604' title='bbox 1233 3658 1300 3722; x_wconf 87' lang='lat' dir='ltr'><strong>Que</strong></span> <span class='ocrx_word' id='word_1_605' title='bbox 1317 3664 1415 3717; x_wconf 88' lang='lat' dir='ltr'><strong>autem</strong></span> <span class='ocrx_word' id='word_1_606' title='bbox 1443 3661 1561 3719; x_wconf 89' lang='lat' dir='ltr'><strong>initium</strong></span> <span class='ocrx_word' id='word_1_607' title='bbox 1577 3663 1696 3737; x_wconf 86' lang='lat' dir='ltr'><strong>hebent,</strong></span> <span class='ocrx_word' id='word_1_608' title='bbox 1708 3673 1738 3726; x_wconf 90' lang='lat' dir='ltr'><strong>et</strong></span> <span class='ocrx_word' id='word_1_609' title='bbox 1751 3671 1841 3728; x_wconf 89' lang='lat' dir='ltr'><strong>tinem</strong></span> 
     </span>
     <span class='ocr_line' id='line_1_86' title="bbox 1015 3747 1840 3821; baseline 0.012 -17"><span class='ocrx_word' id='word_1_610' title='bbox 1015 3747 1125 3806; x_wconf 89' lang='lat' dir='ltr'><strong>habeat</strong></span> <span class='ocrx_word' id='word_1_611' title='bbox 1141 3766 1147 3805; x_wconf 93' lang='lat'>:</span> <span class='ocrx_word' id='word_1_612' title='bbox 1164 3753 1192 3806; x_wconf 90' lang='lat' dir='ltr'><strong>et</strong></span> <span class='ocrx_word' id='word_1_613' title='bbox 1209 3747 1318 3820; x_wconf 91' lang='lat' dir='ltr'><strong>quibus</strong></span> <span class='ocrx_word' id='word_1_614' title='bbox 1332 3748 1401 3805; x_wconf 84' lang='lat' dir='ltr'><strong>finis</strong></span> <span class='ocrx_word' id='word_1_615' title='bbox 1413 3750 1510 3821; x_wconf 87' lang='lat' dir='ltr'><strong>datur,</strong></span> <span class='ocrx_word' id='word_1_616' title='bbox 1523 3751 1642 3810; x_wconf 89' lang='lat' dir='ltr'><strong>initium</strong></span> <span class='ocrx_word' id='word_1_617' title='bbox 1656 3756 1758 3813; x_wconf 91' lang='lat' dir='ltr'><strong>datum</strong></span> <span class='ocrx_word' id='word_1_618' title='bbox 1771 3775 1840 3816; x_wconf 91' lang='lat' dir='ltr'><strong>con·</strong></span> 
     </span>
     <span class='ocr_line' id='line_1_87' title="bbox 1016 3838 1843 3914; baseline 0.011 -20"><span class='ocrx_word' id='word_1_619' title='bbox 1016 3842 1083 3894; x_wconf 87' lang='lat' dir='ltr'><strong>stat.</strong></span> <span class='ocrx_word' id='word_1_620' title='bbox 1101 3838 1203 3895; x_wconf 86' lang='lat' dir='ltr'><strong>Finem</strong></span> <span class='ocrx_word' id='word_1_621' title='bbox 1219 3841 1317 3893; x_wconf 88' lang='lat' dir='ltr'><strong>autem</strong></span> <span class='ocrx_word' id='word_1_622' title='bbox 1334 3838 1437 3895; x_wconf 91' lang='lat' dir='ltr'><strong>mundi</strong></span> <span class='ocrx_word' id='word_1_623' title='bbox 1459 3838 1592 3895; x_wconf 86' lang='lat' dir='ltr'><strong>futurum</strong></span> <span class='ocrx_word' id='word_1_624' title='bbox 1620 3842 1682 3914; x_wconf 88' lang='lat' dir='ltr'><strong>ipse</strong></span> <span class='ocrx_word' id='word_1_625' title='bbox 1710 3843 1843 3903; x_wconf 79' lang='lat' dir='ltr'><strong>Salvator</strong></span> 
     </span>
     <span class='ocr_line' id='line_1_88' title="bbox 1016 3925 1843 3999; baseline 0.011 -18"><span class='ocrx_word' id='word_1_626' title='bbox 1016 3927 1100 3984; x_wconf 90' lang='lat' dir='ltr'><strong>docet</strong></span> <span class='ocrx_word' id='word_1_627' title='bbox 1124 3928 1153 3983; x_wconf 91' lang='lat' dir='ltr'><strong>in</strong></span> <span class='ocrx_word' id='word_1_628' title='bbox 1178 3925 1332 3999; x_wconf 82' lang='lat' dir='ltr'><strong>Evangelio</strong></span> <span class='ocrx_word' id='word_1_629' title='bbox 1356 3943 1420 3997; x_wconf 87' lang='lat' dir='ltr'><strong>suo,</strong></span> <span class='ocrx_word' id='word_1_630' title='bbox 1445 3926 1545 3985; x_wconf 90' lang='lat' dir='ltr'><strong>diceas</strong></span> <span class='ocrx_word' id='word_1_631' title='bbox 1566 3947 1575 3983; x_wconf 81' lang='lat' dir='ltr'><strong>r</strong></span> <span class='ocrx_word' id='word_1_632' title='bbox 1593 3928 1697 3987; x_wconf 80' lang='lat' dir='ltr'><strong>Cretum</strong></span> <span class='ocrx_word' id='word_1_633' title='bbox 1719 3939 1745 3989; x_wconf 85' lang='lat' dir='ltr'><strong>et</strong></span> <span class='ocrx_word' id='word_1_634' title='bbox 1768 3941 1843 3991; x_wconf 85' lang='lat' dir='ltr'><strong>terro</strong></span> 
     </span>
     <span class='ocr_line' id='line_1_89' title="bbox 1014 4014 1841 4091; baseline 0.008 -20"><span class='ocrx_word' id='word_1_635' title='bbox 1014 4017 1198 4089; x_wconf 75' lang='lat' dir='ltr'><strong>preteribant</strong></span> <span class='ocrx_word' id='word_1_636' title='bbox 1216 4014 1320 4088; x_wconf 77' lang='lat' dir='ltr'><strong>tllotttr.</strong></span> <span class='ocrx_word' id='word_1_637' title='bbox 1346 4033 1424 4086; x_wconf 79' lang='lat' dir='ltr'><strong>xxiv,</strong></span> <span class='ocrx_word' id='word_1_638' title='bbox 1449 4016 1507 4088; x_wconf 85' lang='grc'>35).</span> <span class='ocrx_word' id='word_1_639' title='bbox 1525 4017 1560 4073; x_wconf 83' lang='lat' dir='ltr'><strong>st</strong></span> <span class='ocrx_word' id='word_1_640' title='bbox 1582 4017 1660 4076; x_wconf 89' lang='lat' dir='ltr'><strong>intre</strong></span> <span class='ocrx_word' id='word_1_641' title='bbox 1682 4021 1772 4077; x_wconf 83' lang='lat' dir='ltr'><strong>:Ecce</strong></span> <span class='ocrx_word' id='word_1_642' title='bbox 1792 4036 1841 4091; x_wconf 78' lang='lat' dir='ltr'><strong>eqo</strong></span> 
     </span>
     <span class='ocr_line' id='line_1_90' title="bbox 1016 4105 1855 4176; baseline 0.008 -16"><span class='ocrx_word' id='word_1_643' title='bbox 1016 4105 1153 4162; x_wconf 70' lang='lat' dir='ltr'><strong>scincum</strong></span> <span class='ocrx_word' id='word_1_644' title='bbox 1171 4122 1234 4162; x_wconf 82' lang='lat' dir='ltr'><strong>rom</strong></span> <span class='ocrx_word' id='word_1_645' title='bbox 1257 4121 1342 4176; x_wconf 81' lang='lat' dir='ltr'><strong>nsque</strong></span> <span class='ocrx_word' id='word_1_646' title='bbox 1378 4105 1413 4161; x_wconf 87' lang='lat' dir='ltr'><strong>od</strong></span> <span class='ocrx_word' id='word_1_647' title='bbox 1447 4109 1712 4164; x_wconf 82' lang='lat' dir='ltr'><strong>cmrsnmmctionem</strong></span> <span class='ocrx_word' id='word_1_648' title='bbox 1743 4108 1855 4167; x_wconf 82' lang='lat' dir='ltr'><strong>mundt-</strong></span> 
     </span>
     <span class='ocr_line' id='line_1_91' title="bbox 1016 4194 1854 4269; baseline 0.01 -20"><span class='ocrx_word' id='word_1_649' title='bbox 1016 4196 1126 4269; x_wconf 84' lang='lat' dir='ltr'><strong>(btottlr.</strong></span> <span class='ocrx_word' id='word_1_650' title='bbox 1155 4210 1255 4260; x_wconf 83' lang='lat' dir='ltr'><strong>xxvru,</strong></span> <span class='ocrx_word' id='word_1_651' title='bbox 1279 4194 1336 4256; x_wconf 87' lang='lat'><strong>20).</strong></span> <span class='ocrx_word' id='word_1_652' title='bbox 1360 4195 1395 4249; x_wconf 80' lang='lat' dir='ltr'><strong>ut</strong></span> <span class='ocrx_word' id='word_1_653' title='bbox 1409 4194 1569 4267; x_wconf 78' lang='lat' dir='ltr'><strong>apostolus</strong></span> <span class='ocrx_word' id='word_1_654' title='bbox 1591 4198 1744 4256; x_wconf 76' lang='lat' dir='ltr'><strong>:Preterit</strong></span> <span class='ocrx_word' id='word_1_655' title='bbox 1766 4200 1854 4257; x_wconf 77' lang='lat' dir='ltr'><strong>enim</strong></span> 
     </span>
     <span class='ocr_line' id='line_1_92' title="bbox 1016 4282 1573 4356; baseline 0.004 -17"><span class='ocrx_word' id='word_1_656' title='bbox 1016 4284 1108 4355; x_wconf 79' lang='lat' dir='ltr'><strong>fipnra</strong></span> <span class='ocrx_word' id='word_1_657' title='bbox 1123 4282 1207 4356; x_wconf 78' lang='lat' dir='ltr'><strong>injus</strong></span> <span class='ocrx_word' id='word_1_658' title='bbox 1222 4282 1320 4338; x_wconf 78' lang='lat' dir='ltr'><strong>mnndi</strong></span> <span class='ocrx_word' id='word_1_659' title='bbox 1329 4284 1359 4355; x_wconf 88' lang='lat'><strong>.(1</strong></span> <span class='ocrx_word' id='word_1_660' title='bbox 1372 4286 1435 4341; x_wconf 84' lang='lat' dir='ltr'><strong>cor.</strong></span> <span class='ocrx_word' id='word_1_661' title='bbox 1452 4301 1501 4352; x_wconf 84' lang='lat' dir='ltr'><strong>vn,</strong></span> <span class='ocrx_word' id='word_1_662' title='bbox 1517 4285 1573 4356; x_wconf 86' lang='grc'>31).</span> 
     </span>
    </p>
   </div>
   <div class='ocr_carea' id='block_1_21' title="bbox 132 4416 1844 5112">
    <p class='ocr_par' dir='ltr' id='par_1_23' title="bbox 132 4416 1844 5112">
     <span class='ocr_line' id='line_1_93' title="bbox 134 4416 1844 4495; baseline 0.001 -16"><span class='ocrx_word' id='word_1_663' title='bbox 134 4424 247 4480; x_wconf 89' lang='lat' dir='ltr'><strong>mirum</strong></span> <span class='ocrx_word' id='word_1_664' title='bbox 272 4437 340 4495; x_wconf 89' lang='lat' dir='ltr'><strong>ergo</strong></span> <span class='ocrx_word' id='word_1_665' title='bbox 364 4421 390 4477; x_wconf 89' lang='lat' dir='ltr'><strong>si</strong></span> <span class='ocrx_word' id='word_1_666' title='bbox 414 4420 504 4487; x_wconf 88' lang='lat' dir='ltr'><strong>Deus,</strong></span> <span class='ocrx_word' id='word_1_667' title='bbox 519 4418 570 4491; x_wconf 93' lang='lat' dir='ltr'><strong>qui</strong></span> <span class='ocrx_word' id='word_1_668' title='bbox 595 4422 639 4475; x_wconf 88' lang='lat' dir='ltr'><strong>est</strong></span> <span class='ocrx_word' id='word_1_669' title='bbox 657 4419 720 4475; x_wconf 90' lang='lat' dir='ltr'><strong>sine</strong></span> <span class='ocrx_word' id='word_1_670' title='bbox 735 4418 827 4486; x_wconf 85' lang='lat' dir='ltr'><strong>initio,</strong></span> <span class='ocrx_word' id='word_1_671' title='bbox 844 4416 961 4474; x_wconf 91' lang='lat' dir='ltr'><strong>initium</strong></span> <span class='ocrx_word' id='word_1_672' title='bbox 1054 4418 1100 4476; x_wconf 91' lang='lat' dir='ltr'><strong>tt.</strong></span> <span class='ocrx_word' id='word_1_673' title='bbox 1116 4417 1267 4482; x_wconf 83' lang='lat' dir='ltr'><strong>Quomodo</strong></span> <span class='ocrx_word' id='word_1_674' title='bbox 1282 4433 1351 4491; x_wconf 91' lang='lat' dir='ltr'><strong>ergo</strong></span> <span class='ocrx_word' id='word_1_675' title='bbox 1366 4422 1541 4475; x_wconf 88' lang='lat' dir='ltr'><strong>coeternum</strong></span> <span class='ocrx_word' id='word_1_676' title='bbox 1557 4418 1615 4476; x_wconf 89' lang='lat' dir='ltr'><strong>Deo</strong></span> <span class='ocrx_word' id='word_1_677' title='bbox 1634 4424 1780 4479; x_wconf 89' lang='lat' dir='ltr'><strong>mundum</strong></span> <span class='ocrx_word' id='word_1_678' title='bbox 1795 4438 1844 4480; x_wconf 88' lang='lat' dir='ltr'><strong>as·</strong></span> 
     </span>
     <span class='ocr_line' id='line_1_94' title="bbox 134 4505 1843 4615; baseline 0.001 -48"><span class='ocrx_word' id='word_1_679' title='bbox 134 4511 276 4569; x_wconf 89' lang='lat' dir='ltr'><strong>omuibus</strong></span> <span class='ocrx_word' id='word_1_680' title='bbox 290 4510 389 4577; x_wconf 89' lang='lat' dir='ltr'><strong>dedit;</strong></span> <span class='ocrx_word' id='word_1_681' title='bbox 406 4512 440 4564; x_wconf 90' lang='lat' dir='ltr'><strong>ut</strong></span> <span class='ocrx_word' id='word_1_682' title='bbox 454 4524 519 4579; x_wconf 82' lang='lat' dir='ltr'><strong>que</strong></span> <span class='ocrx_word' id='word_1_683' title='bbox 533 4522 591 4563; x_wconf 91' lang='lat' dir='ltr'><strong>aon</strong></span> <span class='ocrx_word' id='word_1_684' title='bbox 607 4511 700 4574; x_wconf 87' lang='lat' dir='ltr'><strong>erent,</strong></span> <span class='ocrx_word' id='word_1_685' title='bbox 710 4524 774 4565; x_wconf 87' lang='lat' dir='ltr'><strong>esse</strong></span> <span class='ocrx_word' id='word_1_686' title='bbox 789 4506 959 4579; x_wconf 84' lang='lat' dir='ltr'><strong>inciperent.</strong></span> <span class='ocrx_word' id='word_1_687' title='bbox 979 4548 1002 4615; x_wconf 71' lang='lat' dir='ltr'>D</span> <span class='ocrx_word' id='word_1_688' title='bbox 1018 4511 1132 4575; x_wconf 90' lang='lat' dir='ltr'><strong>seruat,</strong></span> <span class='ocrx_word' id='word_1_689' title='bbox 1149 4513 1178 4564; x_wconf 88' lang='lat' dir='ltr'><strong>et</strong></span> <span class='ocrx_word' id='word_1_690' title='bbox 1193 4505 1316 4563; x_wconf 77' lang='lat' dir='ltr'><strong>creatori</strong></span> <span class='ocrx_word' id='word_1_691' title='bbox 1327 4507 1460 4562; x_wconf 91' lang='lat' dir='ltr'><strong>omnium</strong></span> <span class='ocrx_word' id='word_1_692' title='bbox 1473 4506 1690 4582; x_wconf 88' lang='lat' dir='ltr'><strong>sociant,stque</strong></span> <span class='ocrx_word' id='word_1_693' title='bbox 1700 4511 1843 4585; x_wconf 78' lang='lat' dir='ltr'><strong>equalem</strong></span> 
     </span>
     <span class='ocr_line' id='line_1_95' title="bbox 134 4594 1844 4671; baseline 0.001 -16"><span class='ocrx_word' id='word_1_694' title='bbox 134 4594 963 4668; x_wconf 87' lang='lat' dir='ltr'><strong>NoumirumsiDeus,qniomniavirtutesuncoutinet,</strong></span> <span class='ocrx_word' id='word_1_695' title='bbox 1019 4613 1084 4653; x_wconf 89' lang='lat' dir='ltr'><strong>esse</strong></span> <span class='ocrx_word' id='word_1_696' title='bbox 1118 4595 1270 4668; x_wconf 86' lang='lat' dir='ltr'><strong>disputant</strong></span> <span class='ocrx_word' id='word_1_697' title='bbox 1303 4601 1476 4664; x_wconf 89' lang='lat' dir='ltr'><strong>creaturam,</strong></span> <span class='ocrx_word' id='word_1_698' title='bbox 1502 4612 1667 4671; x_wconf 89' lang='lat' dir='ltr'><strong>corpusque</strong></span> <span class='ocrx_word' id='word_1_699' title='bbox 1693 4600 1844 4657; x_wconf 89' lang='lat' dir='ltr'><strong>materiate</strong></span> 
     </span>
     <span class='ocr_line' id='line_1_96' title="bbox 134 4682 1844 4758; baseline -0.002 -14"><span class='ocrx_word' id='word_1_700' title='bbox 134 4695 164 4745; x_wconf 85' lang='lat' dir='ltr'><strong>et</strong></span> <span class='ocrx_word' id='word_1_701' title='bbox 178 4683 471 4758; x_wconf 88' lang='lat' dir='ltr'><strong>incomprehensibili</strong></span> <span class='ocrx_word' id='word_1_702' title='bbox 492 4684 647 4755; x_wconf 77' lang='lat' dir='ltr'><strong>majestate</strong></span> <span class='ocrx_word' id='word_1_703' title='bbox 675 4683 809 4741; x_wconf 81' lang='lat' dir='ltr'><strong>universa</strong></span> <span class='ocrx_word' id='word_1_704' title='bbox 837 4684 963 4757; x_wconf 92' lang='lat' dir='ltr'><strong>comple·</strong></span> <span class='ocrx_word' id='word_1_705' title='bbox 1020 4684 1122 4741; x_wconf 92' lang='lat' dir='ltr'><strong>mundi</strong></span> <span class='ocrx_word' id='word_1_706' title='bbox 1134 4682 1274 4740; x_wconf 83' lang='lat' dir='ltr'><strong>invisibili</strong></span> <span class='ocrx_word' id='word_1_707' title='bbox 1284 4682 1325 4739; x_wconf 90' lang='lat' dir='ltr'><strong>illi</strong></span> <span class='ocrx_word' id='word_1_708' title='bbox 1337 4688 1423 4756; x_wconf 89' lang='lat' dir='ltr'><strong>atque</strong></span> <span class='ocrx_word' id='word_1_709' title='bbox 1438 4684 1632 4742; x_wconf 84' lang='lat' dir='ltr'><strong>inaccessibili</strong></span> <span class='ocrx_word' id='word_1_710' title='bbox 1648 4691 1759 4745; x_wconf 89' lang='lat' dir='ltr'><strong>nature</strong></span> <span class='ocrx_word' id='word_1_711' title='bbox 1773 4686 1844 4743; x_wconf 89' lang='lat' dir='ltr'><strong>divi-</strong></span> 
     </span>
     <span class='ocr_line' id='line_1_97' title="bbox 133 4771 1843 4848; baseline -0.002 -16"><span class='ocrx_word' id='word_1_712' title='bbox 133 4774 309 4843; x_wconf 86' lang='lat' dir='ltr'><strong>otitur,t&#39;eoit</strong></span> <span class='ocrx_word' id='word_1_713' title='bbox 320 4772 382 4829; x_wconf 87' lang='lat' dir='ltr'><strong>heo</strong></span> <span class='ocrx_word' id='word_1_714' title='bbox 393 4790 458 4845; x_wconf 89' lang='lat' dir='ltr'><strong>que</strong></span> <span class='ocrx_word' id='word_1_715' title='bbox 474 4771 621 4840; x_wconf 89' lang='lat' dir='ltr'><strong>videntur,</strong></span> <span class='ocrx_word' id='word_1_716' title='bbox 638 4788 704 4829; x_wconf 89' lang='lat' dir='ltr'><strong>cum</strong></span> <span class='ocrx_word' id='word_1_717' title='bbox 721 4772 809 4829; x_wconf 88' lang='lat' dir='ltr'><strong>etiam</strong></span> <span class='ocrx_word' id='word_1_718' title='bbox 825 4773 876 4829; x_wconf 92' lang='lat' dir='ltr'><strong>illa</strong></span> <span class='ocrx_word' id='word_1_719' title='bbox 890 4774 964 4829; x_wconf 89' lang='lat' dir='ltr'><strong>tece-</strong></span> <span class='ocrx_word' id='word_1_720' title='bbox 1020 4790 1064 4830; x_wconf 88' lang='lat' dir='ltr'><strong>ne</strong></span> <span class='ocrx_word' id='word_1_721' title='bbox 1079 4773 1319 4846; x_wconf 88' lang='lat' dir='ltr'><strong>conjungendum</strong></span> <span class='ocrx_word' id='word_1_722' title='bbox 1335 4776 1450 4845; x_wconf 91' lang='lat' dir='ltr'><strong>putant,</strong></span> <span class='ocrx_word' id='word_1_723' title='bbox 1468 4790 1535 4830; x_wconf 91' lang='lat' dir='ltr'><strong>oum</strong></span> <span class='ocrx_word' id='word_1_724' title='bbox 1551 4776 1712 4848; x_wconf 81' lang='lat' dir='ltr'><strong>presertim</strong></span> <span class='ocrx_word' id='word_1_725' title='bbox 1736 4790 1843 4832; x_wconf 90' lang='lat' dir='ltr'><strong>sccun-</strong></span> 
     </span>
     <span class='ocr_line' id='line_1_98' title="bbox 134 4860 1844 4936; baseline 0 -18"><span class='ocrx_word' id='word_1_726' title='bbox 134 4864 173 4919; x_wconf 88' lang='lat' dir='ltr'><strong>rit</strong></span> <span class='ocrx_word' id='word_1_727' title='bbox 196 4878 263 4935; x_wconf 81' lang='lat' dir='ltr'><strong>quer</strong></span> <span class='ocrx_word' id='word_1_728' title='bbox 283 4878 341 4917; x_wconf 89' lang='lat' dir='ltr'><strong>uon</strong></span> <span class='ocrx_word' id='word_1_729' title='bbox 362 4860 508 4917; x_wconf 89' lang='lat' dir='ltr'><strong>videntur.</strong></span> <span class='ocrx_word' id='word_1_730' title='bbox 532 4860 693 4917; x_wconf 89' lang='lat' dir='ltr'><strong>Invisibilia</strong></span> <span class='ocrx_word' id='word_1_731' title='bbox 716 4865 814 4918; x_wconf 88' lang='lat' dir='ltr'><strong>eutem</strong></span> <span class='ocrx_word' id='word_1_732' title='bbox 840 4861 877 4919; x_wconf 86' lang='lat' dir='ltr'><strong>iis</strong></span> <span class='ocrx_word' id='word_1_733' title='bbox 900 4876 964 4935; x_wconf 82' lang='lat' dir='ltr'><strong>quse</strong></span> <span class='ocrx_word' id='word_1_734' title='bbox 1020 4864 1091 4919; x_wconf 92' lang='lat' dir='ltr'><strong>dum</strong></span> <span class='ocrx_word' id='word_1_735' title='bbox 1118 4878 1203 4918; x_wconf 91' lang='lat' dir='ltr'><strong>suam</strong></span> <span class='ocrx_word' id='word_1_736' title='bbox 1229 4862 1405 4917; x_wconf 87' lang='lat' dir='ltr'><strong>sententiam</strong></span> <span class='ocrx_word' id='word_1_737' title='bbox 1419 4878 1476 4919; x_wconf 89' lang='lat' dir='ltr'><strong>non</strong></span> <span class='ocrx_word' id='word_1_738' title='bbox 1499 4863 1614 4936; x_wconf 88' lang='lat' dir='ltr'><strong>possint</strong></span> <span class='ocrx_word' id='word_1_739' title='bbox 1641 4879 1757 4936; x_wconf 83' lang='lat' dir='ltr'><strong>negare,</strong></span> <span class='ocrx_word' id='word_1_740' title='bbox 1773 4878 1844 4935; x_wconf 94' lang='lat' dir='ltr'><strong>quo·</strong></span> 
     </span>
     <span class='ocr_line' id='line_1_99' title="bbox 132 4949 1844 5023; baseline 0 -16"><span class='ocrx_word' id='word_1_741' title='bbox 132 4952 282 5019; x_wconf 87' lang='lat' dir='ltr'><strong>videntur,</strong></span> <span class='ocrx_word' id='word_1_742' title='bbox 299 4950 413 5023; x_wconf 92' lang='lat' dir='ltr'><strong>potiora</strong></span> <span class='ocrx_word' id='word_1_743' title='bbox 439 4965 505 5006; x_wconf 89' lang='lat' dir='ltr'><strong>essa</strong></span> <span class='ocrx_word' id='word_1_744' title='bbox 529 4949 597 5022; x_wconf 86' lang='lat' dir='ltr'><strong>quis</strong></span> <span class='ocrx_word' id='word_1_745' title='bbox 623 4954 726 5023; x_wconf 89' lang='lat' dir='ltr'><strong>ueget;</strong></span> <span class='ocrx_word' id='word_1_746' title='bbox 750 4966 817 5007; x_wconf 88' lang='lat' dir='ltr'><strong>cunr</strong></span> <span class='ocrx_word' id='word_1_747' title='bbox 842 4967 876 5007; x_wconf 89' lang='lat' dir='ltr'><strong>ea</strong></span> <span class='ocrx_word' id='word_1_748' title='bbox 900 4967 965 5023; x_wconf 87' lang='lat' dir='ltr'><strong>que</strong></span> <span class='ocrx_word' id='word_1_749' title='bbox 1021 4952 1100 5006; x_wconf 90' lang='lat' dir='ltr'><strong>niam</strong></span> <span class='ocrx_word' id='word_1_750' title='bbox 1126 4951 1212 5022; x_wconf 80' lang='lat' dir='ltr'><strong>qu&#39;us</strong></span> <span class='ocrx_word' id='word_1_751' title='bbox 1254 4953 1350 5023; x_wconf 81' lang='lat' dir='ltr'><strong>parics</strong></span> <span class='ocrx_word' id='word_1_752' title='bbox 1384 4952 1563 5023; x_wconf 89' lang='lat' dir='ltr'><strong>corruptioni</strong></span> <span class='ocrx_word' id='word_1_753' title='bbox 1592 4955 1621 5007; x_wconf 87' lang='lat' dir='ltr'><strong>et</strong></span> <span class='ocrx_word' id='word_1_754' title='bbox 1655 4950 1844 5007; x_wconf 90' lang='lat' dir='ltr'><strong>mutabilitati</strong></span> 
     </span>
     <span class='ocr_line' id='line_1_100' title="bbox 132 5035 1843 5112; baseline -0.001 -14"><span class='ocrx_word' id='word_1_755' title='bbox 132 5039 283 5107; x_wconf 84' lang='lat' dir='ltr'><strong>videntur,</strong></span> <span class='ocrx_word' id='word_1_756' title='bbox 299 5037 475 5111; x_wconf 86' lang='lat' dir='ltr'><strong>temporalia</strong></span> <span class='ocrx_word' id='word_1_757' title='bbox 486 5035 557 5105; x_wconf 87' lang='lat' dir='ltr'><strong>sint,</strong></span> <span class='ocrx_word' id='word_1_758' title='bbox 572 5041 679 5095; x_wconf 88' lang='lat' dir='ltr'><strong>eterna</strong></span> <span class='ocrx_word' id='word_1_759' title='bbox 699 5042 797 5095; x_wconf 88' lang='lat' dir='ltr'><strong>autem</strong></span> <span class='ocrx_word' id='word_1_760' title='bbox 821 5056 884 5112; x_wconf 88' lang='lat' dir='ltr'><strong>que</strong></span> <span class='ocrx_word' id='word_1_761' title='bbox 908 5056 965 5096; x_wconf 94' lang='lat' dir='ltr'><strong>non</strong></span> <span class='ocrx_word' id='word_1_762' title='bbox 1021 5040 1184 5112; x_wconf 89' lang='lat' dir='ltr'><strong>subjacent,</strong></span> <span class='ocrx_word' id='word_1_763' title='bbox 1201 5038 1290 5111; x_wconf 73' lang='lat' dir='ltr'><strong>hujus</strong></span> <span class='ocrx_word' id='word_1_764' title='bbox 1307 5056 1425 5097; x_wconf 86' lang='lat' dir='ltr'><strong>necessa</strong></span> <span class='ocrx_word' id='word_1_765' title='bbox 1440 5045 1485 5097; x_wconf 89' lang='lat' dir='ltr'><strong>est</strong></span> <span class='ocrx_word' id='word_1_766' title='bbox 1499 5039 1719 5096; x_wconf 87' lang='lat' dir='ltr'><strong>universitatem</strong></span> <span class='ocrx_word' id='word_1_767' title='bbox 1738 5038 1843 5096; x_wconf 88' lang='lat' dir='ltr'><strong>iisdem</strong></span> 
     </span>
    </p>
   </div>
   <div class='ocr_carea' id='block_1_22' title="bbox 128 5159 1845 5657">
    <p class='ocr_par' dir='ltr' id='par_1_24' title="bbox 128 5159 1845 5657">
     <span class='ocr_line' id='line_1_101' title="bbox 171 5159 1843 5237; baseline 0.001 -18"><span class='ocrx_word' id='word_1_768' title='bbox 171 5161 431 5237; x_wconf 75' lang='lat' dir='ltr'><strong>tttlbtss.aliquot</strong></span> <span class='ocrx_word' id='word_1_769' title='bbox 446 5178 479 5219; x_wconf 89' lang='lat' dir='ltr'><strong>eo</strong></span> <span class='ocrx_word' id='word_1_770' title='bbox 494 5159 679 5218; x_wconf 86' lang='lat' dir='ltr'><strong>edit.Gill.in</strong></span> <span class='ocrx_word' id='word_1_771' title='bbox 697 5162 965 5236; x_wconf 71' lang='lat' dir='ltr'><strong>margineetltom.</strong></span> <span class='ocrx_word' id='word_1_772' title='bbox 1058 5162 1116 5237; x_wconf 86' lang='grc'>(13)</span> <span class='ocrx_word' id='word_1_773' title='bbox 1128 5164 1170 5220; x_wconf 89' lang='lat' dir='ltr'><strong>tta</strong></span> <span class='ocrx_word' id='word_1_774' title='bbox 1188 5163 1328 5219; x_wconf 87' lang='lat' dir='ltr'><strong>tredecim</strong></span> <span class='ocrx_word' id='word_1_775' title='bbox 1344 5180 1416 5219; x_wconf 90' lang='lat' dir='ltr'><strong>mss.</strong></span> <span class='ocrx_word' id='word_1_776' title='bbox 1427 5167 1455 5219; x_wconf 90' lang='lat' dir='ltr'><strong>et</strong></span> <span class='ocrx_word' id='word_1_777' title='bbox 1468 5161 1537 5217; x_wconf 86' lang='lat' dir='ltr'><strong>edit.</strong></span> <span class='ocrx_word' id='word_1_778' title='bbox 1547 5164 1603 5216; x_wconf 89' lang='lat' dir='ltr'><strong>vet.</strong></span> <span class='ocrx_word' id='word_1_779' title='bbox 1620 5164 1658 5217; x_wconf 81' lang='lat' dir='ltr'><strong>nt</strong></span> <span class='ocrx_word' id='word_1_780' title='bbox 1670 5160 1843 5234; x_wconf 71' lang='lat' dir='ltr'><strong>edibilem,</strong></span> 
     </span>
     <span class='ocr_line' id='line_1_102' title="bbox 134 5233 1845 5308; baseline 0 -15"><span class='ocrx_word' id='word_1_781' title='bbox 134 5237 166 5293; x_wconf 92' lang='lat' dir='ltr'><strong>ia</strong></span> <span class='ocrx_word' id='word_1_782' title='bbox 183 5250 317 5307; x_wconf 89' lang='lat' dir='ltr'><strong>corpore,</strong></span> <span class='ocrx_word' id='word_1_783' title='bbox 333 5236 482 5307; x_wconf 77' lang='lat' dir='ltr'><strong>intormem</strong></span> <span class='ocrx_word' id='word_1_784' title='bbox 497 5236 654 5290; x_wconf 84' lang='lat' dir='ltr'><strong>moten&#39;cm.</strong></span> <span class='ocrx_word' id='word_1_785' title='bbox 670 5233 728 5289; x_wconf 79' lang='lat' dir='ltr'><strong>alii</strong></span> <span class='ocrx_word' id='word_1_786' title='bbox 758 5250 861 5291; x_wconf 89' lang='lat' dir='ltr'><strong>novem</strong></span> <span class='ocrx_word' id='word_1_787' title='bbox 890 5236 967 5308; x_wconf 91' lang='lat' dir='ltr'><strong>opti·</strong></span> <span class='ocrx_word' id='word_1_788' title='bbox 1022 5244 1158 5292; x_wconf 83' lang='lat' dir='ltr'><strong>momento</strong></span> <span class='ocrx_word' id='word_1_789' title='bbox 1180 5250 1237 5291; x_wconf 80' lang='lat' dir='ltr'><strong>sne</strong></span> <span class='ocrx_word' id='word_1_790' title='bbox 1268 5236 1417 5291; x_wconf 81' lang='lat' dir='ltr'><strong>rutnntotr&#39;s</strong></span> <span class='ocrx_word' id='word_1_791' title='bbox 1440 5233 1598 5302; x_wconf 77' lang='lat' dir='ltr'><strong>absolveret,</strong></span> <span class='ocrx_word' id='word_1_792' title='bbox 1624 5237 1650 5289; x_wconf 81' lang='lat' dir='ltr'><strong>et</strong></span> <span class='ocrx_word' id='word_1_793' title='bbox 1678 5237 1845 5307; x_wconf 79' lang='lat' dir='ltr'><strong>operationis</strong></span> 
     </span>
     <span class='ocr_line' id='line_1_103' title="bbox 133 5305 1325 5381; baseline -0.003 -17"><span class='ocrx_word' id='word_1_794' title='bbox 133 5324 188 5364; x_wconf 87' lang='lat' dir='ltr'><strong>me</strong></span> <span class='ocrx_word' id='word_1_795' title='bbox 214 5310 291 5362; x_wconf 78' lang='lat' dir='ltr'><strong>notes</strong></span> <span class='ocrx_word' id='word_1_796' title='bbox 315 5310 344 5362; x_wconf 91' lang='lat' dir='ltr'><strong>et</strong></span> <span class='ocrx_word' id='word_1_797' title='bbox 367 5308 421 5362; x_wconf 80' lang='lat' dir='ltr'><strong>vet.</strong></span> <span class='ocrx_word' id='word_1_798' title='bbox 448 5305 531 5376; x_wconf 85' lang='lat' dir='ltr'><strong>edit,</strong></span> <span class='ocrx_word' id='word_1_799' title='bbox 547 5306 750 5375; x_wconf 76' lang='lat' dir='ltr'><strong>infinnitntem,</strong></span> <span class='ocrx_word' id='word_1_800' title='bbox 766 5306 794 5361; x_wconf 93' lang='lat' dir='ltr'><strong>id</strong></span> <span class='ocrx_word' id='word_1_801' title='bbox 810 5311 864 5375; x_wconf 90' lang='lat' dir='ltr'><strong>est,</strong></span> <span class='ocrx_word' id='word_1_802' title='bbox 881 5312 913 5363; x_wconf 90' lang='lat' dir='ltr'><strong>ut</strong></span> <span class='ocrx_word' id='word_1_803' title='bbox 927 5305 968 5363; x_wconf 89' lang='lat' dir='ltr'><strong>ait</strong></span> <span class='ocrx_word' id='word_1_804' title='bbox 1021 5310 1254 5381; x_wconf 63' lang='lat' dir='ltr'><strong>creciacensem,</strong></span> <span class='ocrx_word' id='word_1_805' title='bbox 1270 5311 1325 5362; x_wconf 90' lang='lat' dir='ltr'><strong>etc.</strong></span> 
     </span>
     <span class='ocr_line' id='line_1_104' title="bbox 132 5376 1772 5452; baseline -0.001 -15"><span class='ocrx_word' id='word_1_806' title='bbox 132 5376 284 5443; x_wconf 78' lang='lat' dir='ltr'><strong>Latinius,</strong></span> <span class='ocrx_word' id='word_1_807' title='bbox 301 5378 514 5449; x_wconf 82' lang='lat' dir='ltr'><strong>eorreptionem.</strong></span> <span class='ocrx_word' id='word_1_808' title='bbox 797 5412 803 5424; x_wconf 87' lang='lat'><strong>·</strong></span> <span class='ocrx_word' id='word_1_809' title='bbox 1058 5380 1114 5452; x_wconf 85' lang='grc'>(11)</span> <span class='ocrx_word' id='word_1_810' title='bbox 1129 5377 1214 5434; x_wconf 85' lang='lat' dir='ltr'><strong>Cara.</strong></span> <span class='ocrx_word' id='word_1_811' title='bbox 1231 5377 1327 5447; x_wconf 85' lang='lat' dir='ltr'><strong>codd,</strong></span> <span class='ocrx_word' id='word_1_812' title='bbox 1342 5392 1451 5433; x_wconf 78' lang='lat' dir='ltr'><strong>sensnm</strong></span> <span class='ocrx_word' id='word_1_813' title='bbox 1463 5376 1583 5446; x_wconf 80' lang='lat' dir='ltr'><strong>corpore</strong></span> <span class='ocrx_word' id='word_1_814' title='bbox 1595 5377 1772 5449; x_wconf 80' lang='lat' dir='ltr'><strong>preveniret.</strong></span> 
     </span>
     <span class='ocr_line' id='line_1_105' title="bbox 167 5444 1845 5536; baseline 0.003 -30"><span class='ocrx_word' id='word_1_815' title='bbox 167 5450 227 5521; x_wconf 83' lang='lat'>(12)</span> <span class='ocrx_word' id='word_1_816' title='bbox 251 5448 328 5505; x_wconf 78' lang='lat' dir='ltr'><strong>Edit.</strong></span> <span class='ocrx_word' id='word_1_817' title='bbox 346 5465 446 5506; x_wconf 89' lang='lat' dir='ltr'><strong>omnes</strong></span> <span class='ocrx_word' id='word_1_818' title='bbox 470 5446 605 5505; x_wconf 89' lang='lat' dir='ltr'><strong>unanimi</strong></span> <span class='ocrx_word' id='word_1_819' title='bbox 628 5462 784 5515; x_wconf 90' lang='lat' dir='ltr'><strong>consensu,</strong></span> <span class='ocrx_word' id='word_1_820' title='bbox 810 5448 916 5505; x_wconf 82' lang='lat' dir='ltr'><strong>addidit</strong></span> <span class='ocrx_word' id='word_1_821' title='bbox 934 5448 968 5506; x_wconf 83' lang='lat' dir='ltr'><strong>de</strong></span> <span class='ocrx_word' id='word_1_822' title='bbox 1060 5452 1117 5536; x_wconf 71' lang='lat'>(15)</span> <span class='ocrx_word' id='word_1_823' title='bbox 1132 5450 1279 5517; x_wconf 86' lang='lat' dir='ltr'><strong>Centrum,</strong></span> <span class='ocrx_word' id='word_1_824' title='bbox 1296 5462 1387 5520; x_wconf 82' lang='lat' dir='ltr'><strong>grece</strong></span> <span class='ocrx_word' id='word_1_825' title='bbox 1401 5454 1511 5521; x_wconf 77' lang='lat' dir='ltr'><strong>rtvepov,</strong></span> <span class='ocrx_word' id='word_1_826' title='bbox 1526 5444 1614 5505; x_wconf 88' lang='lat' dir='ltr'><strong>idest</strong></span> <span class='ocrx_word' id='word_1_827' title='bbox 1641 5448 1779 5509; x_wconf 77' lang='lat' dir='ltr'><strong>stimulus</strong></span> <span class='ocrx_word' id='word_1_828' title='bbox 1799 5448 1845 5511; x_wconf 80' lang='lat' dir='ltr'><strong>rel</strong></span> 
     </span>
     <span class='ocr_line' id='line_1_106' title="bbox 128 5516 1606 5603; baseline 0 -22"><span class='ocrx_word' id='word_1_829' title='bbox 128 5523 277 5581; x_wconf 74' lang='lat' dir='ltr'><strong>celeritate</strong></span> <span class='ocrx_word' id='word_1_830' title='bbox 287 5520 466 5589; x_wconf 73' lang='lat' dir='ltr'><strong>reditionis,</strong></span> <span class='ocrx_word' id='word_1_831' title='bbox 481 5521 569 5579; x_wconf 76' lang='lat' dir='ltr'><strong>Fecit.</strong></span> <span class='ocrx_word' id='word_1_832' title='bbox 585 5521 624 5574; x_wconf 80' lang='lat' dir='ltr'><strong>At</strong></span> <span class='ocrx_word' id='word_1_833' title='bbox 639 5518 682 5575; x_wconf 89' lang='lat' dir='ltr'><strong>he</strong></span> <span class='ocrx_word' id='word_1_834' title='bbox 697 5534 782 5603; x_wconf 74' lang='lat' dir='ltr'><strong>vpoes</strong></span> <span class='ocrx_word' id='word_1_835' title='bbox 811 5522 848 5579; x_wconf 84' lang='lat' dir='ltr'><strong>cte</strong></span> <span class='ocrx_word' id='word_1_836' title='bbox 870 5520 966 5581; x_wconf 82' lang='lat' dir='ltr'><strong>ceteri·</strong></span> <span class='ocrx_word' id='word_1_837' title='bbox 1022 5522 1181 5601; x_wconf 84' lang='lat' dir='ltr'><strong>spiculum.</strong></span> <span class='ocrx_word' id='word_1_838' title='bbox 1197 5519 1267 5577; x_wconf 92' lang='lat' dir='ltr'><strong>Vide</strong></span> <span class='ocrx_word' id='word_1_839' title='bbox 1281 5518 1357 5578; x_wconf 90' lang='lat' dir='ltr'><strong>intra</strong></span> <span class='ocrx_word' id='word_1_840' title='bbox 1371 5516 1422 5578; x_wconf 90' lang='lat' dir='ltr'><strong>lib.</strong></span> <span class='ocrx_word' id='word_1_841' title='bbox 1439 5534 1465 5593; x_wconf 91' lang='lat' dir='ltr'><strong>v,</strong></span> <span class='ocrx_word' id='word_1_842' title='bbox 1481 5533 1544 5597; x_wconf 90' lang='lat' dir='ltr'><strong>cep.</strong></span> <span class='ocrx_word' id='word_1_843' title='bbox 1563 5520 1606 5581; x_wconf 86' lang='lat'><strong>10.</strong></span> 
     </span>
     <span class='ocr_line' id='line_1_107' title="bbox 128 5589 787 5657; baseline -0.009 -2"><span class='ocrx_word' id='word_1_844' title='bbox 128 5602 186 5657; x_wconf 81' lang='lat' dir='ltr'><strong>tote</strong></span> <span class='ocrx_word' id='word_1_845' title='bbox 202 5592 371 5657; x_wconf 71' lang='lat' dir='ltr'><strong>monitoris</strong></span> <span class='ocrx_word' id='word_1_846' title='bbox 383 5594 491 5653; x_wconf 86' lang='lat' dir='ltr'><strong>desunt</strong></span> <span class='ocrx_word' id='word_1_847' title='bbox 506 5592 536 5657; x_wconf 91' lang='lat' dir='ltr'><strong>iu</strong></span> <span class='ocrx_word' id='word_1_848' title='bbox 555 5606 628 5653; x_wconf 88' lang='lat' dir='ltr'><strong>mss.</strong></span> <span class='ocrx_word' id='word_1_849' title='bbox 640 5589 787 5655; x_wconf 80' lang='lat' dir='ltr'><strong>omnibus.</strong></span> 
     </span>
    </p>
   </div>
   <div class='ocr_carea' id='block_1_23' title="bbox 297 5720 1686 5799">
    <p class='ocr_par' dir='ltr' id='par_1_25' title="bbox 297 5720 1686 5799">
     <span class='ocr_line' id='line_1_108' title="bbox 297 5720 1686 5799; baseline 0.008 -11"><span class='ocrx_word' id='word_1_850' title='bbox 297 5720 430 5789; x_wconf 76' lang='lat' dir='ltr'><strong>Parnoi.</strong></span> <span class='ocrx_word' id='word_1_851' title='bbox 453 5720 534 5787; x_wconf 75' lang='lat' dir='ltr'><strong>xiv·</strong></span> <span class='ocrx_word' id='word_1_852' title='bbox 1667 5724 1686 5799; x_wconf 77' lang='lat' dir='ltr'><strong>t</strong></span> 
     </span>
    </p>
   </div>
   <div class='ocr_carea' id='block_1_24' title="bbox 0 0 2095 6180">
    <p class='ocr_par' dir='ltr' id='par_1_26' title="bbox 0 0 2095 6180">
     <span class='ocr_line' id='line_1_109' title="bbox 0 0 2095 6180; baseline 0 0"><span class='ocrx_word' id='word_1_853' title='bbox 0 0 2095 6180; x_wconf 95' lang='lat' dir='ltr'><strong> </strong></span> 
     </span>
    </p>
   </div>
  </div>
 </body>
</html>
