4159 6184
256 344 315 411 535
984 352 1016 415 S.
1040 350 1228 417 anabusn
1880 366 1930 433 aad

256 493 324 554 ergo
339 478 416 553 qaod
433 480 492 543 ait:
508 484 562 542 Eoi
576 488 605 543 ta
620 486 649 543 in
661 488 796 543 calcaneis
822 506 839 543 a
850 506 924 560 piria,
950 493 974 547 et
998 503 1077 563 pasce
1092 486 1120 555 Α
1137 484 1280 547 dicatioae
1295 490 1458 562 connectat,
1474 492 1502 549 et
1513 494 1655 567 uuquam
1672 496 1755 553 utero
1766 510 1817 555 suo
1826 500 1903 560 elaad

256 570 347 628 bardos
369 575 429 627 taos
452 574 482 628 in
505 574 689 631 tabernacutis
711 582 853 649 pastorem
877 580 966 651 (Garat.
993 598 1012 649 r,
1036 581 1076 653 7),
1169 578 1245 636 888
1261 579 1304 636 t9.
1321 581 1388 647 Qua
1404 597 1463 637 non
1479 581 1625 639 immerito
1642 600 1725 641 sorar
1747 589 1834 661 magia
1856 605 1931 665 quim

255 660 324 732 qaia
339 676 391 733 per
403 678 506 737 greges
521 682 644 737 rognum
660 666 864 739 intelligimus,
881 687 913 725 eo
930 674 1004 743 qaod
1029 690 1078 743 po·
1133 684 1206 723 uxor
1220 669 1394 742 appellatur,
1411 686 1444 727 eo
1460 671 1538 744 qaod
1554 672 1635 729 mitis
1649 678 1736 746 atque
1749 678 1864 747 paotnea
1879 686 1933 739 aoi-

255 750 372 807 tostatis
396 752 435 807 sit
463 754 599 825 gregibus
626 756 789 825 praesidere.
814 758 952 815 presidet
980 765 1079 816 autem
1135 759 1472 832 maeoinmanismagis
1487 759 1936 844 pietatisquarnepeoialisoopu·

256 841 462 913 unusquisqne
476 842 530 897 sibi
547 843 675 913 quadam
690 852 832 917 potestate
849 847 948 920 rogali,
965 850 988 905 si
1000 867 1080 905 ooer-
1135 845 1168 901 1ae
1185 863 1289 902 nomen
1304 848 1438 920 accipiat,
1455 854 1483 905 et
1498 850 1569 923 quia
1581 852 1726 909 universis
1749 858 1838 929 magia
1859 875 1935 931 quam

258 933 322 986 eeat
336 930 364 985 in
381 947 412 985 so
428 930 557 1002 corporis
572 931 668 999 luxus,
686 940 714 990 et
729 936 860 993 servituti
881 938 994 1011 redigat
1017 955 1080 995 oar·
1137 934 1187 990 uni
1204 952 1235 991 se
1250 936 1398 993 existimet
1410 936 1578 1006 obligatam.

259 1034 325 1074 nem
343 1034 436 1074 suam.
454 1018 578 1093 lilaoqne
594 1021 703 1079 dietum
720 1030 781 1081 est:
801 1028 919 1097 liepnam
934 1030 984 1083 Dei
1006 1030 1082 1083 intra
1170 1024 1213 1080 20.
1232 1025 1315 1080 Fodit
1331 1031 1428 1082 antem
1444 1032 1548 1099 puteos
1562 1028 1653 1095 Isaeo,
1672 1035 1703 1087 et
1725 1032 1861 1105 plurimos
1880 1040 1936 1112 qul·

259 1122 304 1163 vos
318 1111 358 1162 est
373 1107 447 1179 (Lac.
461 1126 529 1164 avn.
547 1110 601 1183 21).
613 1113 695 1169 Unde
705 1114 825 1185 pulchre
837 1115 922 1172 aitad
935 1117 1080 1173 animam:
1136 1113 1214 1183 dem,
1232 1131 1305 1186 quos
1319 1114 1431 1171 foderat
1445 1123 1527 1189 pater
1544 1119 1609 1189 aiae
1633 1119 1700 1192 (15),
1728 1128 1756 1178 et
1777 1126 1939 1197 repleverant

260 1196 323 1259 uei,
340 1194 369 1250 id
389 1202 443 1263 est,
470 1198 513 1252 exi
540 1217 556 1255 a
580 1201 706 1269 servitio,
732 1204 775 1259 axi
802 1222 818 1261 a
842 1206 937 1261 carnis
960 1205 1083 1279 imperio
1137 1201 1204 1258 illos
1220 1208 1422 1275 postmortem
1444 1205 1566 1261 Abrahae
1590 1208 1682 1278 patrie
1705 1209 1794 1279 illius,
1818 1214 1938 1289 alienige·

261 1287 347 1357 atque
363 1285 534 1343 dominata:
551 1289 593 1344 exi
611 1308 666 1346 non
684 1292 713 1347 in
729 1309 825 1361 earne,
839 1295 888 1349 sed
915 1294 944 1350 in
956 1294 1081 1366 spiritu:
1138 1309 1192 1347 aa.
1209 1292 1268 1346 ura
1284 1293 1396 1349 crateris
1409 1298 1507 1350 tamen
1521 1296 1593 1351 ladit
1608 1296 1661 1354 bos
1677 1303 1790 1371 puteos,
1810 1318 1894 1361 unam
1916 1308 1941 1361 in

260 1374 305 1429 exi
320 1375 355 1429 ad
373 1373 499 1447 regimen
517 1379 680 1449 potestatis.
698 1381 822 1453 lrleoqao
843 1383 974 1438 addidit:
1001 1386 1085 1440 Posce
1138 1379 1269 1435 convalle
1295 1380 1448 1450 Gerarnm,
1477 1388 1506 1439 et
1531 1382 1642 1441 invonit
1669 1385 1709 1442 ibi
1735 1393 1852 1460 puteum
1871 1410 1941 1465 aque

262 1464 700 1539 tartaraeosnegaeaquoin
717 1470 902 1527 sinistratna
921 1476 991 1528 sunt
1014 1490 1083 1528 nam
1137 1468 1226 1524 vive:
1245 1474 1274 1523 et
1297 1468 1377 1525 litem
1407 1472 1537 1527 lecerunt
1564 1476 1696 1545 pastores
1724 1485 1861 1536 (terarum
1886 1500 1942 1537 oum

262 1554 287 1609 si
304 1572 361 1611 non
377 1559 525 1627 rogantur,
542 1556 625 1613 iacile
641 1557 791 1615 labuntur.
819 1560 923 1617 ljoerce
948 1561 1083 1633 potulaa-
1139 1557 1307 1629 pastoribus
1323 1559 1414 1625 Isaac,
1430 1562 1556 1632 eoquod
1582 1577 1689 1635 aquam
1714 1556 1770 1621 sibi
1790 1569 1852 1639 ejas
1875 1570 1943 1641 patei

262 1642 345 1712 tiam,
361 1642 511 1700 lasciviam
527 1646 568 1700 tui
586 1647 724 1719 eorporIs,
740 1648 1085 1707 etlaxariarnirrationa-
1139 1645 1224 1717 quasi
1253 1647 1401 1719 propriam
1432 1650 1629 1719 viudluflhfflll,
1659 1658 1688 1709 θῑ
1717 1656 1828 1713 V⁰0⁸Vll
1852 1674 1945 1714 nomen

262 1730 369 1789 bilem:
385 1733 490 1789 edoma
506 1733 581 1791 leves
598 1740 694 1791 motas
710 1736 732 1809 (Ι
744 1738 777 1803 l),
791 1755 877 1810 pasce
899 1756 948 1795 eos
973 1757 1029 1795 non
1054 1739 1083 1795 in
1139 1733 1203 1804 elus
1219 1734 1407 1807 lujusliliutu·
1424 1738 1460 1794 El
1480 1735 1553 1797 fodit
1575 1738 1667 1797 ulium
1695 1749 1827 1814 puteum,
1851 1746 1879 1803 iu
1898 1762 1946 1819 quo

263 1822 408 1894 corporeis
423 1822 630 1893 tabernaculis,
647 1826 697 1880 sed
715 1826 743 1881 in
765 1827 960 1884 tabernaculis
985 1834 1083 1901 pasto·
1139 1828 1204 1877 ortu
1218 1830 1262 1879 est
1275 1825 1458 1897 disceptatu·
1475 1832 1504 1883 el
1516 1828 1656 1900 imposuit
1675 1831 1720 1887 illi
1734 1848 1838 1891 nomeu
1861 1835 1948 1892 luimi·

264 1927 340 1978 rum,
358 1911 409 1982 qui
424 1928 522 1984 regare
537 1928 655 1985 gregem
672 1922 788 1971 norant.
806 1917 1087 1974 Santonimamabi-
1142 1909 1237 1968 bitias.
1254 1913 1288 1968 ut
1300 1914 1372 1969 fodit
1387 1915 1516 1983 tertium,
1532 1916 1561 1973 in
1578 1934 1636 1990 qno
1651 1919 1687 1977 lie
1703 1921 1786 1979 nulla
1804 1923 1877 1980 inter
1889 1942 1950 1998 pas·

263 1998 304 2055 lia
318 2000 504 2055 tabernacula
529 2002 617 2057 lsrael
642 2003 718 2059 sient
740 2022 859 2061 nemora
881 2007 1089 2063 obumbrantia
1143 2006 1220 2057 tores
1234 2002 1460 2071 commissaest
1476 2010 1506 2061 Ol
1528 2008 1640 2064 V⁰0⁸Vll
1662 2026 1732 2067 eum
1756 2012 1949 2071 Latitudinem.

265 2090 487 2163 snperllarnea,
505 2090 657 2164 inquibus
677 2093 776 2149 anima
798 2102 937 2168 tanquam
964 2096 991 2151 ia
1019 2114 1088 2169 pro·
1144 2089 1227 2145 Fodit
1241 2095 1270 2145 et
1283 2097 1405 2163 puteum
1420 2092 1596 2165 duramenti,
1612 2103 1641 2152 et
1656 2114 1715 2154 non
1741 2101 1850 2158 invenit
1876 2104 1904 2158 in
1923 2116 1951 2158 ea

265 2179 362 2234 cinctu
379 2177 481 2235 bolliro
496 2180 550 2235 sita
566 2182 672 2237 bonam
688 2189 800 2239 exercet
820 2184 964 2251 militiam,
989 2185 1089 2241 incur·
1143 2195 1262 2251 uquam,
1278 2184 1307 2235 θῑ
1321 2181 1433 2238 V⁰⁰⁸Vll
1446 2198 1514 2239 fluffl
1528 2187 1650 2255 Ρϋῑθῡῑΰ
1664 2186 1832 2246 Jul'ffllessll
1844 2192 1906 2263 (to).

266 2286 318 2324 sus
332 2268 462 2341 explorat
478 2269 607 2339 hostiles,
622 2271 738 2329 virtutis
753 2272 850 2330 labore
875 2274 977 2346 qaaerit
1000 2275 1089 2331 vieto·
1178 2268 1223 2323 2¹·
1240 2268 1311 2335 Qssls
1326 2268 1388 2325 ΜΟ
1401 2269 1510 2344 legum,
1527 2276 1643 2331 terrem
1657 2276 1755 2349 mugla
1769 2294 1857 2350 quam
1877 2278 1954 2351 apiri-

266 2359 351 2426 riam,
368 2363 399 2415 nt
413 2360 506 2431 possit
521 2376 600 2433 aqna
616 2360 658 2415 illi
674 2378 736 2433 qaas
753 2361 918 2419 Salomonis
933 2372 977 2419 est
997 2365 1088 2435 (Cant.
1143 2354 1215 2412 talia
1228 2374 1316 2430 opera
1330 2376 1394 2415 esee
1408 2360 1575 2431 arbitretur,
1592 2364 1670 2435 quod
1682 2364 1728 2422 vel
1739 2366 1954 2424 abrahamtoda

266 2467 286 2515 ι,
302 2450 329 2521 8)
346 2448 518 2521 comparari,
544 2450 624 2507 volox
648 2452 683 2506 ad
706 2452 894 2519 currendam,
920 2452 1028 2509 habilis
1053 2452 1089 2508 ad
1144 2453 1260 2519 puteos,
1283 2446 1326 2503 vel
1354 2448 1444 2518 leaeo,
1465 2450 1539 2506 tanti
1560 2451 1696 2509 videlieet
1720 2455 1900 2526 patriarohae,
1920 2455 1955 2511 uel

266 2541 393 2611 partum,
411 2537 549 2610 qnoniam
566 2539 728 2597 fecunditas
741 2542 844 2597 animae
859 2542 1044 2599 desideratur
1062 2547 1091 2599 et
1145 2536 1232 2591 Oliaffl
1246 2535 1347 2607 lumb,
1363 2536 1440 2593 θίῦϋῑ
1460 2544 1489 2593 el
1513 2537 1543 2593 ln
1566 2539 1724 2614 Evangelio
1750 2544 1839 2616 (loun.
1863 2562 1898 2608 ra,
1923 2543 1970 2621 tl]¹

267 2626 417 2699 quaeritur.
1145 2624 1317 2697 reperimus,
1333 2624 1412 2680 velut
1432 2626 1528 2683 sontm
1550 2627 1672 2700 quidam
1696 2633 1816 2704 generis
1838 2632 1958 2697 humani,

303 2718 346 2772 17.
362 2716 427 2771 Hac
442 2734 509 2789 ergo
525 2734 601 2790 equa
615 2720 741 2791 pretiosa
756 2724 800 2776 eat
815 2724 843 2775 et
855 2737 959 2778 onrrus
979 2722 1090 2779 Pharao
1145 2712 1528 2787 elspesslfllstefdfllfflltlsslfl
1547 2733 1581 2773 ⁸0
1604 2717 1684 2774 fidel·
1716 2721 1794 2786 Quid
1823 2728 1868 2778 0⁸t
1891 2722 1958 2777 Ouiffl

265 2806 389 2875 veloces,
406 2806 483 2877 qaod
499 2806 589 2878 aliqui
604 2808 640 2863 ad
664 2808 822 2864 Euolesiarn
850 2810 979 2867 reserant
1001 2817 1030 2867 et
1054 2812 1090 2866 ad
1144 2807 1251 2874 {luleus
1265 2820 1348 2875 uquae
1361 2802 1669 2877 Vivae‚ssl⁸litr0suudae
1680 2807 1961 2867 altitudodobtriuul

267 2894 420 2969 populum.
438 2895 493 2949 Sed
509 2894 544 2950 de
561 2895 614 2951 hoo
630 2897 768 2967 mysterio
790 2896 859 2952 alibi
885 2898 992 2970 saepius
1016 2900 1090 2955 dixi·
1145 2891 1227 2947 Unde
1242 2897 1271 2947 θῑ
1285 2897 1364 2965 Agar
1377 2892 1414 2947 ud
1430 2896 1551 2965 puteum
1566 2894 1707 2967 ⁸⁰801¹¹ffl
1723 2897 1809 2963 Vidit.
1832 2902 1861 2955 οἱ
1882 2898 1961 2954 lumb

269 3000 346 3048 mus,
363 2981 575 3039 etmaainrein
599 2982 712 3055 psalmo
736 2986 895 3041 centesimo
918 2995 1018 3044 octavo
1040 2989 1090 3043 de·
1145 2980 1182 3037 ud
1197 2986 1318 3053 puteum
1335 2980 1441 3037 lluubel
1469 2982 1525 3037 bibi
1554 2982 1666 3039 invenit
1694 3002 1837 3043 uxorem:
1861 2986 1963 3060 Moyses

269 3071 343 3127 aimo
360 3070 459 3143 (serm,
475 3074 492 3125 2
508 3073 536 3127 in
552 3072 624 3128 Prot.
642 3075 748 3145 enain).
766 3074 824 3151 Hae
845 3078 942 3131 autern
968 3075 1030 3133 loeo
1055 3077 1090 3134 de
1146 3085 1262 3141 quoque
1276 3086 1363 3125 flocus
1376 3074 1497 3141 puteum
1512 3070 1604 3127 futuri
1618 3071 1727 3129 locavit
1752 3075 1857 3131 merita
1879 3076 1964 3148 prima

230 3162 237 3181 ⁸
269 3160 537 3217 animadieendnm
559 3164 753 3233 suscepimus.
770 3162 863 3235 Hujus
879 3180 959 3237 equa
984 3166 1090 3221 similis
1145 3157 1284 3231 conjugii·

269 3250 430 3307 estimatur
444 3250 504 3306 hmo
522 3251 630 3319 anima,
647 3251 700 3307 boo
712 3258 766 3321 ost,
781 3254 954 3325 prophetiae
966 3254 1009 3311 vel
1020 3222 1127 3327 apo·C
1181 3251 1226 3302 22·
1242 3254 1265 3302 A
1282 3254 1369 3319 puleu
1385 3247 1474 3320 igilur
1489 3246 1622 3313 Vlflissubt,
1636 3251 1757 3322 uperire
1782 3253 1864 3309 leaao
1886 3252 1964 3307 ador·

268 3339 375 3397 stolida
388 3340 514 3405 virtutis,
526 3340 604 3411 qnod
618 3340 646 3395 in
658 3358 757 3396 eoram
771 3350 982 3400 annumeretur
992 3362 1089 3417 grege,
1145 3352 1197 3391 81¹⁸
1212 3341 1257 3390 082
1272 3344 1385 3407 luleus,
1400 3344 1430 3391 θῑ
1445 3337 1520 3393 l>⁰¹¹⁰
1549 3338 1663 3407 θΐᾶἰῠθ,
1682 3344 1717 3396 ut
1731 3342 1889 3413 eluupulut
1899 3354 1966 3411 utut

268 3428 319 3501 qui
345 3428 522 3484 fecunditate
550 3428 764 3500 predicationis
794 3448 853 3485 snae
890 3431 979 3487 totius
1010 3433 1091 3487 orbis
1144 3425 1275 3496 priuuuu
1289 3424 1462 3481 ruliuuubllo
1474 3424 1590 3493 tulum,
1607 3426 1794 3501 oculumque
1807 3432 1873 3502 ejus
1887 3429 1968 3485 dilua-

268 3522 412 3571 terrarum
429 3514 523 3588 spatia
539 3518 727 3581 referserunt,
743 3520 914 3589 etqnannis
930 3519 959 3575 in
971 3537 1091 3593 corpore
1146 3520 1189 3569 ret
1201 3522 1230 3570 et
1244 3515 1362 3579 laverat,
1376 3531 1434 3586 quo
1457 3514 1552 3569 viuum
1581 3515 1646 3587 ujus
1670 3517 1787 3574 taceret
1813 3518 1967 3574 clariorem.

268 3604 430 3674 constituti,
456 3602 537 3660 nulla
560 3610 656 3661 lernen
682 3622 786 3661 enisus
810 3608 951 3678 spiritalis
974 3626 1092 3665 sensere
1147 3602 1330 3659 bonitatam
1345 3602 1419 3659 alios
1434 3608 1537 3673 puteos
1552 3604 1659 3674 plures.
1679 3606 1768 3663 Unde
1782 3613 1815 3663 et
1836 3609 1969 3679 seriptum

268 3693 431 3767 dispendia.
449 3692 573 3766 ideoque
587 3693 725 3749 laudatar
739 3696 816 3767 quod
834 3696 943 3751 cotani
956 3698 1011 3752 sibi
1023 3698 1091 3752 illn—
1145 3700 1209 3749 eet:
1227 3694 1293 3749 Bibe
1306 3709 1406 3764 aquam
1419 3692 1453 3747 de
1467 3693 1523 3749 tuta
1538 3695 1619 3759 euru,
1635 3696 1714 3751 etde
1735 3702 1889 3768 puteorum
1914 3690 1971 3750 tao-¹

270 3782 399 3840 minante
415 3789 568 3855 praecepto,
582 3784 645 3852 jam
661 3783 803 3855 speciosa,
817 3786 878 3856 jam
896 3785 1018 3857 pulchra
1039 3787 1088 3855 sit,
1145 3799 1209 3837 rum
1222 3783 1344 3853 sontibus
1359 3783 1449 3852 (Pron.
1466 3797 1494 3847 ν,
1510 3782 1564 3852 15).
1586 3782 1705 3854 Quanto
1732 3784 1837 3856 plures
1862 3785 1971 3849 luerint,

268 3892 332 3949 qum
348 3872 428 3931 vultu
445 3874 578 3946 praeterat
593 3872 734 3928 castitatis
754 3873 899 3935 docorem,
923 3879 951 3929 et
972 3874 1091 3929 redimi·
1146 3876 1228 3927 tanto
1243 3877 1287 3927 ast
1299 3870 1416 3926 uberior
1429 3870 1625 3927 redundantia
1636 3870 1820 3943 gratiarum.
1839 3872 1921 3929 Fodit
1930 3878 1970 3925 ta·

269 3964 335 4021 oula
346 3963 465 4019 cervicis
481 3960 605 4025 attollat,
623 3962 651 4015 in
667 3978 726 4032 qua
741 3965 810 4016 sunt
825 3960 969 4033 patientia
991 3967 1020 4016 et
1034 3962 1091 4017 hu·
1147 3978 1214 4016 rnen
1230 3965 1361 4032 putenm,
1374 3974 1462 4030 quem
1477 3958 1590 4015 foderat
1615 3965 1702 4030 pater
1725 3962 1797 4033 ejus
1820 3961 1971 4023 Abraham.

243 4052 379 4112 militatis
395 4050 531 4123 insignia.
542 4048 621 4105 'latis
632 4050 738 4104 animae
748 4048 887 4121 diligebat
900 4050 984 4105 lsaao
995 4067 1090 4107 verus
1145 4050 1181 4105 de
1196 4067 1254 4120 quo
1269 4048 1350 4103 litem
1366 4051 1496 4102 l'eoerunt
1510 4054 1642 4117 pastores
1657 4048 1825 4121 Gerarurn,
1844 4050 1899 4106 boo
1922 4052 1971 4109 est,

266 4143 410 4207 decorem,
428 4138 633 4203 bumilitatem,
648 4136 830 4210 patientiam,
847 4143 876 4193 et
900 4138 962 4193 ideo
987 4144 1089 4210 partus
1145 4138 1287 4193 maceriae.
1305 4136 1358 4191 Ubi
1372 4136 1449 4192 enim
1466 4135 1602 4203 maoeria,
1617 4135 1657 4191 ibi
1672 4137 1788 4195 divisio
1803 4139 1882 4196 inter
1895 4154 1972 4208 repu-

265 4233 330 4303 ejas
346 4232 430 4288 avide
446 4228 621 4301 requirebat.
1143 4231 1277 4298 quantes,
1292 4226 1332 4279 ibi
1347 4223 1510 4295 injustitia;
1526 4228 1556 4281 et
1570 4225 1635 4281 ideo
1646 4227 1771 4283 vocavit
1786 4226 1970 4298 injustitiam.

299 4320 344 4375 l8.
369 4318 506 4389 Concepit
531 4324 628 4373 autem
652 4315 789 4381 stebecoa
815 4320 843 4371 et
869 4316 1009 4387 patientia
1033 4334 1088 4373 sua
1141 4314 1238 4371 Aliana
1259 4330 1375 4385 qnoque
1393 4313 1475 4380 ludit,
1500 4317 1529 4369 et
1547 4318 1611 4369 orta
1633 4313 1845 4382 dissensione,
1869 4312 1973 4373 voravit

262 4409 372 4465 nodam
388 4406 552 4464 sterilitatis
567 4404 699 4462 absolvit.
716 4404 790 4471 Quid
805 4409 901 4460 autam
920 4406 1012 4476 pariat
1023 4422 1089 4477 pro·
1141 4422 1209 4461 enni
1227 4401 1407 4459 inimicitias.
1426 4402 1456 4456 ln
1468 4400 1972 4472 quibusvideturetuoeredootriuu

261 4496 376 4569 phatioa
391 4502 478 4569 atquo
494 4494 654 4567 apostoliea
676 4494 776 4549 aniana
801 4494 1031 4560 ortasideramas,
1058 4500 1087 4549 et
1142 4491 1273 4555 moralis,
1286 4508 1320 4545 eo
1334 4489 1411 4560 quod
1427 4487 1544 4543 sublato
1559 4490 1669 4561 pariete
1696 4494 1852 4559 manerio,
1877 4492 1972 4548 solute

259 4584 405 4657 quomodo
422 4582 529 4655 pariat:
551 4583 633 4647 Abiit,
663 4581 768 4652 inquit,
797 4582 965 4651 interr-opere
995 4582 1197 4653 borrei-[taint
1211 4582 1240 4634 in
1257 4596 1343 4635 earne
1357 4577 1487 4633 hominis
1503 4576 1674 4647 inimicitiae,
1691 4586 1725 4635 et
1736 4585 1822 4637 lacta
1833 4583 1895 4637 sint
1908 4589 1975 4635 ntra·

256 4690 325 4729 nuru
341 4671 417 4742 (Geta.
435 4688 500 4737 xxv,
519 4672 575 4739 22),
598 4670 668 4741 qaia
691 4669 876 4724 exsultabant
900 4670 1026 4725 infantes
1051 4669 1082 4725 in
1138 4686 1195 4742 que
1211 4684 1303 4723 unam
1319 4666 1347 4721 in
1364 4666 1458 4738 ligura
1473 4682 1524 4737 per
1539 4666 1629 4733 leaeo,
1645 4665 1678 4721 in
1695 4670 1828 4727 ueritate
1839 4667 1974 4743 par-Chn-

256 4768 339 4819 utero
355 4761 430 4833 ejas.
449 4760 482 4815 ut
498 4775 670 4831 responsum
694 4758 822 4829 reccepit:
849 4760 913 4813 baa
935 4763 1027 4828 paretes
1052 4760 1082 4812 ia
1137 4765 1228 4823 stain,
1244 4756 1407 4827 rueritoqae
1420 4758 1522 4825 riostea
1536 4770 1610 4825 pura
1625 4770 1710 4826 aqua
1726 4758 1761 4813 in
1776 4774 1815 4814 ao
1832 4764 1919 4831 puteo
1939 4756 1974 4810 ait

255 4855 474 4909 uterotaorant
502 4849 580 4913 (liat.
610 4848 674 4918 23);
706 4865 739 4902 eo
767 4847 844 4918 qaod
876 4838 947 4902 aili'il
977 4856 1082 4919 sponte
1136 4850 1259 4918 reperta,
1276 4850 1417 4915 tauquam
1431 4840 1564 4898 doctrina
1577 4843 1703 4900 moralis
1728 4846 1819 4903 utilis
1844 4847 1883 4902 ad
1907 4845 1973 4901 hau·

254 4944 432 5012 prasumat:
450 4939 499 4995 sed
516 4938 544 4991 in
561 4936 698 4993 omnibus
715 4952 867 4992 summum
893 4941 982 4991 Deum
1009 4954 1080 5008 pre·
1136 4934 1281 4989 riendum.
1298 4932 1406 4987 Patous
1430 4944 1547 5002 quoquo
1571 4931 1764 4990 Latitudinis
1793 4936 1870 5007 qaid
1900 4930 1973 4991 aliud

255 5028 347 5086 sulem
365 5032 467 5101 poscat
491 5044 611 5081 suornm
641 5025 850 5081 consiliorum:
881 5025 970 5079 sirnnl
994 5024 1081 5097 plena
1134 5020 1353 5094 signifieatrrisi
1381 5021 1416 5076 de
1445 5017 1630 5075 naturalibus
1659 5021 1889 5095 disciplinam?
1915 5022 1974 5085 Qua

254 5116 336 5187 pacis
351 5120 438 5187 atque
454 5114 572 5187 pietatis
587 5106 661 5168 datos
677 5110 800 5184 populos
816 5128 870 5166 ena
886 5112 943 5168 tide
958 5120 986 5167 ot
1007 5132 1078 5185 prar-
1134 5107 1547 5174 caiisaetLatitudodioitur,
1571 5108 1641 5179 qnia
1671 5109 1744 5167 sine
1776 5112 1973 5174 contentione,

290 5256 345 5328 (tt)
362 5256 431 5312 Mae.
449 5256 511 5327 Big.
528 5260 556 5311 ot
572 5254 650 5321 una,
675 5254 857 5324 petulantiam
882 5254 1013 5309 laninam
1035 5256 1079 5310 tar
1169 5255 1225 5325 (tu)
1243 5253 1316 5307 lldit.
1333 5252 1429 5319 Rom,
1444 5248 1560 5306 foditat
1586 5251 1678 5305 otiam
1692 5262 1835 5324 pateam,
1850 5258 1879 5312 et
1905 5268 1974 5309 aaa·

252 5328 382 5398 corporis,
399 5333 424 5382 et
440 5327 564 5385 luxuriae
589 5325 904 5381 irrationabilitatem
924 5326 994 5381 leues
1017 5342 1078 5380 mer·
1132 5326 1232 5379 tientes
1247 5325 1318 5379 serui
1333 5324 1509 5378 invenissem
1532 5322 1743 5391 incoeperam,
1765 5330 1879 5383 uocauit
1906 5340 1973 5385 eum,

251 5399 478 5461 taat‘oaeaeta.
1132 5402 1200 5461 ete,
1218 5412 1254 5451 ne
1268 5401 1395 5451 correcte
1409 5393 1539 5463 qnidam.
1556 5391 1619 5447 Duo
1635 5406 1729 5457 mss„
1761 5398 1846 5453 Fodit
1872 5401 1901 5452 et
1926 5410 1973 5466 pu·

288 5469 346 5537 (15)
361 5468 443 5523 Rom.
461 5468 529 5523 edit.
547 5484 613 5522 nam
629 5484 692 5538 qum
707 5468 812 5537 [oderat
838 5466 977 5522 Abraham
999 5471 1079 5538 pitter
1131 5477 1204 5522 teram
1215 5468 1381 5537 juraiaeati.
1406 5463 1632 5520 natiniaaenu
1645 5462 1680 5516 in
1697 5480 1733 5520 eo
1749 5485 1871 5538 aquom.
1892 5471 1917 5523 et
1932 5481 1975 5520 ae·

251 5538 320 5602 einr,
337 5538 529 5593 obatrareranl
546 5548 571 5593 et
588 5541 891 5605 tinnierurantterra...
907 5540 1075 5608 pntriaojaa.
1130 5540 1212 5605 cavit,
1229 5545 1282 5593 ote.
1309 5535 1422 5607 lleliqai
1451 5552 1517 5591 vero
1545 5550 1617 5589 mes.
1644 5537 1677 5587 et
1708 5538 1788 5593 edit.
1822 5539 1973 5595 nobiseum

251 5608 359 5663 liudem
386 5609 495 5664 maltos
518 5610 671 5679 Scriptura
704 5610 781 5664 liranis
810 5608 919 5681 prassini
949 5610 1075 5678 inl'arcit,
1133 5610 1261 5664 tiaoinnt:
1279 5609 1338 5663 iano
1351 5612 1380 5663 et
1396 5606 1465 5662 LXX
1481 5601 1680 5677 interpretum
1698 5610 1884 5679 auotoritas,
1904 5621 1974 5682 quos

251 5696 327 5749 quos
343 5696 489 5751 nusquam
506 5680 573 5735 alibi
592 5678 728 5751 reperias.
1130 5681 1177 5736 adi
1193 5680 1264 5736 Gon.
1280 5696 1356 5748 xxvi,
1367 5680 1412 5745 32,
1428 5683 1457 5733 et
1471 5681 1556 5733 notas
1570 5672 1681 5733 Nobilii
1698 5676 1834 5738 ibidem.
