4159 6184
245 174 307 234 aaa
978 169 1010 229 s.
1033 164 1221 231 carnosa
1753 252 1761 261 ι
1885 130 1962 227 tea'

246 326 309 377 orna
334 310 431 361 aulem
452 300 785 375 videntur,temporalin
806 304 888 366 sunt;
907 318 973 355 nam
1005 304 1192 371 riiiachns
1227 300 1439 357 illuminatione
1467 300 1684 373 jucunditatem
1715 299 1849 374 acquirat
1879 299 1939 355 sibi.

245 395 582 449 nonvidenturreterna.
609 392 665 447 Sed
694 407 751 447 nou
778 390 950 461 temporalis
975 390 1067 459 Deus,
1124 391 1304 445 sicutenim
1328 388 1404 447 oculi
1430 393 1590 461 poscuntur
1612 390 1708 463 primo
1733 389 1790 446 diei
1815 387 1940 445 lumine:

245 500 303 539 non
315 482 406 555 igitur
420 481 545 537 videtur.
561 481 623 536 Non
638 495 705 552 ergo
721 496 805 535 mens
819 496 853 535 en
868 479 945 534 videt
963 478 1067 544 Deum,
1124 478 1165 533 ita
1179 478 1266 535 etiam
1283 496 1366 534 mens
1381 482 1481 534 nostra
1496 477 1584 534 ulitur
1599 478 1726 535 inventis
1740 476 1902 551 sapientie,
1917 482 1943 531 et

243 587 307 644 que
322 569 511 643 disciplinam
526 568 726 625 Chaldaeorum
751 567 893 641 sequitur.
910 566 991 623 Unde
1015 583 1068 623 nee
1123 567 1301 638 quibusdam
1317 568 1381 639 ejus
1397 566 1487 623 radiis
1506 566 1621 623 ridetur
1644 566 1857 641 splendescere.
1874 564 1942 621 Visi-

242 658 389 717 Abraham
406 659 533 732 primurn
559 656 684 711 videbat.
698 656 848 723 Quomodo
864 660 961 711 autem
989 660 1068 728 pote·
1124 654 1193 711 hilis
1208 656 1284 711 enim
1301 656 1372 713 solis
1388 655 1477 712 radiis
1500 660 1581 716 tarra
1604 660 1801 729 vaporantur;
1822 653 1945 711 inambi-

243 754 288 805 rat
301 748 399 805 videre
413 764 491 812 eum,
508 762 598 817 supra
612 762 699 816 quem
715 744 839 801 alterum
855 760 920 800 esse
942 744 1067 800 arbitra·
1123 745 1166 801 les
1181 750 1277 801 autem
1295 744 1368 801 radii
1383 744 1480 801 cordis
1504 744 1595 801 nostri
1618 748 1775 818 penetrant
1798 742 1945 800 interiores

243 840 350 896 betur?
370 837 422 893 Ubi
446 850 513 889 vero
528 833 565 888 ad
582 832 669 891 aliam
695 834 868 907 demigravit
891 850 948 888 non
972 832 1068 907 regio-
1123 850 1266 889 recessus.

243 944 322 996 nem,
347 926 396 981 scd
421 940 519 978 veram
544 922 715 996 religionem
740 926 872 996 paratum
896 920 1069 988 humilitati,
1161 924 1203 979 la.
1221 924 1329 979 lterum
1354 922 1507 979 edificavit
1532 940 1624 990 aram,
1641 928 1670 979 et
1695 920 1840 979 invocavit
1856 922 1885 979 iu
1900 938 1945 978 no

242 1015 296 1070 hoo
315 1013 394 1069 enim
414 1011 563 1083 significat
585 1011 745 1081 Chanaam,
760 1015 830 1066 tunc
855 1010 945 1067 Beum
971 1010 1068 1067 videre
1123 1014 1202 1069 mine
1218 1011 1333 1068 Domini
1350 1012 1426 1083 (Ocu.
1444 1029 1493 1079 xii,
1511 1012 1548 1082 8).
1577 1013 1730 1068 Proceseus
1752 1011 1819 1068 adei
1844 1010 1874 1066 in
1898 1012 1945 1067 Bo·

241 1099 383 1172 eoepit-el
398 1116 465 1153 eum
481 1114 656 1169 cognoscere
668 1114 732 1153 esee
747 1097 838 1153 Deum
859 1097 943 1168 cujus
967 1097 1067 1153 invisi·
1124 1101 1194 1157 mini
1210 1098 1393 1156 invocatione
1409 1098 1593 1172 significavit.
1611 1100 1670 1155 Hoc
1685 1098 1793 1171 adjecit
1817 1098 1944 1173 superio·

242 1191 293 1247 bill
307 1188 414 1245 uirtute
438 1186 562 1241 advertit
585 1186 684 1241 omniu
706 1186 767 1258 regi
782 1190 809 1241 et
823 1186 990 1259 gubernari.
1008 1186 1068 1242 lioo
1123 1190 1215 1245 ribus.

240 1296 309 1353 ergo
324 1275 476 1350 Scriptura
497 1276 589 1343 docet,
606 1275 676 1347 quia
700 1275 849 1330 Abraham
873 1292 890 1331 a
914 1272 1066 1331 stellarum
1443 1277 1561 1333 CAPUT
1581 1276 1627 1333 lV.

240 1366 439 1425 obseruatione
455 1364 624 1437 demigrans
640 1364 732 1419 Deum
747 1364 828 1419 vidit.
1122 1367 1260 1423 Atratum
1276 1367 1325 1423 rabi
1338 1376 1518 1422 cornmorolur
1541 1370 1608 1422 erret
1622 1368 1653 1421 iu
1666 1365 1767 1422 deserto
1782 1382 1835 1437 quo
1850 1367 1945 1421 mentis

277 1458 320 1512 10.
336 1453 524 1510 Conarinario
548 1453 708 1509 testimonii
735 1453 907 1526 adjungitur
922 1454 998 1521 (Ocu.
1015 1470 1065 1525 xri,
1158 1439 1338 1565 maffia&
1354 1436 1743 1506 adumbrationinmppmam
1777 1453 1819 1492 ²12
1834 1440 1946 1493 immiti

240 1551 285 1615 ⁷>³
307 1546 376 1617 0000
396 1545 425 1598 n
446 1541 508 1597 ¹⁰⁰⁰
537 1558 618 1596 00000
648 1542 771 1597 000000
792 1540 945 1597 edificavit
968 1541 993 1597 00
1015 1542 1064 1614 000
1157 1518 1214 1636 tt.
1230 1508 1945 1652 ..litlttitlttttltttitit...illiti

239 1636 294 1692 Sibi
312 1632 457 1707 apparuit·
479 1631 644 1703 huppem
659 1630 793 1731 minim
812 1635 898 1704 tipus
913 1630 969 1730 ist?
991 1629 1062 1685 vali·
1081 1668 1105 1732 B
1156 1669 1218 1707 mam
1233 1651 1419 1723 objurpatioae
1434 1653 1534 1706 ann-rito
1550 1650 1646 1719 reddit,
1667 1661 1782 1706 ruentem
1806 1653 1944 1707 continea-

240 1727 296 1780 dus
313 1724 341 1778 in
357 1722 454 1777 anima
478 1721 553 1790 ejus,
578 1725 607 1774 ct
631 1721 786 1775 manifesta
810 1720 882 1776 fides
908 1720 1063 1776 ueritatis:
1157 1726 1203 1778 tia
1218 1724 1536 1791 reconfirmaremus.

240 1811 368 1885 suppetit
384 1810 461 1866 enim
478 1812 560 1881 grato
576 1809 637 1862 viro
662 1808 812 1878 memorie,
829 1809 942 1882 ingrato
964 1808 1066 1881 irrepit
1156 1812 1200 1867 43.
1230 1812 1263 1866 m
1290 1812 1358 1866 obiit
1382 1810 1529 1879 Abrohom,
1551 1814 1577 1866 et
1601 1810 1817 1866 demoratura
1842 1810 1874 1865 iar
1897 1809 1945 1864 dc·

240 1901 356 1959 oblivio.
374 1898 417 1953 lili
433 1898 542 1953 herent
556 1914 573 1952 a
588 1898 696 1969 quibus
710 1897 876 1969 adjuratur,
891 1898 942 1953 isti
957 1897 1063 1953 labun-
1119 1910 1189 1957 serto
1214 1900 1294 1972 (ibid.
1322 1900 1360 1971 a).
1387 1900 1467 1955 Tune
1490 1899 1631 1972 probatur
1654 1914 1747 1965 mens,
1764 1897 1885 1970 quando
1913 1896 1942 1953 in

241 1997 291 2046 tar
305 1987 479 2058 omniaque
506 1985 704 2040 conteruntur.
719 1985 827 2041 Statuit
850 1992 949 2042 autem
970 2003 1063 2054 arana,
1120 1990 1246 2063 quodam
1262 1988 1376 2043 dcscrto
1391 1982 1446 2053 est,
1464 1987 1513 2043 ubi
1538 1986 1620 2042 nulla
1641 1985 1834 2059 cupiditatum
1858 1984 1944 2043 lasci·

239 2079 290 2134 scd
307 2094 363 2132 non
380 2071 561 2129 sacrificavit.
578 2073 677 2129 Posset
692 2089 816 2141 movere,
833 2074 889 2128 nisi
912 2073 1063 2130 meminis·
1119 2078 1176 2143 via,
1207 2076 1288 2132 nulla
1312 2076 1493 2133 abundantia
1517 2076 1657 2146 pecunia,
1683 2073 1783 2131 nullus
1808 2080 1945 2148 sumptus

238 2184 286 2223 ses
323 2179 478 2238 processus
513 2162 620 2217 mantis
655 2161 756 2233 bajas,
792 2161 949 2235 Scripturas
989 2162 1063 2219 serie
1119 2164 1383 2221 luxuriae.Ulinam
1409 2164 1438 2219 in
1464 2163 1519 2218 hoc
1544 2164 1657 2219 deserto
1676 2161 1944 2235 esscpossirn,de·

237 2254 356 2312 srrvari.
374 2254 408 2308 Ut
436 2252 500 2307 ideo
529 2250 679 2323 spectabat
705 2268 724 2327 a
749 2250 806 2305 Uro
835 2268 928 2322 gentas
952 2250 1062 2307 discere
1119 2256 1243 2311 stitutus
1258 2252 1294 2309 ab
1311 2252 1391 2309 omni
1406 2252 1551 2308 incentivo
1567 2251 1773 2325 cupiditatum,
1788 2250 1946 2307 derelictus

238 2342 432 2401 sacrificandi.
456 2339 631 2395 advertebat
652 2338 729 2394 enim
762 2339 970 2395 irrationabilis
998 2340 1062 2395 ani·
1118 2344 1154 2400 ab
1170 2343 1250 2399 omni
1276 2340 1463 2412 delinquendi
1481 2339 1589 2404 studio,
1606 2338 1784 2412 exspoliatus
1800 2338 1946 2410 jactantia

236 2431 344 2489 mantis
354 2435 382 2485 ct
394 2426 629 2499 muluapecudis
641 2443 674 2481 ac
685 2427 760 2482 sacri
770 2427 869 2483 licium
883 2428 1005 2500 diguam
1021 2428 1063 2484 di·
1117 2437 1145 2489 et
1157 2432 1288 2487 tumore!
1308 2430 1363 2485 Sed
1389 2428 1458 2501 quia
1478 2427 1523 2485 vel
1538 2428 1615 2485 Deus
1632 2444 1683 2484 nos
1699 2426 1804 2483 lentari
1822 2427 1944 2499 patitur,

235 2523 303 2577 rino
317 2519 398 2575 cultu
426 2516 552 2572 hostiam
578 2533 636 2571 uon
659 2515 760 2572 videri.
785 2516 920 2572 Nondum
934 2516 963 2572 in
980 2518 1061 2573 lenae
1115 2521 1160 2577 vel
1174 2524 1301 2577 tentator
1316 2518 1455 2585 incursat,
1472 2534 1538 2574 cum
1566 2518 1622 2573 sibi
1647 2516 1761 2572 videtur
1774 2515 1804 2571 in
1827 2517 1943 2573 deserto

236 2616 337 2685 lypum
371 2609 544 2679 tognfflletai
582 2604 728 2677 pastionis
766 2605 884 2671 fliium.
928 2604 1059 2661 nondum
1116 2606 1731 2679 mcuscssequietaabomniterronarum
1756 2603 1940 2677 voluptatum
1991 2674 1995 2681 ¹

235 2695 445 2757 Melchisedech
461 2694 581 2750 dederat
595 2694 619 2749 ei
642 2692 853 2749 benedictionis
877 2694 1012 2766 gratiam,
1028 2699 1061 2751 ut
1115 2696 1292 2771 appetentia,
1309 2695 1337 2749 in
1355 2696 1508 2768 AEgyptum
1522 2692 1692 2767 impellitur,
1709 2692 1758 2749 ubi
1779 2692 1940 2765 compungi

236 2790 277 2844 ita
293 2788 490 2858 cognosceret.
827 2843 838 2859 .
1116 2786 1216 2860 possit.
1234 2782 1379 2840 Stimulos
1395 2783 1472 2839 enim
1488 2782 1597 2839 montis
1621 2798 1686 2838 cero
1710 2786 1811 2837 nostra
1840 2785 1940 2846 est,ct

271 2878 314 2931 il·
329 2873 453 2939 Recessit.
470 2870 575 2943 inquii,
589 2869 653 2925 imit
667 2872 695 2925 in
711 2877 840 2936 mntem,
852 2878 947 2925 contro
962 2871 1057 2927 Orr'ea-
1113 2876 1266 2949 passiones
1286 2874 1350 2945 ejus
1373 2871 1612 2945 compunctiones
1641 2875 1711 2927 sunt
1739 2874 1857 2926 nostre.
1873 2868 1940 2942 ipsa

235 2961 397 3020 tcchtbcl
411 2960 489 3025 (ibid.
506 2961 544 3029 8).
562 2960 774 3013 lucrementum
795 2957 957 3014 devotionis
972 2975 1058 3014 naon·
1114 2969 1159 3021 ast
1187 2964 1326 3036 AEgyptus
1354 2965 1464 3028 nostra,
1489 2960 1544 3017 hoc
1568 2964 1612 3017 est
1641 2976 1708 3015 cero
1738 2963 1850 3025 nostra,
1876 2958 1942 3031 ipse

235 3054 274 3109 tis
297 3050 443 3123 siguificat
467 3047 735 3117 eminentia,cujus
760 3047 892 3102 austrasio
916 3025 1159 3110 indiciumcest
1190 3051 1319 3109 aillictio.
1353 3050 1384 3105 ln
1417 3050 1493 3106 hanc
1525 3048 1677 3105 descendit
1709 3064 1794 3104 mens
1827 3050 1939 3115 nostra,

236 3151 278 3199 est
309 3138 452 3197 uberioris
480 3152 644 3209 processus.
669 3136 776 3192 Contra
807 3135 953 3191 Orientem
980 3137 1056 3207 ideo,
1112 3141 1228 3214 quando
1253 3138 1361 3211 cogitat
1386 3154 1448 3211 que
1472 3136 1600 3195 carnalia
1622 3141 1701 3192 suut.
1729 3137 1812 3192 'l'unc
1839 3140 1940 3192 autem

235 3226 511 3305 quiapropbetabat
536 3229 691 3280 venturum
707 3222 960 3295 justitieSolem;
978 3226 1056 3298 quod
1112 3230 1253 3295 ascendit,
1280 3226 1397 3301 quando
1431 3226 1588 3283 invisibilia
1618 3224 1774 3282 desiderat.
1808 3224 1878 3281 ldeo
1913 3227 1942 3280 et

235 3320 295 3377 illic
319 3314 468 3389 Sapientia
492 3318 608 3386 pararet
634 3311 689 3367 sibi
714 3311 892 3377 domum,et
916 3312 982 3369 inde
1006 3330 1058 3387 per
1112 3319 1259 3375 Abrabam
1293 3316 1399 3372 dieitur
1433 3316 1619 3373 descendisse
1651 3315 1679 3369 in
1714 3314 1885 3387 AEgyptum,
1907 3318 1941 3369 ut

235 3405 377 3478 virginem
406 3417 493 3457 suum
516 3398 735 3471 praedestinaret
763 3405 906 3454 exortum.
935 3400 1059 3457 Volebat
1112 3406 1299 3480 affligeretur.
1322 3404 1433 3460 Patitur
1465 3404 1519 3460 hoc
1555 3420 1638 3459 ureris
1659 3409 1767 3473 nostra,
1788 3402 1941 3458 interdum

235 3510 303 3567 ergo
318 3489 566 3562 cogosceadorum
580 3488 643 3558 Jam
660 3488 865 3559 mysteriorum
889 3487 988 3545 lumen
1009 3506 1057 3545 ec·
1112 3498 1270 3567 separatae
1286 3511 1303 3549 a
1318 3508 1446 3565 corporo,
1464 3492 1590 3549 secernit
1608 3496 1639 3549 ut
1654 3489 1843 3565 singulariter
1858 3496 1939 3563 agat,

234 3583 340 3653 cipere.
357 3580 438 3633 Sicut
459 3576 535 3631 enim
554 3575 614 3631 sole
630 3576 769 3640 mundus,
786 3575 826 3630 ita
841 3576 996 3648 splendore
1010 3595 1056 3634 aa·
1113 3582 1344 3656 incorporalibus
1377 3582 1528 3637 intendere
1560 3588 1647 3653 atque
1677 3581 1754 3638 81⁰
1788 3578 1941 3637 adhaerere

234 3668 349 3746 pientia
362 3672 423 3723 tota
438 3682 521 3721 mens
535 3663 760 3719 illuminabitur.
777 3664 938 3737 Meritoque
957 3668 1058 3739 posuit
1111 3672 1243 3746 cupiens.
1267 3671 1426 3736 Interdum,
1450 3675 1567 3742 propter
1587 3668 1801 3743 colligationem
1832 3668 1942 3723 anime

234 3763 336 3815 contra
363 3755 510 3812 Orientem
539 3752 707 3808 Bethlehem
745 3752 810 3824 (90).
840 3752 950 3810 Domus
979 3756 1056 3813 818
1112 3758 1666 3833 etcorporis,inclinaturadcarnales
1689 3757 1854 3832 voluptates
1877 3758 1942 3829 qui·

233 3846 311 3903 enim
345 3844 395 3900 Dei
426 3841 534 3898 dicitur
564 3840 744 3909 Bethlehem,
759 3841 789 3895 in
819 3858 877 3914 qua
904 3848 1058 3901 natusest
1112 3850 1167 3905 bus
1181 3850 1298 3904 infirma
1313 3846 1478 3918 subjicitur,
1500 3846 1602 3903 sortior
1627 3864 1683 3903 raon
1708 3844 1941 3901 tanatumhiili·

233 3935 377 3991 Christus.
402 3932 483 3988 Unde
504 3931 545 3985 ait
568 3944 620 4002 pcr
645 3929 813 4001 prophetam
840 3930 938 3987 Beus:
959 3934 993 3988 ut
1014 3937 1055 4003 ta,
1111 3939 1254 3995 elationes
1277 3937 1366 4010 igitur
1390 3935 1456 3992 lorti
1479 3934 1539 3991 ciro
1568 3952 1679 3991 coronae
1703 3938 1783 4003 sunt,
1805 3932 1942 3989 invalido

233 4024 397 4091 Bethlehem,
413 4038 467 4077 aon
482 4036 509 4075 es
523 4020 640 4074 urinimc
656 4020 728 4074 inter
747 4020 886 4091 principes
908 4021 998 4089 Iader
1022 4040 1057 4079 ee
1110 4026 1296 4083 infirmitates
1309 4028 1387 4081 sunt.
1404 4024 1486 4080 Unde
1500 4028 1528 4080 et
1543 4022 1590 4079 ille
1605 4040 1662 4079 non
1677 4022 1801 4079 timebat
1816 4022 1945 4078 afflicta·

233 4122 258 4169 te
279 4114 354 4169 enim
377 4112 450 4167 eeiet
471 4110 610 4180 princeps,
635 4108 683 4178 qui
711 4117 787 4179 cepoe
811 4109 943 4180 poputum
964 4128 1056 4167 meum
1111 4115 1205 4172 tiones
1220 4113 1327 4187 quibu
1353 4113 1525 4186 probaretur
1549 4110 1729 4183 morito,qui
1758 4109 1851 4166 dicit:
1870 4111 1946 4167 lium

232 4202 323 4261 lliicb
338 4217 366 4268 v,
380 4202 418 4268 2).
433 4197 494 4252 Non
511 4197 585 4251 dixit
599 4200 700 4252 contra
712 4194 882 4252 Bethlehem
898 4198 949 4253 sed
964 4201 1057 4255 taber·
1110 4213 1134 4260 et
1165 4220 1227 4259 cum
1258 4204 1426 4259 venissemus
1459 4203 1488 4257 in
1526 4201 1718 4267 lllueedoaium,
1752 4199 1863 4255 nattam
1899 4214 1946 4256 re·

233 4287 370 4346 naculum
403 4289 499 4359 ipsum
535 4283 704 4341 Bethlehem
733 4284 896 4357 appellavit
927 4288 1056 4345 Ecclesia
1109 4294 1202 4366 quiem
1229 4290 1323 4347 hahuit
1352 4306 1415 4346 coro
1442 4290 1537 4345 nostro
1563 4290 1610 4345 scd
1638 4291 1667 4344 in
1694 4288 1821 4345 cionitas
1843 4304 1947 4345 saraae

232 4380 311 4435 enim
328 4378 479 4448 iustorum
503 4377 548 4430 est
576 4373 808 4431 tabernaculum.
825 4376 891 4431 Jnm
914 4376 964 4431 illa
989 4375 1056 4449 quis
1070 4380 1237 4457 Despictuti
1269 4396 1278 4433 :
1307 4380 1375 4448 [orie
1402 4392 1513 4450 pupae,
1549 4379 1622 4433 ictus
1650 4379 1762 4433 timores
1797 4376 1840 4447 (11
1874 4378 1946 4434 Gor.

233 4484 292 4523 non
306 4464 427 4521 miretur
442 4462 590 4535 mysteria,
607 4463 684 4535 quod
700 4461 869 4520 Bethlehem
888 4464 973 4534 juxta
996 4482 1057 4523 ma·
1110 4469 1211 4542 v11,5).

233 4572 263 4611 re
291 4552 415 4609 Galileae
447 4557 492 4608 est
522 4552 559 4607 ab
588 4550 713 4607 Oriente.
743 4552 858 4608 Utenim
886 4553 929 4609 vel
958 4556 1058 4612 anime
1147 4560 1189 4615 ll.
1204 4558 1260 4614 Sed
1276 4562 1308 4614 ut
1321 4556 1510 4613 descenderet
1531 4554 1559 4611 in
1583 4554 1847 4629 AEgyptumtames
1874 4572 1951 4613 eoe-

231 4660 294 4717 que
310 4646 437 4699 meretur
458 4639 600 4713 templum
625 4639 676 4695 Dei
700 4638 852 4713 appellari,
868 4641 913 4698 vel
929 4643 1057 4700 Ecclesia
1110 4648 1154 4720 git
1180 4646 1255 4719 (Oea.
1285 4662 1334 4711 xu,
1366 4645 1422 4716 iu).
1455 4642 1590 4700 Exoritur
1616 4642 1694 4700 enim
1723 4659 1799 4698 seva
1828 4644 1952 4700 mentis

229 4731 367 4789 tunditur
382 4728 567 4786 secularium
595 4744 733 4783 curarum
758 4728 906 4795 flactibus,
922 4732 971 4787 sed
997 4748 1054 4788 nou
1111 4736 1212 4801 sames,
1237 4734 1355 4806 quando
1377 4732 1543 4805 appetentia
1564 4732 1661 4789 carnis
1682 4731 1772 4803 huJus
1793 4733 1952 4805 exundat,

231 4821 407 4879 subruitur:
424 4818 553 4883 ceditur,
570 4817 620 4872 sed
637 4833 696 4872 nou
710 4816 911 4887 labefactatur,
925 4836 1055 4878 commo·
1109 4827 1138 4880 et
1152 4826 1300 4896 exspectat
1314 4838 1348 4879 ea
1360 4838 1423 4895 que
1439 4818 1528 4877 saluti
1549 4822 1670 4877 adversa
1692 4824 1771 4877 sunt.
1788 4820 1953 4895 Redigunt

230 4909 324 4966 tiones
339 4908 482 4963 fluctuum
508 4912 536 4961 et
559 4905 787 4962 insurrectiones
810 4908 981 4979 passionum
996 4926 1057 4965 cor·
1109 4929 1163 4968 uos
1179 4912 1208 4967 in
1224 4910 1376 4985 angustias
1392 4910 1533 4982 corporis,
1549 4926 1616 4967 cum
1639 4908 1766 4965 habendi
1788 4909 1952 4981 cupiditas

230 4997 376 5071 porolium
390 4995 485 5051 facilis
500 5010 632 5067 premere
645 5011 678 5050 ae
695 4995 838 5067 mitigare.
855 4998 972 5070 Spectat
983 4998 1054 5055 alio·
1110 5000 1220 5072 irrepit,
1259 4998 1375 5055 luxuria
1408 4999 1545 5055 suavitati
1578 5002 1631 5067 est,
1666 4998 1746 5055 cordi
1779 4998 1951 5069 jactantia.

231 5082 560 5157 rumuauiragiu,ipse
582 5083 723 5139 immunis
749 5088 777 5139 et
798 5100 899 5142 exsors
922 5087 1054 5158 periculi,
1110 5090 1270 5145 Tentamur
1302 5104 1404 5144 omnes
1423 5086 1664 5160 (ititlnlleetitur
1695 5086 1783 5142 etiam
1818 5085 1953 5143 sobrius

230 5177 332 5249 parata
359 5189 476 5246 semper
498 5177 531 5229 ut
552 5171 704 5229 illucescat
727 5172 783 5229 sibi
807 5174 951 5248 Christus,
967 5181 1056 5250 atque
1110 5176 1237 5248 enimus,
1258 5176 1408 5234 descendit
1430 5175 1460 5231 in
1493 5175 1660 5251 AEgyptum,
1679 5174 1795 5231 hocest
1813 5172 1845 5229 in
1869 5176 1954 5232 atui-

267 5393 325 5476 (90)
339 5395 447 5453 Omnes
470 5398 540 5454 edit.
569 5397 670 5470 legunt
693 5398 801 5460 Betbet:
817 5415 889 5455 mss.
915 5416 982 5456 vero
1006 5400 1055 5457 hic
1110 5400 1293 5458 Ambrosius.

230 5469 305 5522 etin
325 5470 515 5541 sequentibus
540 5486 692 5545 nunquam
721 5486 780 5525 non
803 5470 923 5543 habent,
947 5472 1054 5531 aeeta—
1144 5473 1200 5547 (al)
1217 5473 1476 5529 itemesomnas.
1501 5469 1577 5527 uait.
1601 5472 1710 5537 autem,
1728 5468 1853 5526 tueun'ae
1877 5485 1953 5527 sao·

231 5536 309 5601 aaa
337 5556 425 5613 quem
454 5556 553 5600 vocam
583 5557 618 5602 ex
640 5539 740 5601 Betbel
769 5540 911 5603 deducere
939 5542 1056 5607 videtur
1108 5546 1201 5618 vitate,
1216 5548 1243 5607 et
1256 5542 1490 5621 urdujucanuii
1504 5543 1755 5605 ememoromoer.
