4159 6184
168 251 209 316 ii
915 247 1137 312 PllAEllA'l'iO.
1838 245 1877 310 lb

206 384 330 448 Novam
352 381 484 446 adorem
505 379 674 446 editionem
695 383 844 446 Erasmus
864 400 963 447 unum
984 387 1039 445 aut
1061 381 1194 448 alterum
1215 385 1386 447 tractatum
1407 381 1445 448 iis
1467 381 1520 466 qui
1546 379 1615 467 jam
1645 379 1781 466 publicae
1812 381 1876 447 luci

166 465 234 529 dati
253 466 391 536 fuerant,
415 463 549 545 adjecit:
573 465 613 525 ad
635 465 710 526 bina
731 464 892 526 volumine
913 471 1014 528 totum
1036 464 1316 527 Ambrosianorum
1339 485 1470 546 operum
1493 487 1605 547 eorpus
1625 467 1757 546 redegit,
1781 465 1875 528 illud-

166 567 229 628 que
250 547 384 627 partitus
407 547 507 607 estin
538 553 674 625 quatuor
707 551 808 607 temris
836 564 842 606 :
866 547 910 606 ita
931 554 965 607 ut
998 546 1259 626 primasllthieffi
1297 549 1450 608 secundus
1483 547 1660 620 Polemiea;
1699 547 1872 620 Orationes,

165 627 335 708 Epistulas,
358 631 389 687 et
409 627 582 687 Gonciones
601 627 711 686 tertius
736 646 744 699 3
769 633 899 706 quartus
934 627 1069 705 donique
1091 627 1169 685 Nori
1192 646 1226 686 ac
1249 629 1367 687 Veteris
1403 629 1594 692 Testamenti
1630 628 1873 707 Explanatioues

166 710 350 772 contineret.
373 707 421 767 Ad
443 707 685 785 haecprcemisit
707 707 838 785 singulis
860 709 1010 768 tamisae
1032 707 1120 767 libris
1152 707 1311 767 nonnuliis
1342 709 1495 787 quasdam
1526 728 1683 780 censuras,
1716 711 1769 770 sed
1802 729 1872 789 quae

163 790 327 850 nonsatis
351 786 575 849 existimationi
596 787 681 847 illius
702 789 940 866 responderunt,
964 805 1020 846 nee
1042 789 1206 847 doctorum
1230 789 1465 866 exspectationi.
1493 789 1602 862 Porro,
1637 791 1761 850 tametsi
1791 789 1873 850 mul-

164 876 235 931 tum
255 869 378 928 sudoris
400 868 589 928 exhaustum
610 867 760 946 praedieet
782 868 814 927 in
835 869 895 928 hoc
918 886 1011 947 opere
1032 867 1145 947 (Epist.
1169 866 1239 928 edit.
1262 887 1320 926 succ
1340 869 1491 949 preficit),
1516 869 1596 930 Dum
1617 869 1774 930 collatione
1796 879 1871 931 uete-

164 970 234 1010 rum
254 947 399 1022 codicum,
423 948 536 1026 inquit,
560 948 756 1008 emendantur
776 947 812 1007 de
833 959 952 1024 cauata,
974 949 1171 1008 restituuntur
1190 957 1358 1026 amputato,
1380 957 1548 1010 resecantur
1561 959 1671 1025 meato,
1688 962 1873 1032 reponuntur

166 1029 282 1102 Graeca,
327 1049 372 1089 use
393 1027 439 1088 uel
460 1027 588 1089 aberant
606 1047 740 1108 prorssn,
765 1047 799 1089 oc
838 1029 948 1110 figuris
982 1027 1061 1088 nibil
1091 1027 1326 1106 significantibus
1360 1019 1482 1108 fuerant
1517 1029 1641 1090 addita:
1666 1048 1730 1090 non
1764 1038 1872 1091 tamen

162 1116 289 1172 tuntum
306 1049 384 1169 idei
405 1108 552 1168 habitum
575 1113 621 1168 est
642 1109 740 1187 ipsius
760 1109 874 1179 verbis,
898 1116 932 1168 at
953 1127 1024 1169 eum
1047 1109 1148 1186 magis
1170 1108 1348 1168 auctoritati
1370 1110 1653 1188 manuscriptorum
1677 1129 1771 1189 quam
1800 1131 1872 1192 pro-

162 1190 234 1270 prio
252 1190 374 1269 judicio
399 1189 521 1249 deferre
541 1189 707 1280 quisquam
731 1189 878 1249 crederet.
903 1193 968 1250 Hoc
990 1193 1073 1248 certe
1095 1189 1262 1266 superioris
1284 1189 1391 1248 saeculi
1421 1195 1542 1249 constat
1573 1189 1666 1250 luisse
1695 1191 1869 1269 ingenium,

162 1277 198 1330 ut
219 1269 336 1331 eruditi
360 1287 470 1329 omnes
492 1269 679 1346 conjecturis
700 1267 870 1347 plurimam
892 1271 1075 1339 tribuerent,
1099 1270 1151 1328 scd
1182 1272 1344 1330 Erasmum
1376 1269 1529 1347 imprimis
1559 1270 1650 1330 famae
1682 1289 1745 1330 suae
1777 1278 1871 1350 atque

162 1351 317 1412 doctrinas
339 1349 458 1409 fiducia
477 1348 575 1426 paule
597 1349 795 1410 audaciorem
818 1350 971 1410 exstitisse
991 1348 1097 1409 nulius
1119 1350 1269 1427 ambigat.
1293 1350 1511 1428 Quadproptcr
1532 1349 1610 1409 adeo
1636 1369 1699 1409 non
1727 1352 1795 1411 visa
1825 1357 1871 1410 est

164 1431 343 1510 legitimam
367 1429 506 1507 attigisse
528 1429 752 1508 perfectionem
773 1429 840 1508 ejus
861 1431 968 1502 editio,
991 1435 1025 1488 ut
1047 1429 1169 1489 duobus
1190 1434 1261 1508 post
1283 1429 1384 1500 annis,
1407 1430 1556 1490 nimirum
1578 1448 1660 1489 anno
1683 1431 1770 1501 1529,
1799 1449 1870 1490 euru

163 1513 253 1590 typis
273 1508 469 1570 Cbevallonii
488 1508 615 1569 Parisiis
637 1510 874 1587 exprimeretur,
896 1510 997 1570 merita
1018 1515 1211 1569 commutata
1239 1510 1353 1570 luerint
1374 1510 1407 1569 in
1437 1515 1535 1580 textu,
1568 1514 1598 1569 et
1628 1509 1667 1569 ad
1698 1510 1871 1588 marginem
1965 1551 1968 1556 -

166 1597 323 1652 annotata
344 1587 510 1660 nonnulla,
534 1590 801 1667 quemadmodum
823 1609 861 1651 ex
889 1590 1057 1650 collatione
1088 1588 1208 1667 aliquot
1238 1590 1412 1670 opoliarum
1442 1589 1715 1668 deprehendimus
1747 1591 1871 1651 Atrion

165 1673 301 1732 Lutetiae
324 1668 440 1740 solum,
464 1670 518 1729 sed
540 1675 570 1729 et
591 1669 720 1729 basileae
742 1670 796 1730 ubi
817 1671 920 1748 prima
941 1671 1081 1749 ejusdem
1104 1670 1225 1731 Erasmi
1246 1669 1341 1730 editio
1372 1688 1410 1730 ex
1431 1671 1577 1730 Probenii
1599 1669 1725 1730 officina
1746 1669 1870 1749 prodie-

162 1759 231 1822 rat,
254 1752 316 1811 hoe
338 1751 442 1828 ipsum
462 1750 496 1809 ’rte
517 1750 630 1810 secutis
651 1750 840 1810 editionibus
862 1752 979 1812 iactum
1001 1749 1173 1828 reperitur:
1197 1750 1229 1810 in
1252 1751 1364 1829 quibus
1386 1749 1480 1810 etiam
1502 1755 1653 1811 tractatus
1675 1749 1796 1828 aliquot
1818 1751 1871 1828 qui

163 1833 200 1892 in
223 1830 439 1910 superioribus
458 1829 728 1902 desiderabantur,
752 1831 882 1891 subinde
904 1830 1017 1909 adjecti
1038 1835 1120 1889 sunt.

201 1918 418 1981 Nihilominus
440 1922 546 1978 tamen
567 1918 713 1980 editionis
733 1925 799 1979 tam
821 1938 905 1998 saepe
927 1940 962 1980 ac
983 1925 1029 1981 tet
1051 1918 1181 1978 diversis
1202 1919 1278 1980 iocis
1293 1938 1421 1992 recusae,
1444 1938 1564 1981 necnon
1586 1919 1703 1980 Gelenii
1725 1919 1871 1980 aliorum-

160 2020 224 2082 que
246 2002 414 2061 doetorum
437 1998 603 2058 hominum
625 1997 788 2076 diligentia
810 2001 977 2078 recognitae
1001 1999 1170 2060 auctoritas
1190 2001 1344 2062 loannem
1366 2001 1551 2073 Costerium,
1575 1999 1752 2079 regularem
1778 2019 1870 2060 eano-

160 2083 269 2143 uieum
292 2099 309 2140 e
331 2078 521 2140 monasterio
543 2079 651 2139 Sancti
671 2079 794 2139 Martini
817 2080 1029 2152 lovaniensis,
1053 2097 1116 2139 non
1138 2080 1298 2153 deterruit,
1322 2082 1396 2160 quin
1419 2081 1457 2140 ad
1493 2079 1587 2141 aliam
1619 2081 1869 2141 concinnandam

162 2161 445 2238 exornandamque
466 2159 606 2219 animum
628 2159 810 2239 appelleret.
835 2160 901 2231 Oua
922 2179 997 2221 vcro
1019 2159 1182 2221 occasione
1203 2161 1348 2222 inductus
1369 2163 1430 2221 hoe
1452 2160 1568 2222 laboris
1585 2161 1643 2220 sibi
1658 2160 1867 2240 proposuerit,

162 2242 207 2301 ita
231 2239 368 2319 explieat
391 2239 504 2320 (Epist.
529 2241 558 2299 in
580 2240 684 2300 limene
704 2239 775 2300 edit.
798 2259 858 2300 suae
876 2241 1007 2323 positai:
1030 2241 1108 2304 Cum
1143 2260 1195 2321 epo
1217 2242 1321 2320 igitur,
1352 2242 1406 2313 ait,
1429 2249 1497 2302 ante
1519 2241 1668 2301 biennium
1688 2240 1729 2302 ll.
1745 2239 1870 2302 Ambro-

162 2322 204 2381 sii
223 2320 363 2402 epistolas
384 2320 516 2400 antiquis
536 2327 564 2380 et
583 2319 813 2400 elegantioribus
833 2320 1053 2383 characteribus
1073 2322 1266 2402 conscriptas,
1288 2339 1326 2383 en
1347 2320 1520 2383 biblcbtbeca
1540 2322 1666 2383 coenobii
1685 2321 1723 2382 ll.
1738 2321 1870 2382 Lauren·

164 2402 203 2462 tii
228 2400 313 2482 quod
332 2399 499 2460 Montensis
513 2417 551 2481 op
574 2399 619 2460 idi
635 2402 730 2460 inuris
750 2401 1008 2475 adheret,nactus
1028 2419 1127 2475 essem,
1151 2404 1355 2484 capacemque
1376 2421 1438 2464 meo
1459 2421 1540 2463 more
1560 2421 1625 2463 eum
1647 2401 1762 2463 excusis
1784 2399 1868 2462 libris

162 2499 211 2544 eas
236 2479 387 2559 conferre,
410 2480 517 2539 micum
559 2481 619 2540 c'ctu
638 2490 782 2562 quantum
803 2482 850 2543 lric
870 2490 936 2543 erin
956 2481 1084 2556 dissidii,
1128 2493 1252 2543 nocetum
1274 2483 1448 2559 uorc'etatis,·
1469 2483 1620 2543 utstatim
1640 2501 1699 2543 nen
1719 2481 1868 2565 potuerim

161 2581 221 2623 non
245 2559 463 2621 destomaelsarc'
480 2561 513 2620 in
528 2579 574 2621 cos
594 2563 650 2642 qui
667 2560 753 2622 editis
774 2561 869 2635 libris,
891 2563 1026 2643 speciosis
1046 2499 1164 2643 puniens
1186 2562 1237 2623 scd
1264 2557 1401 2624 inanibus
1421 2581 1456 2624 ac
1476 2562 1664 2624 mendacibus
1686 2561 1791 2638 titulis,
1808 2581 1869 2622 om-

161 2653 217 2712 nia
240 2649 479 2728 castigatissima,
501 2658 531 2709 et
551 2660 705 2730 tamquam
726 2649 859 2730 feliciore
874 2648 1085 2741 παλιγγενεσίᾳ
1119 2659 1224 2711 renata
1255 2651 1456 2731 pollicentur:
1486 2669 1551 2710 cum
1586 2649 1664 2710 nibil
1695 2649 1869 2732 plerumque

160 2741 200 2801 sit
222 2737 427 2819 deprauatius,
450 2747 477 2797 ct
497 2739 629 2819 antiquis
648 2737 781 2799 sordibus
802 2741 901 2801 emnia
921 2750 982 2801 scnt
995 2741 1162 2802 convoluta.
1185 2741 1238 2800 His
1260 2739 1366 2817 itaque
1381 2744 1551 2818 permotus,
1575 2738 1658 2817 quod
1680 2739 1712 2798 in
1727 2737 1867 2816 epistolia

162 2819 386 2881 Ambrosianis
408 2825 556 2897 eoeperat,
580 2819 687 2878 statuit
709 2819 741 2878 in
762 2819 889 2898 reliquis
910 2821 1048 2899 ejusdem
1071 2820 1207 2883 doctoris
1229 2839 1248 2880 o
1273 2820 1375 2879 eribus
1405 2819 1548 2890 officere;
1581 2836 1714 2896 cumque
1744 2822 1867 2877 mutua-

160 2907 217 2960 tus
240 2905 318 2959 esset
339 2917 356 2957 e
376 2899 478 2958 tribus
500 2905 552 2959 aut
563 2905 698 2978 quatuor
710 2899 897 2960 viciniorum
919 2903 1182 2963 monasteriorum
1201 2840 1400 2960 bibiiothecis
1426 2898 1545 2977 aliquot
1579 2895 1780 2976 exemplaria,
1804 2897 1866 2958 hoe

162 2980 307 3041 subsidio
329 2979 426 3038 fretus
449 2984 542 3057 atque
563 2979 595 3039 in
617 2980 726 3058 primis
747 2999 810 3041 uno
832 2982 937 3040 codiee
957 2982 1160 3062 pereleganti,
1193 2980 1299 3059 quiin
1320 2979 1461 3057 belgium
1492 2977 1605 3038 allatus
1635 2979 1773 3038 iuerate
1803 2978 1868 3036 hla-

164 3079 230 3141 gna
252 3059 422 3131 Britannia,
447 3059 685 3137 castigationem
708 3079 797 3120 suam
818 3061 961 3122 absolsit.
986 3064 1075 3123 Edita
1107 3063 1164 3122 luit
1194 3060 1248 3120 illa
1278 3058 1407 3120 basileae
1438 3077 1520 3118 anno
1552 3061 1628 3119 1555
1660 3058 1741 3136 typis
1772 3063 1866 3137 atque

161 3139 317 3219 impensis
338 3139 504 3218 Episcopii.
529 3141 693 3218 Egregium
725 3158 800 3200 sane
830 3159 958 3219 operam
991 3143 1022 3201 in
1053 3144 1112 3203 hac
1143 3161 1199 3200 sua
1229 3139 1364 3200 editione
1393 3139 1538 3217 preastitit
1567 3139 1733 3212 Costerius,
1766 3155 1867 3218 neque

161 3223 274 3300 ipsum
292 3218 462 3279 lectoribus
483 3219 668 3298 imposuisse
689 3221 890 3293 arbitramur,
914 3240 985 3281 curn
1007 3222 1176 3282 affirmarit
1198 3241 1215 3280 a
1237 3238 1269 3280 se
1297 3220 1464 3298 plusquam
1504 3219 1565 3278 duo
1596 3218 1696 3278 miliia
1726 3237 1867 3279 errorum

164 3320 204 3362 ex
228 3299 393 3360 Ambrosio
416 3298 540 3358 sublata
561 3319 638 3372 esse,
661 3307 776 3378 praeter
795 3302 908 3379 viginti
930 3307 984 3361 aut
1005 3301 1111 3379 plures
1132 3319 1238 3361 versus
1270 3319 1348 3377 quos
1378 3318 1448 3358 cum
1480 3299 1621 3359 deessent
1651 3299 1683 3358 in
1713 3298 1870 3377 prioribus

162 3379 372 3450 editionibus,
393 3379 461 3458 ipse
483 3380 602 3457 primus
625 3381 688 3440 suis
710 3400 865 3461 quemque
888 3380 964 3442 loeis
986 3383 1130 3442 restituit.
1154 3383 1376 3441 Verumtamen
1398 3398 1461 3439 non
1483 3379 1541 3439 sibi
1563 3379 1638 3439 satis
1653 3379 1762 3439 auxilii
1776 3379 1870 3438 fuisse

169 3462 204 3521 in
227 3459 409 3520 memoratis
431 3459 662 3538 exemplaribus
684 3461 766 3521 idern
788 3481 851 3521 non
873 3462 1003 3522 obscure
1024 3462 1151 3532 indicat,
1170 3461 1222 3521 ubi
1244 3460 1358 3519 latetur
1380 3477 1412 3519 se
1433 3459 1622 3538 quandoque
1651 3459 1683 3518 in
1714 3478 1766 3520 eas
1795 3459 1872 3519 inei-

170 3541 258 3601 disse
277 3537 489 3611 difficultates,
514 3540 626 3617 quibus
648 3540 859 3620 adjudicium
879 3544 1043 3604 doctorum
1065 3543 1230 3603 hominum
1252 3541 1419 3618 confugere
1440 3545 1566 3601 coactus
1587 3539 1691 3610 inerit,
1723 3542 1783 3600 hoc
1814 3544 1871 3610 est,

172 3629 208 3681 ut
230 3618 404 3696 simplicius
424 3619 604 3698 loquamur,
628 3621 666 3681 ad
689 3621 894 3699 conjecturas.

213 3709 317 3780 Quam
340 3709 379 3768 eb
401 3725 467 3768 rem
489 3727 559 3769 cum
578 3710 716 3771 loannes
737 3709 880 3771 Gillotius
901 3711 1171 3772 animadvertisset
1192 3709 1364 3770 Costerium
1388 3708 1427 3768 ab
1459 3728 1531 3768 mss.
1565 3709 1707 3769 codicum
1738 3708 1877 3788 paucita-

172 3795 240 3850 tem
263 3787 431 3848 editionem
453 3790 650 3849 suumomni
671 3809 707 3850 ex
730 3796 820 3868 parte
840 3792 1009 3870 perlectam
1030 3793 1159 3852 reddere
1180 3807 1379 3868 nequaquam
1410 3790 1559 3866 potuisse,
1583 3788 1723 3850 laudavit
1751 3788 1878 3868 quidem

173 3869 246 3947 ejus
266 3868 409 3928 laborem
430 3875 524 3947 atque
544 3869 741 3941 industriam,
764 3870 817 3930 sed
840 3872 1173 3932 tamenAmbrosianis
1195 3870 1340 3949 operibus
1363 3869 1479 3947 aliquid
1511 3869 1708 3948 perfectionis
1741 3887 1878 3928 aceessu-

175 3949 404 4027 computavit,
429 3949 454 4007 si
476 3968 512 4010 ea
534 3949 636 4010 denuo
659 3949 727 4009 aliis
749 3951 898 4012 adhibitis
919 3952 1147 4030 exemplaribus
1178 3954 1422 4028 recognosceret.
1454 3949 1662 4028 Congregavit
1691 3947 1787 4025 igitur
1816 3965 1877 4006 non

174 4031 327 4108 exiguam
350 4030 633 4108 manuscriptorum
651 4030 883 4091 multitudinem
906 4050 922 4091 e
942 4033 1109 4111 praeeipuis
1130 4030 1263 4108 hujusce
1285 4029 1370 4089 urbis
1391 4029 1599 4100 bibliothecis
1624 4034 1657 4088 ut
1688 4033 1794 4106 putee
1825 4029 1880 4087 Re-

174 4112 240 4190 gia,
266 4109 450 4175 sorbonne,
474 4110 684 4180 Germanensi,
701 4110 869 4181 Victoriae,
894 4111 1006 4190 quibus
1028 4130 1268 4172 annumeremus
1289 4109 1360 4169 licet
1382 4109 1614 4188 Dionysianam,
1647 4109 1711 4168 sive
1746 4107 1881 4168 abbatiae

175 4190 287 4254 Sancti
310 4188 450 4267 Dionysii
470 4189 503 4249 in
526 4190 667 4261 Francia,
692 4191 723 4249 in
745 4211 807 4268 qua
827 4192 895 4251 sola
924 4192 1036 4268 viginti
1066 4199 1095 4252 et
1126 4190 1261 4270 arnplias
1291 4189 1412 4250 cedices
1442 4189 1720 4250 Ambrosianorum
1752 4205 1882 4266 operum

176 4289 277 4332 manu
299 4274 444 4329 exaratos
467 4269 621 4330 exstitisse
643 4270 725 4330 idem
747 4277 931 4332 auctorest.
955 4274 1069 4333 Verum
1092 4291 1162 4332 eum
1184 4277 1231 4331 tot
1252 4270 1411 4330 codicibus
1432 4269 1513 4329 inter
1534 4288 1566 4329 se
1588 4269 1783 4330 conferendis
1797 4285 1883 4327 com-

176 4350 397 4431 ponendisque
418 4349 471 4408 vix
491 4348 597 4428 plures
618 4350 773 4421 homines
796 4351 911 4411 nedum
934 4371 1029 4412 unum
1053 4352 1201 4430 aliquem,
1226 4351 1366 4410 sufficere
1389 4350 1660 4420 animadverteret,
1684 4367 1721 4409 ex
1736 4367 1773 4409 eo
1793 4351 1883 4408 tanto

178 4448 325 4499 numero,
350 4435 382 4488 ut
403 4429 469 4507 ipse
490 4429 522 4488 in
544 4431 729 4507 praeiatioue
751 4450 807 4490 suu
828 4449 891 4491 nou
913 4431 1100 4504 dissimulat,
1125 4449 1241 4524 paucos
1264 4430 1376 4508 quibus
1397 4430 1589 4490 excutiendis
1610 4447 1666 4507 par
1688 4433 1778 4500 esset,
1810 4425 1886 4489 deli-

180 4529 256 4590 gere
275 4527 314 4569 ae
334 4509 469 4569 retinere
489 4526 652 4569 necessum
673 4511 795 4570 habuit.
820 4511 896 4588 Ejus
917 4513 1012 4573 editio
1033 4513 1160 4571 Parisiis
1180 4511 1261 4590 apud
1284 4508 1485 4570 Guillelmum
1507 4509 1670 4570 Merlinum
1688 4508 1816 4588 ejusque
1838 4525 1886 4567 so-

181 4591 248 4650 cios
268 4591 301 4650 in
322 4588 425 4649 lucem
447 4589 565 4667 prodiit
586 4608 669 4650 anno
694 4591 782 4650 1568.
808 4591 955 4661 Quamvis
977 4597 1082 4652 autem
1105 4591 1246 4652 omnium
1270 4609 1340 4669 quae
1362 4590 1448 4668 prius
1469 4589 1587 4668 publici
1604 4589 1686 4667 juris
1707 4589 1797 4650 iaetae
1820 4588 1886 4647 iue-

179 4676 265 4739 rant,
288 4669 402 4729 merito
425 4669 592 4747 praedicari
611 4670 711 4749 possit
733 4670 982 4743 absolutissima;
1007 4671 1212 4733 nihilominus
1233 4675 1350 4742 tamen,
1374 4688 1443 4747 quae
1466 4688 1570 4730 rerum
1600 4672 1809 4730 humanarum
1831 4687 1888 4727 sae-

179 4769 220 4830 ep
242 4749 383 4809 conditio
396 4755 453 4820 est,
467 4750 617 4810 remansit
638 4751 778 4811 omnium
799 4770 856 4829 pro
880 4752 1027 4812 emodum
1048 4753 1185 4812 maxime
1206 4751 1325 4829 ignota,
1349 4769 1417 4810 eam
1437 4750 1581 4811 videlieet
1602 4749 1755 4830 oppressit
1776 4751 1889 4809 Rorna-

176 4850 230 4892 nae
254 4847 326 4908 quae
348 4829 491 4907 proxime
511 4829 600 4890 illam
620 4835 726 4890 secuta
747 4835 804 4899 est,
828 4849 844 4891 e
867 4832 972 4892 ilionis
994 4833 1086 4893 fama.

222 4919 273 4979 Ad
290 4918 374 4977 hane
397 4918 626 4996 suscipiendam
647 4918 745 4990 Felix,
770 4920 937 4980 cardinalis
958 4921 997 4981 de
1018 4921 1219 4993 Monte-Alte
1244 4926 1273 4980 et
1295 4925 1403 5000 postea
1425 4920 1481 4980 sub
1502 4920 1629 4980 nomine
1649 4917 1736 4996 Xysti
1757 4916 1782 4974 V
1811 4931 1890 4992 pon-

179 5001 261 5060 tifex
284 4998 455 5070 maximus,
479 4999 678 5059 decessorum
699 5018 827 5059 suorum
849 5000 896 5060 Pii
918 5001 957 5059 lv
979 5020 1014 5060 ae
1036 5003 1084 5062 Pii
1104 5003 1130 5060 V
1152 5001 1337 5060 auctoritate
1358 5006 1452 5078 atque
1474 5001 1631 5060 mandatis
1653 5015 1695 5066 se,
1731 4996 1807 5054 dum
1829 4996 1890 5054 ito-

178 5099 243 5140 mae
268 5079 302 5138 in
326 5077 484 5138 Minorem
506 5084 662 5139 conventu
682 5078 861 5156 generalem
882 5081 1000 5141 ordinis
1022 5083 1071 5141 sui
1105 5086 1221 5160 ageret,
1253 5081 1415 5141 inductum
1444 5098 1510 5140 esse
1537 5078 1709 5158 profitetur.
1739 5075 1891 5146 Quocirca

180 5167 216 5221 ut
239 5159 426 5219 mandatam
447 5159 641 5236 provinciam
666 5159 776 5230 obiret,
801 5160 895 5237 eoepit
916 5162 1023 5221 rimari
1047 5161 1233 5222 celebriores
1264 5161 1481 5230 bibliothecas,
1514 5156 1741 5234 manuscriptos
1770 5159 1891 5215 veteres

179 5240 330 5302 conferre
351 5257 424 5298 eum
446 5238 635 5299 editionibus
656 5238 931 5309 emendatioribus,
955 5247 985 5301 et
1007 5243 1105 5302 sicubi
1127 5245 1278 5301 tractatus
1299 5241 1414 5320 aliquis
1437 5239 1574 5300 nondum
1607 5237 1707 5296 editus
1737 5235 1889 5307 deliteret‚

179 5319 396 5396 investigare:
420 5319 609 5398 insuperque
631 5319 738 5379 sedulo
760 5337 937 5397 praeparare
958 5321 1019 5382 alia
1042 5323 1146 5383 omnia
1168 5341 1238 5399 quae
1269 5322 1308 5382 ad
1340 5320 1441 5400 operis
1471 5316 1692 5396 perfectionem
1713 5314 1894 5380 conducibi-

178 5401 228 5462 lia
253 5397 465 5459 existimabat.
490 5401 529 5460 At
550 5417 636 5470 vero,
668 5398 798 5458 diversis
830 5399 976 5461 itinerum
1007 5401 1202 5480 aliarumque
1232 5420 1376 5461 cucurum
1407 5397 1659 5458 distractionibus
1690 5397 1891 5476 prepeditus,

180 5483 214 5543 id
238 5479 475 5558 imperfectum,
498 5485 532 5539 ut
554 5479 680 5548 latetur,
703 5479 844 5539 deserere
865 5489 991 5542 coactus
1013 5482 1082 5542 fuit.
1106 5483 1219 5542 Factus
1241 5487 1349 5560 postea
1370 5477 1536 5538 cardinalis
1566 5478 1778 5538 intermissum
1807 5476 1895 5536 labo-

183 5580 254 5622 rem
278 5559 414 5637 repetiit,
439 5559 492 5620 sed
510 5559 577 5637 jam
594 5576 658 5618 non
680 5558 782 5630 sclus3
807 5560 850 5619 sic
873 5561 955 5621 enim
976 5563 1159 5641 Gregorium
1174 5561 1254 5632 Xlll,
1279 5560 1327 5620 eui
1349 5558 1515 5618 editionem
1533 5578 1620 5620 suam
1634 5559 1769 5619 dicatam
1782 5556 1893 5628 voluit,

180 5640 366 5718 alloquitur
379 5639 423 5719 (E
419 5639 530 5720 peseto
543 5638 771 5720 nuncupatoria)
785 5657 792 5698 :
811 5639 1048 5723 Oualemeunqne
1057 5652 1160 5724 posteo
1174 5649 1277 5702 nactus
1292 5639 1426 5719 quietem,
1442 5637 1560 5702 hortatu
1572 5640 1719 5721 jsnsuque
1741 5637 1777 5700 S.
1801 5634 1834 5698 V.
1848 5636 1895 5695 in-

182 5721 331 5784 choatum
352 5737 424 5800 epus
446 5729 588 5801 repetens,
606 5718 769 5801 praelarus
789 5718 930 5797 doctores,
952 5723 1031 5784 ocios
1053 5722 1191 5784 doctrina
1211 5728 1239 5780 et
1257 5717 1367 5797 pietate
1408 5737 1502 5793 naues,
1534 5739 1569 5782 oc
1591 5720 1761 5800 linguarum
1782 5714 1896 5776 intelli·

184 5801 306 5884 nentia,
330 5808 359 5860 et
379 5799 574 5863 bistoniarum
595 5791 761 5881 cognitione
782 5800 923 5881 imipnes,
939 5813 1087 5885 piscterea
1109 5803 1139 5864 in
1160 5798 1330 5864 scholastica
1372 5739 1518 5883 ticologia
1547 5811 1576 5863 et
1607 5801 1734 5865 Petrum
1775 5795 1895 5858 lectione
