4159 6184
128 284 189 347 tet
748 281 800 343 ult
821 281 913 343 (2le
935 280 986 343 ΕΤ
1008 280 1110 343 suut
1130 283 1205 346 utu.
1228 284 1266 347 ll.
1801 287 1860 348 358

129 416 294 491 quitatum
310 412 445 471 donavit.
462 407 559 468 Multa
574 410 655 469 euim
670 412 709 469 sd
725 428 814 470 usum
841 412 979 470 substan-
994 415 1021 481 A
1036 414 1190 471 Generatio
1207 416 1263 473 ista
1277 417 1472 475 successionis
1488 418 1623 479 humana
1639 420 1790 478 mulierem
1810 420 1859 475 dc·

129 507 178 563 tias
193 503 324 577 largitur
335 502 487 569 humanae,
505 504 536 557 et
549 499 606 557 hoc
621 518 686 558 non
710 504 887 575 potestesse
903 500 977 557 divi·
1033 508 1088 569 cet,
1105 504 1297 575 impossibilis
1312 507 1413 563 eadem
1429 508 1500 565 viro.

129 611 204 653 uum
219 591 416 660 sacrificium,
433 590 484 649 ubi
500 592 549 647 est
573 606 652 647 usus
677 594 800 648 natura.
816 591 919 661 edere,
935 589 978 646 bi·
1072 592 1114 647 47.
1132 592 1206 664 drgo
1223 594 1247 650 si
1265 596 1361 651 caruis
1376 596 1443 651 aad
1460 614 1516 653 nun
1542 602 1666 671 quadrat
1681 600 1728 655 laic
1743 608 1859 657 seusus,

130 686 213 752 bere,
229 681 370 749 dormire,
387 680 504 754 aliaque
527 678 622 736 etiem
656 679 824 737 ministeria
850 676 980 750 corporis
1034 679 1133 737 cilicia
1148 681 1253 739 enimse
1269 683 1566 742 discutiamus.lslam
1583 706 1653 745 saue
1669 687 1860 756 inuenioquae

132 768 647 841 donosunttibicollata,ncnasste
663 767 758 826 relata
772 768 978 827 Deomuuera.
1033 768 1116 826 uullo
1132 769 1259 827 discreta
1273 772 1312 829 sit
1328 789 1397 829 sexu
1415 778 1457 829 :et
1472 790 1654 833 cumsexum
1672 770 1860 834 nonhabeat,
1929 806 1935 816 .

133 860 285 934 Quidquid
303 862 402 916 autem
414 861 547 915 sanctum
563 856 763 931 cogitaveris,
778 855 834 912 hoc
849 855 900 912 Dei
917 872 979 912 mu·
1032 858 1192 930 utriusque
1208 877 1294 916 sexus
1310 878 1432 919 munera
1452 872 1648 936 representat.
1665 864 1755 930 subit,
1770 854 1862 919 conal-

133 968 195 1009 nus
209 947 319 1019 est,Dei
335 946 547 1022 inspiratio,llei
563 946 671 1019 gratia
687 964 695 1003 ε
711 945 789 1002 sicut
803 961 819 1001 e
833 944 978 1001 contrario
1033 946 1086 1018 pit,
1103 948 1189 1019 parit.
1206 950 1241 1003 lit
1253 950 1329 1005 sicut
1343 950 1461 1007 leminis
1477 953 1556 1008 dedit
1570 954 1686 1009 vulvam
1703 945 1863 1015 naturaie

134 1040 191 1099 illa
205 1056 271 1112 quer
282 1037 453 1094 cuminusu
468 1039 577 1092 nature
589 1034 741 1091 humane
753 1034 884 1102 siut,non
895 1033 979 1090 coln·
1034 1050 1094 1109 qpa
1110 1035 1346 1110 uniuscujusque
1370 1040 1527 1096 animantis
1543 1040 1691 1115 generatio
1705 1056 1758 1112 per
1782 1048 1865 1091 meu-

134 1130 266 1204 quinant
290 1126 455 1193 homiuem3
471 1124 519 1181 scd
546 1124 632 1197 quod
661 1124 723 1181 exit
747 1124 784 1180 de
807 1138 867 1191 ore,
888 1122 979 1189 l'urta,
1034 1126 1133 1179 struas
1149 1124 1293 1180 formetur
1308 1132 1408 1183 artetes
1421 1144 1426 1181 :
1440 1128 1479 1181 ila
1495 1134 1538 1184 eet
1553 1126 1797 1201 quadamuirtus
1808 1118 1868 1177 ani·

134 1218 214 1275 lates
224 1213 408 1283 testimonia,
424 1211 583 1286 sacdlegia,
598 1212 673 1271 heac
689 1215 761 1269 sunt
773 1228 837 1284 qus
850 1209 980 1283 ‹niaqut
1033 1228 1088 1267 rnre
1105 1229 1169 1285 qum
1183 1212 1262 1269 uelut
1278 1216 1405 1287 quodam
1419 1216 1511 1271 varlare
1526 1216 1663 1288 genitalis
1688 1216 1804 1271 secreto
1819 1223 1867 1264 co·

136 1310 212 1365 nant
225 1305 394 1362 hominem,
1033 1300 1209 1373 gitatiouum
1225 1308 1389 1361 nostrarum
1408 1305 1556 1377 suscipere
1572 1300 1870 1372 samina,conceptus

171 1396 217 1453 46.
236 1392 384 1452 Interiora
405 1406 473 1465 ergo
496 1392 596 1447 nestra
622 1388 819 1457 mundemus,
838 1390 872 1446 ut
885 1387 979 1461 possit
1034 1388 1138 1456 lovere,
1155 1392 1256 1461 partus
1271 1390 1345 1447 solet
1359 1392 1453 1449 cdere.
1471 1393 1570 1464 Neque
1584 1392 1664 1448 cuim
1690 1390 1769 1447 alter
1791 1384 1871 1441 dicc-

134 1485 247 1545 oblstio
270 1498 332 1540 non
355 1480 518 1554 displicere.
535 1478 579 1535 lbi
605 1494 781 1552 queramus
797 1492 884 1533 omne
899 1475 977 1548 quod
1033 1482 1078 1533 ret
1106 1476 1197 1533 lsaias
1228 1495 1234 1534 :
1264 1481 1295 1535 lu
1324 1488 1399 1537 utero
1427 1484 1635 1552 aucupantium
1660 1476 1872 1552 parturivimus

133 1574 233 1651 aperit
256 1571 379 1628 vulvam
403 1568 619 1635 masculinum,
645 1566 703 1623 hoc
726 1570 781 1631 est,
804 1566 922 1637 justum
950 1568 980 1620 et
1032 1568 1162 1639 spiritum
1177 1566 1278 1623 solutis
1293 1570 1357 1639 (lso.
1377 1586 1454 1638 nxvr,
1481 1568 1541 1639 1u);
1569 1567 1628 1624 nisi
1657 1568 1782 1625 vulvam
1810 1562 1873 1621 ani-

134 1661 313 1741 principale,
339 1659 416 1734 quod
446 1656 637 1715 sanctificare
662 1654 786 1711 Domino
806 1654 978 1711 debeamus.
1033 1671 1088 1709 mae
1105 1654 1242 1711 uouisset.
1257 1656 1364 1713 Harum
1382 1657 1604 1729 generationum
1620 1658 1761 1730 quedam
1788 1652 1873 1711 femi-

133 1757 238 1828 Neque
251 1751 335 1809 enim
350 1747 382 1804 hl
395 1764 451 1803 uos
466 1744 602 1820 corporei
618 1744 716 1801 coitus
733 1744 800 1817 (37),
816 1745 975 1815 conceptus
1034 1760 1094 1798 neu
1110 1748 1189 1809 suut,
1204 1744 1325 1809 malitia,
1349 1747 1522 1819 petulantie,
1549 1744 1689 1816 luxuries,
1716 1746 1874 1816 intempe-

134 1848 303 1921 partusque
324 1837 521 1908 sanctificant,
538 1836 655 1909 quibus
680 1832 768 1889 vulva
793 1831 902 1889 lemine
925 1833 978 1889 de·
1033 1832 1141 1899 rantis,
1157 1832 1351 1905 impudicitia,
1366 1835 1481 1905 aliaque
1496 1834 1667 1905 hujusmodi
1690 1834 1779 1899 vitia,
1808 1833 1874 1904 qui·

134 1936 240 1993 ltorstc
255 1929 373 2005 pudore
394 1924 578 1999 virginitatis
594 1922 737 1995 aperitur.
753 1921 827 1978 Nam
842 1920 896 1977 etsi
913 1935 978 1977 mu·
1033 1921 1089 1976 hus
1105 1919 1195 1976 animi
1211 1923 1305 1977 uestri
1320 1924 1456 1995 quadam
1471 1927 1625 1979 enervatur
1637 1922 1779 1979 virilitas.
1798 1920 1874 1980 Mas·

135 2024 191 2081 lier
204 2018 377 2079 sanctificat
389 2015 497 2084 virum,
513 2017 544 2070 ct
560 2012 608 2069 vir
623 2010 793 2080 mulierem3
808 2014 905 2066 tamen
921 2008 980 2083 ple·
1033 2009 1137 2065 culina
1151 2013 1230 2075 eunt,
1246 2012 1381 2077 castitas,
1395 2009 1543 2081 patientia,
1562 2012 1729 2084 prudentia,
1757 2014 1874 2084 tempe·

137 2126 267 2185 rumque
282 2104 430 2178 contingit
443 2102 573 2177 virginis
587 2099 705 2157 vulvam
721 2100 808 2156 ctiam
822 2098 885 2154 siue
909 2114 978 2155 con·
1034 2098 1140 2163 rantis,
1164 2098 1315 2167 fortitudo,
1338 2098 1458 2171 justitia
1478 2100 1585 2173 quibus
1608 2118 1692 2157 meus
1707 2104 1829 2169 nostra,
1845 2104 1874 2158 et

134 2202 212 2277 jugit
227 2196 389 2257 sanctitate
401 2192 539 2249 reserari.
555 2190 661 2262 Neque
676 2204 778 2245 rursus
802 2184 865 2244 sola
886 2186 980 2243 virilis
1034 2201 1101 2243 caro
1116 2186 1178 2258 ipse
1191 2186 1340 2257 firmatur,
1357 2190 1388 2243 et
1411 2187 1446 2242 ad
1469 2189 1602 2247 ubeunda
1621 2190 1751 2263 impigre
1769 2189 1875 2248 munis

138 2296 186 2350 aot
198 2286 311 2364 gratia,
317 2282 426 2341 mulier
439 2284 541 2338 autem
561 2276 805 2336 sanctificationis
819 2274 914 2332 aliena
923 2277 978 2343 est,
1032 2276 1151 2331 virtutis
1165 2275 1297 2349 erigitur.
1315 2276 1381 2333 Hos
1406 2283 1504 2345 pertus
1517 2280 1597 2337 alvus
1611 2279 1658 2337 ille
1671 2278 1873 2352 propheticus

141 2385 193 2439 sut
205 2376 369 2447 utriusque
383 2387 470 2428 sexus
485 2368 615 2427 contusa
626 2368 732 2422 ustura
746 2367 842 2431 estut
856 2368 980 2435 uterque
1034 2364 1201 2437 parturivit.
1215 2364 1250 2419 ttt
1265 2363 1335 2420 ideo
1353 2365 1397 2421 ait
1413 2382 1419 2421 :
1437 2368 1465 2423 lu
1479 2378 1555 2427 utero
1579 2372 1731 2442 occepimus
1755 2376 1786 2426 ct
1808 2386 1873 2443 por·

142 2481 303 2543 corporeos
318 2461 460 2519 tundatur
482 2459 513 2514 iu
539 2458 656 2531 partus.
681 2453 796 2510 liabent
810 2467 865 2508 sua
879 2450 981 2508 munis
1033 2453 1179 2509 turiuimur
1193 2454 1326 2537 spiritum
1341 2455 1454 2513 saluis.
1470 2458 1633 2517 lllasculum
1649 2458 1743 2533 igitur
1759 2464 1791 2515 et
1807 2476 1872 2533 pur·

144 2557 214 2627 virt,
229 2555 343 2612 habent
358 2548 496 2606 mulieres
508 2561 601 2604 sexus
616 2542 663 2601 sui
677 2542 773 2600 cilicia
786 2540 922 2598 discreta.
1034 2540 1145 2608 turilit,
1161 2547 1190 2599 et
1204 2542 1331 2615 peperit,
1351 2544 1405 2618 qui
1419 2547 1556 2619 spiritum
1571 2549 1674 2608 salutis
1689 2548 1810 2606 euadit.

183 2734 241 2807 (37)
256 2731 301 2787 lte
316 2742 390 2784 mss.
407 2729 435 2781 et
449 2724 535 2780 Rom.
552 2720 623 2778 edit.
638 2719 703 2777 vet.
717 2735 786 2776 aero
800 2716 883 2786 edit,
897 2720 1024 2791 corporei
1037 2721 1119 2792 setus.

164 2906 1865 2935 mmm—*u

745 3095 917 3186 LIBER
946 3094 1265 3187 SECUNDUS.

902 3307 1110 3323 m

364 3486 443 3547 aab
463 3486 581 3543 CAPUT
601 3485 756 3543 PRIMUM.
985 3491 1074 3559 Cute
1110 3489 1246 3563 formetur
1281 3488 1404 3545 Christus
1432 3494 1464 3547 ia
1499 3502 1577 3559 vobis
1605 3506 1705 3577 (tator.
1741 3534 1769 3589 v,
1805 3522 1860 3595 19).

140 3581 256 3638 Anima
289 3581 388 3659 partae
416 3578 525 3661 rumare
550 3574 736 3659 producendos
761 3593 771 3629 .·
793 3589 887 3657 eorum
910 3589 973 3659 pase
1027 3576 1058 3632 ln
1075 3577 1151 3633 hauc
1165 3576 1289 3633 formam
1304 3580 1366 3633 tote
1381 3581 1490 3639 mentis
1506 3595 1614 3649 nostre
1634 3600 1800 3665 remearant
1818 3610 1860 3666 vi-

179 3652 272 3722 samus
285 3657 328 3705 ut.
345 3648 469 3705 Plebeiae
481 3662 575 3703 uruat
588 3650 689 3703 meatu
704 3660 819 3718 teuperto
841 3645 972 3703 domums
1027 3681 1118 3734 secra,
1135 3670 1163 3723 et
1178 3666 1208 3721 in
1223 3664 1272 3721 illu
1287 3664 1407 3739 genitali
1431 3667 1496 3728 alvo
1519 3680 1627 3739 animes
1652 3695 1760 3749 nostra
1774 3697 1858 3755 ctri-

178 3718 971 3861 ἓξὲξὥῖροιὲἷεξὸὶῗίῖἕῶᾘᾝοξῗέἅᾜαθᾝ’
1026 3758 1091 3811 atus
1106 3754 1258 3828 refulgeat.
1275 3754 1377 3810 Partus
1393 3761 1494 3815 noster
1513 3764 1587 3822 lldes
1611 3771 1659 3837 sit,
1676 3781 1858 3843 nutrimenta

181 3872 267 3918 mm,
278 3861 310 3918 p,
322 3862 515 3918 mmmmm,
531 3874 587 3931 ,m
607 3867 772 3926 cmm,
785 3861 899 3932 ,ΝΜ
910 3860 970 3931 prs.
1026 3847 1126 3899 uostra
1139 3847 1281 3917 precepta
1296 3842 1432 3900 doctrinae
1450 3847 1520 3906 siut
1540 3852 1592 3911 llis
1607 3863 1741 3928 quadam
1758 3871 1855 3928 cordis

180 3934 270 3987 mitiis
283 3933 450 4005 emmor.
1026 3933 1119 3988 nostri
1134 3934 1284 3989 imbuatur
1298 3932 1432 4001 infantia,
1448 3936 1623 3999 instituatur
1646 3950 1783 4019 pueritia,
1802 3958 1854 4026 ju.

180 4022 208 4076 l.
224 4020 283 4077 llos
297 4024 400 4093 partus
413 4019 514 4076 anima
529 4024 630 4075 nostra
644 4019 859 4091 parturiat,uec
873 4018 971 4076 solum
1024 4021 1210 4079 venculescat
1232 4021 1437 4093 adolescentia,
1463 4033 1581 4085 senecta
1604 4042 1751 4094 canescat.
1773 4042 1854 4101 AEtas

140 4110 353 4184 parturiat,sed
378 4107 467 4165 etiam
492 4106 588 4181 pariet
612 4108 680 4181 (38),
695 4112 724 4165 et
747 4108 852 4165 diebus
876 4108 971 4181 pariat
1025 4108 1104 4163 enim
1119 4108 1277 4167 senectutis
1292 4110 1350 4165 vite
1363 4114 1408 4166 cst
1421 4110 1624 4175 immaculata.
1641 4121 1741 4195 ltaque
1757 4143 1790 4184 ea
1805 4130 1853 4189 de-

139 4196 291 4272 impletis;
307 4215 343 4255 ne
357 4198 536 4255 immaturos
549 4200 652 4270 partus
666 4197 729 4254 dies
742 4196 847 4268 judieii
868 4196 970 4269 depre·
1025 4213 1106 4253 mum
1122 4196 1361 4255 houaestanimae
1376 4203 1616 4277 senectus,qusm
1627 4209 1709 4267 nulla
1719 4216 1849 4285 perfidie

140 4286 307 4345 hendstlbc
322 4286 368 4344 his
380 4286 460 4343 caim
475 4286 618 4359 partubus
633 4285 707 4342 dixit
720 4284 863 4343 Dominus
871 4286 968 4343 lesus:
1023 4284 1247 4357 inquinamenta
1270 4285 1489 4345 maculaverint.
1505 4292 1540 4347 tlt
1568 4295 1633 4353 ideo
1653 4305 1755 4370 partus
1781 4321 1852 4365 suos

142 4379 193 4435 γε
216 4376 428 4448 praepucutibas
463 4383 490 4431 et
521 4375 708 4432 nutrientibus
733 4377 763 4430 iu
795 4374 853 4431 illas
876 4373 969 4432 diebru
1023 4374 1135 4431 abhuc
1161 4372 1276 4430 macula
1298 4373 1407 4431 Paulus
1430 4378 1562 4439 delendit
1578 4400 1585 4439 :
1601 4386 1656 4456 Epo
1672 4404 1726 4456 vos,
1742 4389 1850 4466 inquit,

137 4468 222 4540 (Luc.
237 4482 285 4532 xx,
299 4467 356 4537 23).
374 4465 515 4521 ttaturius
543 4462 635 4537 igitur
649 4464 817 4520 absolvatur
831 4462 879 4519 hic
901 4479 968 4536 par·
1022 4465 1108 4531 penui
1123 4466 1152 4520 ia
1168 4463 1313 4533 Euunpelic
1335 4464 1357 4534 (l
1383 4465 1443 4521 Cor.
1469 4484 1496 4530 v,
1522 4472 1581 4543 15);
1606 4490 1641 4530 ne
1666 4480 1752 4549 cujus
1776 4498 1852 4541 aava

137 4562 204 4628 tus,
218 4560 249 4612 et
263 4553 452 4628 cogitationes
466 4557 572 4610 nostras
592 4552 735 4609 honorum
759 4567 881 4623 operum
902 4567 968 4624 pro·
1022 4550 1219 4607 insusurratio
1250 4551 1333 4607 rudis
1344 4552 1411 4607 fidei
1427 4559 1553 4615 tentaret
1567 4561 1850 4628 inluntiamldsscu-

137 4643 279 4701 cassibus
298 4642 492 4715 explicantem
515 4645 549 4697 ut
572 4639 645 4696 nihil
674 4639 875 4712 imperfectum
899 4640 969 4698 linis
1021 4638 1083 4695 lina
1097 4639 1188 4710 igitur
1202 4640 1370 4711 generabat,
1388 4643 1438 4714 qui
1454 4644 1482 4699 in
1498 4645 1595 4705 virum
1616 4653 1778 4723 perlectum
1798 4676 1849 4733 po·

136 4737 245 4790 nester
257 4731 398 4802 inueniat,
414 4729 488 4787 nihil
512 4729 721 4802 inexplicatum
744 4729 888 4786 terminus
902 4729 967 4786 vites
1022 4728 1108 4798 pulos
1124 4743 1197 4799 quos
1213 4727 1343 4796 docebat,
1353 4728 1420 4787 lldei
1440 4734 1584 4804 gestiebat
1599 4742 1711 4797 unitate
1724 4760 1847 4801 concur·

137 4827 252 4881 nostra
267 4820 404 4887 offendat,
420 4818 495 4875 nihil
509 4822 651 4891 tanquam
666 4817 696 4873 iu
711 4818 818 4875 incude
838 4817 967 4889 positum
981 4860 1005 4925 D
1023 4832 1097 4883 rere,
1113 4821 1142 4871 et
1156 4817 1185 4871 in
1202 4817 1351 4891 agnitione
1366 4819 1429 4875 Filii
1445 4824 1495 4880 Dei
1511 4829 1668 4896 perlectam
1690 4829 1847 4901 plenitudi-

137 4928 219 4968 usus
232 4910 325 4967 nostri
339 4908 436 4982 operis
450 4907 642 4979 derelinquat.
659 4905 776 4963 Festina
790 4905 890 4979 igitur,
902 4906 965 4963 aui·
1022 4903 1068 4960 nis
1091 4904 1198 4961 Christi
1229 4910 1326 4963 tenere
1352 4924 1521 4969 mensuram
1542 4916 1701 4989 (Ephrem,
1718 4918 1773 4989 13).
1788 4920 1846 4977 Hoc

137 5018 202 5069 ma,
220 4999 347 5055 formare
360 5002 464 5071 partus
477 5000 554 5064 tuos,
577 4994 782 5067 properantius
805 4995 964 5064 absolvere,
1020 4994 1099 5049 euim
1116 4994 1295 5051 sacrificium
1311 4999 1487 5069 acceptabile
1512 5006 1568 5059 beo
1592 5008 1719 5070 noverat,
1736 5006 1846 5079 dequo

136 5087 270 5145 celerius
284 5103 359 5160 quos
372 5084 510 5159 genueris
524 5081 663 5140 enutrire.
1020 5082 1168 5155 scriplum
1184 5088 1228 5139 est
1244 5100 1251 5140 ε
1270 5085 1415 5158 Separabit
1430 5089 1486 5159 (39)
1499 5106 1578 5145 omne
1599 5090 1670 5162 quod
1684 5096 1772 5162 aruerit
1786 5097 1845 5153 oul-

176 5182 207 5234 2.
225 5178 293 5244 Ques
307 5175 381 5233 tanti
395 5171 543 5232 formauit
556 5175 671 5246 partus,
690 5172 870 5230 demonstrat
887 5178 964 5245 Apo·
1018 5188 1082 5225 vom
1105 5174 1298 5243 maturrimum,
1324 5176 1438 5231 Domino
1464 5178 1560 5249 (deod.
1584 5178 1843 5257 a111,tat.utqut

134 5268 239 5325 stolus
252 5266 353 5322 diceus
367 5282 374 5319 ε
387 5262 480 5319 dilicti
490 5262 546 5318 ruci
560 5277 626 5334 quoa
646 5263 747 5318 iterum
768 5263 905 5334 portuno,
921 5260 965 5317 dc
1019 5260 1134 5317 addidit
1149 5278 1155 5316 :
1173 5264 1256 5321 Omns
1270 5264 1340 5336 quod
1354 5266 1440 5335 aperit
1461 5266 1570 5321 uuluam
1584 5266 1617 5321 dr
1631 5272 1763 5327 orrrrealis
1777 5276 1803 5329 ct
1812 5274 1845 5331 dc

174 5430 325 5507 (tutudit.
342 5430 498 5497 addebant,
523 5428 673 5487 acuendum
695 5430 766 5505 qaod
788 5432 903 5503 troitum
918 5432 965 5488 sed
1014 5430 1129 5503 parabis
1145 5451 1154 5489 :
1169 5436 1277 5504 etpost
1291 5448 1385 5505 pauca
1410 5432 1439 5491 in
1466 5435 1567 5495 eodem
1582 5442 1611 5495 et
1624 5437 1691 5498 Vst.
1713 5444 1843 5507 secunda

134 5508 236 5571 amm,
252 5506 307 5560 etc.
323 5501 393 5560 tlss.
409 5518 476 5561 uero
491 5505 524 5560 ut
537 5500 567 5559 ia
580 5505 670 5561 textu.
1016 5519 1082 5577 vox,
1097 5504 1248 5577 suauitas.

174 5572 278 5649 (eolla
299 5588 371 5631 mss.
393 5572 456 5633 itia.
482 5577 511 5632 et
535 5572 627 5632 Laud.
652 5572 836 5635 desideratur
849 5589 961 5637 votes·
