4159 6184
111 341 171 402 vnn
498 335 614 402 blnda
636 336 686 397 DE
709 331 1062 397 BENEDlC'llONlDUS
1084 331 1442 394 anntnncttnttttnt.
1764 331 1823 395 vtu

112 491 150 531 ne
165 479 217 530 aut
232 470 533 545 superssuavideretur
547 469 749 543 plebisiterata
765 467 937 532 benedictio,
955 469 1059 537 Aquae
1081 465 1209 536 patrium
1233 481 1291 521 uon
1309 469 1436 522 servaret
1450 464 1606 534 adactum
1623 470 1651 522 et
1667 467 1737 540 quia
1752 485 1824 542 pra·

114 564 165 619 aut
175 559 257 634 prior
271 560 465 617 estimaretur
479 559 607 614 infirma.
617 556 938 629 Meritoquerepetitam
993 553 1066 609 vidit
1085 554 1251 626 flagitium,
1275 553 1471 626 perhorrescit
1495 554 1609 610 consilii
1634 556 1823 630 contagium:

112 643 941 723 tammagiaannuntiationemeorumqueeposterioribus
996 663 1010 693 a
1026 641 1237 711 Inconsilium,
1269 642 1376 716 inquit,
1401 659 1503 699 eorum
1529 660 1587 700 non
1602 645 1700 702 veniat
1726 646 1826 704 anima

114 744 214 797 essent
235 742 358 795 ventura
387 736 579 810 temporibus,
602 750 691 808 quam
709 731 941 790 benedictionem
998 747 1075 801 mea,
1097 735 1127 788 et
1148 731 1179 787 ia
1207 731 1462 805 congregationem
1480 730 1596 790 illorum
1618 750 1675 791 aon
1704 740 1826 793 conteu-

114 827 247 884 conierra
260 842 291 882 se
302 825 383 882 dicit.
996 820 1069 877 dant
1083 819 1195 877 viscera
1206 837 1289 876 mea:
1311 820 1452 892 quoniam
1468 821 1497 876 in
1514 822 1558 877 ira
1577 839 1631 879 aua
1658 824 1828 882 occiderunt

148 919 176 972 7.
189 915 320 988 Denique
348 914 389 971 sic
406 912 510 986 acepit:
528 935 543 964 α
555 911 657 969 Haben
669 909 836 985 primitivus
848 926 941 978 meus,
996 908 1158 979 hominem,
1172 912 1201 966 et
1219 910 1248 966 in
1265 908 1424 981 cupiditate
1436 928 1490 966 sun
1504 911 1756 970 subnervaverunt
1763 917 1825 971 tau·

113 1005 392 1070 tuvirtuamea,et
415 999 675 1058 initiumtilicrum
687 1014 830 1068 meorum,
851 998 944 1055 durus
997 1015 1065 1055 rum
1080 998 1156 1073 (Gen.
1172 1016 1247 1068 xcix,
1263 999 1302 1070 6).
1322 1020 1337 1049 n
1361 999 1442 1065 Quod
1473 999 1689 1068 diciturenim
1707 1002 1827 1075 quidem

116 1095 235 1169 portari,
252 1093 344 1148 durus
359 1095 388 1148 et
412 1089 596 1159 temerarius,
612 1087 734 1146 affecisti
761 1104 808 1145 me
841 1091 945 1144 contu·
998 1087 1070 1144 dicit
1083 1087 1200 1145 Simeon
1213 1092 1242 1145 et
1260 1086 1326 1143 Levi
1339 1105 1346 1142 :
1361 1088 1412 1144 sad
1428 1105 1529 1145 eorum
1545 1087 1664 1146 nomine
1674 1090 1769 1147 tribus
1784 1091 1828 1148 si-

117 1183 217 1248 melio,
233 1181 401 1254 sioutaqua
419 1196 477 1237 non
493 1180 641 1236 efferveas.
670 1176 836 1235 ascendisti
865 1176 945 1234 enim
999 1179 1079 1251 goat,
1102 1194 1166 1250 qua
1190 1174 1386 1249 appellatione
1409 1176 1499 1233 simili
1522 1179 1711 1236 vocabantur.
1733 1181 1827 1246 Quam

115 1272 146 1328 in
162 1269 260 1328 cubile
275 1269 366 1342 patris
378 1268 432 1338 tui,
449 1273 520 1324 tuac
534 1266 665 1341 polluisti
680 1267 799 1324 thorum
828 1265 945 1340 quando
999 1265 1269 1339 interpretationem
1280 1264 1510 1338 pulcherrimam
1520 1267 1652 1324 derivant
1667 1267 1761 1324 ludaei
1773 1287 1780 1338 ;
1793 1274 1827 1325 ut

117 1359 276 1418 ascendisti
287 1359 379 1432 (ibid,
392 1361 406 1412 8
417 1361 505 1430 etseq.
521 1357 541 1429 l.
559 1355 679 1412 nNoaue
689 1355 825 1428 redargui
840 1353 946 1427 magis,
999 1355 1180 1414 arbitrentur
1194 1354 1264 1427 qaia
1278 1359 1429 1427 propterea
1441 1362 1546 1428 arguat
1557 1355 1634 1414 lilios
1645 1357 1746 1426 Jacob,
1758 1357 1829 1430 quia

117 1465 208 1523 quam
223 1446 355 1504 benedici
370 1445 485 1502 videtur
499 1450 511 1502 l
525 1445 560 1500 tlt
583 1444 648 1501 ideo
664 1443 816 1517 prophetia
840 1443 945 1516 magis,
1000 1447 1118 1516 propter
1132 1447 1268 1516 stuprum
1292 1442 1401 1499 sororis
1427 1444 1597 1501 Sichimitas
1612 1445 1660 1502 isti
1686 1446 1744 1503 duo
1769 1463 1828 1519 pra

117 1554 208 1611 quam
220 1535 382 1593 benedictio
397 1539 450 1590 est.
468 1533 621 1607 Prophetia
659 1533 737 1589 enim
763 1531 947 1588 annuntiatio
1001 1531 1113 1588 caeteris
1129 1531 1269 1587 iratribus
1279 1530 1374 1588 ultum
1390 1531 1431 1588 ire
1442 1533 1604 1605 cupientes,
1615 1534 1828 1592 simulaverunt

118 1630 287 1683 futurorum
302 1629 358 1691 est,
375 1623 539 1679 benedictio
555 1626 653 1678 autem
671 1620 911 1677 sanctificationis
921 1624 950 1676 et
1002 1637 1070 1676 eum
1086 1619 1159 1693 ipsis
1174 1619 1248 1676 inire
1261 1619 1334 1676 vella
1357 1637 1388 1676 se
1407 1623 1544 1694 gratiam,
1561 1626 1589 1678 at
1617 1623 1682 1680 ideo
1697 1627 1830 1697 opertere

120 1715 285 1789 gratiarum
299 1713 395 1769 votiva
405 1710 531 1768 collatio.
811 1704 814 1710 ‘
1002 1708 1172 1765 circumcidi
1197 1726 1248 1765 eos
1274 1714 1430 1766 suaserunt
1450 1728 1457 1778 ;
1474 1715 1506 1765 ut
1537 1710 1679 1785 religione
1693 1710 1830 1770 concordi

153 1804 181 1858 8.
196 1801 334 1858 Etludai
351 1803 455 1874 putant
469 1799 538 1873 quia
553 1803 704 1872 propterea
733 1799 794 1854 hac
808 1814 897 1855 senex
912 1797 946 1854 ad
964 1835 987 1900 B
1004 1815 1059 1871 pax
1074 1798 1224 1866 intereos,
1240 1801 1268 1854 et
1288 1797 1458 1869 recipiendae
1474 1799 1627 1856 allinitatis
1642 1801 1766 1859 societas
1781 1801 1831 1856 fir·

119 1893 224 1949 llnben
242 1891 336 1946 filium
351 1889 438 1957 dicat,
454 1888 599 1962 ¹quiscum
610 1887 948 1960 Dalaaoneubinapatris
1002 1892 1149 1942 meretur:
1166 1886 1218 1942 sed
1234 1886 1422 1944 circumcisos
1436 1888 1535 1944 adorsi
1550 1890 1717 1949 recentibus
1731 1893 1828 1952 adhuc

118 1975 288 2048 concubuit,
304 1981 332 2035 et
360 1978 478 2034 thorum
507 1976 636 2049 patrium
664 1975 775 2046 polluit.
791 1977 844 2032 sed
866 1975 948 2032 facile
1002 1974 1184 2042 vulneribus,
1198 1978 1228 2032 et
1241 1974 1378 2033 invalidis
1393 1977 1588 2050 viribusquas
1600 1979 1683 2036 dolor
1695 1981 1829 2056 solverat,

118 2070 315 2127 refelluntur:
332 2064 947 2138 hoceaimeratantegestumzlacobau·
1003 2062 1110 2120 tractos
1133 2064 1180 2119 die
1205 2065 1429 2136 superveniente
1459 2066 1544 2122 tertio
1574 2075 1753 2128 necaverunt
1776 2074 1827 2146 (l).

119 2167 179 2217 tem
196 2175 261 2231 qua
275 2159 395 2212 ventura
409 2159 509 2211 essent
528 2153 556 2208 in
572 2153 743 2210 aonsstmis
759 2153 873 2222 diebus,
890 2171 947 2209 aon
1002 2153 1068 2210 ldeo
1079 2156 1108 2207 et
1124 2152 1247 2209 tortasse
1261 2152 1308 2208 isti
1325 2154 1383 2210 duo
1400 2153 1509 2211 ultores
1530 2173 1588 2228 pree
1614 2159 1735 2228 ceteris,
1760 2163 1832 2234 quia

118 2267 155 2306 ea
182 2265 248 2321 que
272 2249 354 2320 gesta
387 2247 481 2312 erant,
502 2242 626 2315 spondet
647 2257 679 2298 se
702 2257 766 2298 esse
789 2241 948 2298 dicturum.
1004 2241 1169 2298 scribarum
1186 2245 1215 2296 et
1224 2241 1409 2299 sacerdotum
1420 2248 1553 2300 auctores
1566 2251 1645 2302 suat.
1658 2247 1737 2305 Nulli
1752 2250 1831 2309 eninr

119 2339 197 2410 Ergo
212 2333 381 2408 patriarcha
395 2332 452 2390 sibi
467 2331 602 2404 congruit
614 2334 643 2387 at
665 2333 780 2387 coastat
794 2329 949 2398 sententia,
1005 2330 1101 2402 magis
1116 2346 1206 2402 quam
1227 2331 1373 2402 sapientes
1388 2337 1416 2388 et
1439 2333 1606 2391 sacerdotes
1621 2335 1729 2394 debent
1743 2340 1832 2396 casti-

118 2427 172 2500 qui
184 2418 682 2496 videns,persequentibustudaeis,
694 2419 823 2475 laturam
834 2418 950 2474 Domini
1006 2420 1136 2475 moniam
1151 2419 1310 2476 vindicare.

118 2515 303 2590 passionem,
313 2506 952 2582 exsecraturimmanemprimogenitaeplebis
1045 2507 1260 2564 lt.Sedinhoe
1287 2525 1404 2582 quoqne
1428 2517 1526 2568 errant
1549 2512 1654 2570 iudei.
1681 2518 1732 2574 lsti
1752 2519 1832 2576 enirn

119 2604 290 2669 audaciam,
306 2618 369 2674 qum
384 2598 545 2665 incredula,
562 2615 615 2654 nec
632 2599 679 2654 Dei
699 2597 756 2672 legi
781 2597 907 2666 subdita,
924 2603 952 2654 et
1006 2613 1110 2652 causas
1125 2595 1234 2653 doloris
1246 2597 1292 2653 sui
1309 2599 1504 2670 prestiterant
1519 2601 1605 2673 patri,
1622 2611 1787 2664 asserentes
1801 2624 1833 2664 se

115 2698 230 2768 jugum
244 2683 350 2748 Christi
366 2690 439 2745 dura
450 2686 582 2744 nesciens
596 2690 711 2760 portare
721 2685 840 2753 cervice,
850 2690 952 2743 aucto-
1006 2685 1035 2740 in
1052 2684 1102 2740 illa
1116 2683 1184 2741 licet
1199 2689 1281 2742 atate
1290 2687 1412 2759 juvenili
1428 2687 1561 2746 vindices
1576 2689 1652 2748 laesae
1666 2692 1831 2770 luisse'pie·

119 2799 185 2840 rem
201 2781 266 2836 vite
282 2795 339 2834 non
355 2775 450 2833 solum
467 2775 680 2844 scelerenecis,
696 2772 846 2832 sedetiam
863 2775 952 2831 sacri·
1006 2772 1086 2841 tatis,
1111 2779 1140 2830 et
1167 2773 1277 2830 dolata
1302 2777 1446 2832 castitatis
1478 2777 1596 2834 ultores.
1627 2781 1709 2847 Quod
1732 2783 1833 2856 utique

121 2874 198 2945 lege
210 2865 413 2925 insultationis
422 2865 520 2921 affecit
532 2863 651 2935 injuria.
1007 2866 1128 2951 sanctus
1143 2863 1405 2921 condemnaronon
1426 2872 1549 2938 poterat,
1578 2885 1638 2941 qua
1666 2887 1724 2926 non
1753 2873 1833 2944 passi

157 2960 188 3013 9.
206 2957 288 3013 «Non
302 2955 449 3019 efferveas,
460 2953 654 3025 inquit,sicut
664 2968 740 3025 aque
752 2970 758 3021 ;
772 2974 787 3001 »
798 2969 834 3008 ne
845 2953 874 3008 in
890 2969 953 3008 ma·
1007 2957 1078 3007 sunt
1092 2951 1216 3007 inultam
1241 2969 1371 3008 sororem
1387 2970 1471 3009 suam
1486 2953 1548 3012 loco
1574 2973 1639 3014 esso
1660 2960 1832 3031 meretricis,

117 3053 219 3123 jerem
234 3047 404 3118 prorumpat
415 3041 583 3109 amentiam,
595 3044 623 3097 et
638 3041 732 3097 fervor
743 3041 849 3098 luroris
864 3043 953 3113 atque
1008 3056 1072 3112 qua
1087 3045 1116 3096 et
1131 3040 1487 3114 virginitatemamiserat,
1499 3049 1528 3100 et
1542 3044 1675 3102 vindicta
1693 3048 1833 3105 solatium

120 3135 248 3196 insania
260 3151 318 3190 non
328 3132 406 3189 sinat
416 3131 586 3203 resipiscere
610 3134 776 3202 peccatores
785 3130 856 3192 :sed
866 3132 954 3203 agam
1009 3145 1066 3185 non
1083 3128 1227 3185 habebat:
1244 3129 1370 3188 manime
1385 3131 1530 3205 cumipse
1545 3133 1587 3190 sie
1603 3135 1713 3192 lactum
1729 3139 1833 3211 proba-

122 3223 330 3302 pcenitentiam
346 3220 536 3286 delictorum;
553 3218 692 3291 quoniam
714 3218 807 3276 durus
822 3200 989 3274 ascenditC
1007 3217 1091 3286 verit,
1106 3222 1138 3274 ut
1148 3218 1308 3275 sichimam
1323 3219 1496 3291 possideret,
1509 3222 1579 3279 etin
1595 3229 1688 3281 morte
1709 3226 1831 3282 donaret

123 3313 255 3389 populus
269 3309 363 3366 cubile
379 3308 480 3381 patris,
496 3310 525 3363 et
539 3306 657 3362 thorum
678 3304 783 3378 polluit
806 3311 953 3370 sanctum,
1008 3323 1074 3363 eam
1086 3306 1145 3363 filio
1159 3323 1213 3363 suo
1230 3307 1422 3366 dilectissimo
1435 3309 1555 3383 loseph',
1573 3312 1672 3369 diceus
1686 3315 1736 3382 ad,
1749 3331 1831 3371 enm:

123 3407 182 3462 boo
197 3405 254 3472 est,
266 3413 384 3456 caraem
401 3396 516 3452 Domini
540 3395 610 3452 Jesu
621 3395 766 3451 Creatoris
777 3395 869 3451 nostri
881 3395 955 3468 pati·
1009 3418 1023 3446 a
1036 3394 1077 3450 Do
1089 3395 1142 3450 tibi
1153 3395 1313 3452 Sichimam
1329 3397 1507 3471 precipuum
1515 3417 1604 3473 super
1614 3419 1716 3460 ornnes
1729 3402 1833 3459 iratres

123 3493 198 3551 balo
215 3489 339 3562 affigens
351 3486 457 3554 crucis,
473 3485 502 3540 in
515 3501 574 3556 qrra
588 3483 667 3540 velut
678 3483 707 3538 in
723 3484 851 3555 quodam
868 3482 955 3539 cubili
1010 3489 1088 3551 tuos,
1099 3499 1188 3555 quam
1215 3485 1313 3556 accepi
1341 3486 1376 3540 de
1392 3487 1528 3544 manibus
1544 3490 1781 3548 amorrheorum
1804 3492 1834 3547 in

124 3571 955 3654 etpatriothorosanctiejussaluterirelectionerequie-
1010 3571 1156 3627 machera
1185 3588 1250 3629 mea
1277 3577 1306 3628 ot
1327 3590 1395 3629 aren
1412 3574 1489 3646 (Gen.
1518 3595 1615 3645 xnvnr,
1644 3582 1724 3651 t2l.»
1753 3582 1834 3647 Quod

125 3673 223 3730 scant.
237 3667 306 3735 Quis
316 3663 407 3739 igitur
420 3663 530 3718 abnuat
544 3662 580 3718 do
603 3659 709 3732 populo
737 3661 860 3729 dictum,
889 3677 956 3716 eum
1011 3662 1121 3716 lactum
1132 3661 1230 3733 negari
1242 3677 1300 3716 nnn
1311 3666 1415 3734 potest.
1427 3664 1614 3736 Interpretari
1624 3672 1721 3724 tameo
1732 3668 1834 3741 possu-

126 3757 240 3836 populo
250 3757 310 3812 hac
325 3753 461 3810 universa
476 3749 647 3806 conveniant
657 3748 672 3803 l
684 3749 748 3822 lpse
762 3748 840 3805 enim
861 3749 957 3805 dictus
1011 3765 1079 3804 mus
1094 3765 1146 3821 per
1160 3749 1320 3805 Sichirnam
1336 3751 1473 3809 humeros
1484 3752 1715 3828 significari,per
1732 3758 1835 3814 hume-

126 3857 176 3907 est
193 3843 408 3920 primogenitus
423 3839 521 3897 lsrael:
535 3839 683 3912 ipseduru
697 3853 761 3894 esse
775 3839 905 3895 cervicis.
916 3837 957 3893 De
1012 3854 1060 3894 ros
1070 3854 1167 3910 opera.
1180 3837 1329 3895 Heredem
1338 3855 1407 3912 ergo
1416 3840 1689 3915 bonorumoperum
1699 3850 1835 3901 sanctum

127 3942 198 4012 ipso
214 3936 288 3992 dixit
302 3933 463 4005 Mopsum«
479 3933 537 3985 Vos
553 3932 650 3984 autem
666 3926 791 4000 populus
807 3926 880 3983 dura
896 3943 957 3982 cer·
1011 3925 1121 3998 Joseph
1145 3943 1203 3999 pra
1227 3926 1337 3984 ceteris
1366 3928 1462 4002 elegit,
1491 3931 1577 4001 cujus
1612 3947 1700 4003 opera
1730 3933 1835 3988 iratres

125 4033 191 4086 vice
206 4021 383 4095 estisffixed.
400 4035 497 4074 xxxin.
515 4017 553 4090 3).
574 4039 588 4066 »
605 4016 641 4071 nt
669 4031 782 4072 revera
811 4014 878 4088 quis
897 4020 956 4072 tam
1012 4031 1128 4088 equare
1138 4031 1197 4071 nna
1207 4019 1351 4088 poterant.
1364 4017 1436 4082 Quis
1446 4017 1524 4075 enim
1536 4018 1612 4076 iacta
1622 4019 1728 4076 Christi
1740 4019 1836 4093 potuit

126 4107 496 4176 durusettemerariuset
518 4103 759 4171 contumeliosus,
789 4120 877 4177 quam
906 4121 957 4178 po·
1012 4105 1189 4176 adequare?
1340 4108 1342 4115 '

125 4209 216 4284 pulns
233 4201 414 4267 ludaeorum,
430 4196 480 4270 qui
497 4194 654 4252 Dominum
669 4193 783 4260 lesum,
803 4209 855 4266 per
870 4208 958 4265 quem
1050 4193 1092 4250 ta.
1108 4192 1182 4250 Tum
1197 4199 1336 4267 praterea
1348 4195 1556 4255 immaculatus
1572 4203 1600 4254 et
1616 4202 1716 4255 caetus
1730 4198 1766 4254 de
1779 4199 1836 4255 hoo

125 4297 264 4354 viderant
279 4292 409 4346 mortuos
420 4285 587 4352 suscitatos,
600 4297 690 4339 cecos
702 4279 895 4349 illuminatos,
907 4281 958 4338 tla-
1011 4287 1127 4339 terreno
1141 4281 1309 4353 diversorio,
1326 4285 1543 4358 atimpuritatis
1552 4287 1722 4344 auctoribus
1732 4304 1836 4345 manu·

126 4385 213 4460 gellis
228 4378 463 4443 verberaverunt,
480 4371 769 4438 clavisconlixeruat,
791 4370 867 4427 MD
890 4387 958 4426 cum
1012 4369 1076 4426 bias
1092 4371 1257 4444 reportavit,
1274 4371 1371 4428 locum
1387 4373 1498 4446 stupris
1512 4378 1540 4431 et
1555 4375 1674 4448 llagitiia
1686 4380 1837 4433 vacantem

126 4471 300 4543 divinaejua
315 4481 406 4540 opera
421 4479 526 4536 negare
537 4478 595 4517 non
607 4463 748 4533 possent?
762 4460 836 4526 Quid
853 4457 959 4516 scribis
1013 4458 1049 4516 ad
1062 4458 1399 4518 incoletumsanctorum
1411 4463 1506 4521 verbis
1517 4464 1729 4532 coelestibus,et
1739 4464 1837 4540 gladio

127 4569 155 4621 et
167 4557 372 4634 pontificibus,
388 4551 568 4618 auctoribus,
583 4553 613 4606 et
628 4548 758 4622 principe
773 4547 958 4606 sacerdotum
974 4571 997 4635 D
1013 4549 1146 4622 capimus
1161 4547 1285 4621 spiritali
1299 4569 1306 4607 :
1319 4554 1351 4606 ut
1380 4552 1430 4607 ubi
1442 4552 1515 4609 W
1544 4553 1757 4611 inhabitatores
1772 4559 1839 4611 aute

129 4649 243 4724 Caipha
261 4645 372 4720 pariter
386 4640 531 4708 seviente,
547 4635 739 4694 commissum
755 4635 903 4710 Evangelii
913 4653 959 4694 se·
1013 4637 1138 4693 lascivia
1150 4641 1178 4693 et
1192 4636 1339 4710 principes
1355 4637 1478 4696 luxurie
1492 4641 1696 4709 versabantur,
1712 4640 1762 4697 ubi
1777 4641 1839 4697 iue-

129 4741 189 4796 ries
211 4731 379 4792 declaravit.
412 4729 524 4785 Dtideo
540 4729 660 4784 sanctus
688 4725 829 4798 propheta
852 4726 960 4798 refugit
1013 4730 1082 4781 rant
1104 4725 1248 4781 incentiva
1269 4725 1601 4796 libidinis,etsomcnta
1630 4730 1775 4804 nequitie,
1797 4728 1838 4783 ibi

128 4826 204 4884 tanti
219 4821 339 4882 sceleris
364 4817 575 4893 principatum,
596 4831 632 4870 ne
659 4831 712 4889 per
727 4813 958 4898 ⁸successionem
1014 4814 1832 4892 nuncsanctisacerdotesmagisteriadoceantcastitatis

130 4915 249 4990 generis
264 4911 406 4968 auderent
434 4905 509 4962 tanti
537 4903 709 4978 patriarche
738 4903 795 4960 sibi
824 4911 959 4978 arrogare
1012 4908 1040 4958 et
1056 4901 1184 4974 plurimu
1198 4903 1350 4977 virginalis
1366 4907 1543 4980 integritatis
1558 4906 1691 4979 exempla
1706 4906 1836 4978 quodam

131 5003 326 5062 consortium.
1013 5008 1147 5063 superne
1163 4990 1237 5048 lucis
1251 4992 1365 5067 fulgore
1375 4996 1589 5068 resplendeant.

455 5063 571 5123 CAPUT
592 5063 640 5120 1¹¹·
1051 5080 1094 5134 13.
1111 5080 1219 5137 Tribus
1230 5081 1321 5154 igitur
1337 5088 1487 5155 suntque
1503 5083 1695 5155 designantur
1708 5081 1834 5138 nomini·
1855 5107 1871 5137 s

132 5144 329 5204 Praedr'centur
343 5155 402 5267 puae
412 5139 480 5210 filiis
494 5137 601 5193 Simeon
621 5139 647 5192 et
665 5135 738 5204 tevi,
769 5151 885 5208 puerum
909 5151 958 5191 no-

167 5215 291 5272 minibus
305 5215 391 5270 mm
418 5211 608 5282 desimam,
635 5216 715 5263 mm
742 5213 892 5268 mmmm„
910 5221 961 5262 m
1014 5169 1070 5225 bus
1087 5168 1332 5242 patriarcharum,
1348 5171 1466 5243 quiade
1480 5171 1558 5226 tribu
1588 5170 1706 5227 Simeon
1736 5171 1838 5227 scriba

169 5303 227 5343 non
242 5286 335 5357 opinio
348 5282 512 5342 laneorum
526 5283 600 5336 circu
613 5295 642 5333 m
661 5279 759 5334 stica-m
786 5278 865 5333 iatius
882 5277 959 5334 bene·
1014 5262 1093 5326 Μὶν
1109 5259 1145 5313 ‘¹⁰
1160 5257 1314 5314 tribulem
1324 5258 1471 5332 ΡΓῘΜῘΡΘ8
1481 5259 1737 5332 ⁹⁸⁰⁶ld⁰iumitlu5
1749 5260 1841 5333 l‘0rf0·

169 5358 300 5414 dtetienia
314 5353 571 5426 interpretationem
583 5295 751 5420 conlietntur.
1014 5350 1117 5402 cerunt
1131 5346 1292 5419 nequitiam
1309 5363 1393 5402 suam
1417 5347 1448 5402 in
1463 5347 1580 5403 Domini
1594 5349 1739 5422 passione,
1756 5364 1839 5405 meu·

173 5448 216 5502 10.
232 5443 421 5501 contestatur
441 5441 553 5514 justus,
561 5442 599 5495 et
612 5436 729 5495 abdicat
747 5435 959 5511 posteritatem,
1014 5451 1115 5492 suram
1130 5451 1247 5491 omnem
1262 5437 1387 5508 paterna
1410 5433 1569 5507 impietatis
1598 5435 1763 5510 implentes.
1780 5437 1840 5511 lpsi

174 5589 213 5661 (l)
228 5587 304 5644 Ddit.
322 5602 436 5655 omnes,
450 5585 494 5642 die
507 5583 726 5659 supervenientes
750 5581 829 5637 tertie
847 5596 961 5637 moue·
1051 5579 1091 5651 (5)
1106 5577 1149 5634 lta
1164 5593 1235 5633 mss.
1253 5575 1362 5650 plures,
1375 5577 1570 5651 potioresque.
1586 5580 1623 5635 At
1651 5578 1719 5636 adit.
1736 5595 1840 5637 omnes

137 5665 216 5716 rure.
231 5659 294 5716 Non
309 5655 501 5731 meletenia,
517 5654 563 5718 oui
575 5659 674 5714 tamen
685 5663 757 5712 mss.
775 5650 848 5714 Gall.
860 5669 960 5714 omnes
1014 5653 1044 5708 et
1056 5648 1142 5725 pauni
1157 5665 1240 5718 meu,
1266 5647 1418 5726 peredere
1444 5651 1475 5710 tn
1501 5659 1615 5714 meten
1625 5667 1719 5730 nepe,
1750 5651 1840 5712 deno·

137 5731 333 5812 retragautur.
1015 5724 1191 5804 requerere,
1206 5723 1261 5787 en.
1315 5817 1319 5824 Ι
