4159 6184
163 396 206 462 843

820 403 933 464 LlBllll
958 406 1009 464 ab
1031 404 1162 502 route.

1782 405 1840 467 844

161 532 393 607 doloreiucipitet
421 533 458 589 ab
474 533 677 608 obligatione?
706 536 830 609 Lepores
860 538 998 605 seruntA
1022 538 1115 592 utitur
1129 535 1185 594 nisi
1203 536 1459 608 addispendium:
1485 535 1544 592 illic
1573 537 1732 594 multorum
1762 554 1841 596 coru·

160 625 205 696 (44)
212 638 343 697 generare
354 621 443 678 simul
454 628 482 680 et
492 624 526 679 ed
531 627 665 692 ucare,et
683 624 822 681 continuo
833 625 958 698 parturi·

159 731 197 768 re:
206 711 262 768 istis
271 728 389 784 quoque
400 711 619 786 anaglyphariis
631 731 789 770 usurarum
805 719 965 788 generatur

159 803 166 872 (
171 803 202 874 ut
211 805 235 857 et
243 808 489 875 supergeneratur
501 819 599 871 usura,
612 803 761 858 enutritur
770 820 803 859 ac
821 804 961 868 nascitur,

158 895 244 946 etnata
250 890 313 960 jam
325 889 461 961 parturit.
471 889 593 947 Radices
604 908 721 964 quoque
740 893 879 949 arborum
902 892 957 964 pri·

157 997 196 1035 mo
203 978 365 1051 plantantur
373 984 405 1034 ut
415 979 559 1050 prendant
571 997 652 1046 ;cum
663 981 909 1053 prinderint,tunc
920 981 962 1035 vi-

157 1083 250 1124 rescere
263 1066 418 1140 incipiunt,
436 1073 537 1139 postea
552 1067 698 1141 pullulare
715 1086 722 1123 :
739 1075 851 1126 atvero
875 1087 961 1142 pecu-

157 1156 399 1212 nialoenebrisvix
428 1155 558 1228 plantata
582 1159 647 1228 jum
678 1156 815 1230 pullulat.
844 1159 962 1214 Semina

156 1253 268 1317 tempore
287 1251 457 1316 erumpunt,
487 1246 629 1301 animalia
657 1252 790 1320 tempore
818 1249 958 1320 pariunt:

157 1360 169 1384 «ι
184 1336 299 1407 lampas
314 1333 393 1388 enirn
418 1333 561 1405 pariendi,
590 1339 619 1390 et
641 1339 760 1407 tempus
790 1337 959 1404 moriendi;

154 1431 255 1496 tempus
269 1422 477 1495 plantandi,·et
491 1427 609 1495 tempus
624 1423 766 1479 evellendi
782 1423 959 1495 plantatum;

153 1519 254 1584 tempus
268 1511 431 1578 occidendi,
447 1517 476 1567 et
491 1517 608 1584 tempus
624 1513 749 1568 sanandi
766 1514 864 1584 (aaa.
889 1517 960 1582 111,2

151 1602 185 1670 3).
201 1599 343 1656 »iltinlra
359 1619 365 1657 :
384 1619 398 1651 a
417 1602 547 1673 Tempus
576 1602 758 1673 acquirendi.
787 1606 816 1657 et
841 1606 959 1676 tempus

151 1690 275 1747 reddendi
291 1695 429 1762 :tempus
454 1689 649 1758 custodiendi,
665 1696 694 1746 et
721 1695 838 1763 tempus
862 1691 958 1764 expel-

149 1780 216 1836 lendi
233 1779 311 1850 (ibid.
325 1779 364 1848 6),
383 1801 393 1827 ι
412 1783 445 1833 44
459 1778 649 1835 Ecclesiastes
663 1778 726 1834 ait:
757 1779 883 1852 pecunia
909 1780 959 1835 444-

147 1869 233 1925 nebris
247 1867 334 1924 bodie
349 1868 523 1936 seminatur,
539 1883 604 1923 cras
628 1867 811 1924 fructificat:
842 1884 959 1942 semper

145 1959 220 2030 parit,
234 1961 263 2012 at
276 1972 429 2028 uunquam
445 1955 562 2011 interit:
579 1971 696 2028 semper
722 1956 882 2029 plantatur,
909 1957 957 2012 vix

144 2045 274 2103 evellitur.
290 2043 361 2100 Vult
375 2061 491 2117 semper
515 2044 673 2100 foenerator
688 2045 849 2118 acquirere,
877 2063 956 2102 nun·

144 2152 222 2208 quava
263 2135 407 2207 perdere:
437 2149 591 2204 nunquam
622 2134 773 2190 custodire
801 2135 956 2208 pecuniam

141 2242 228 2294 suam,
244 2240 360 2296 semper
381 2221 523 2294 expellere
557 2223 638 2294 (44);
671 2240 824 2295 nunquam

140 2329 248 2386 semper
261 2311 400 2369 occidere.

852 2241 956 2281 sanare

171 2477 213 2532 44,
228 2479 260 2530 nt
274 2472 344 2546 quia
356 2474 452 2529 bonus
476 2472 511 2528 ad
537 2470 635 2528 omnia
647 2473 788 2546 magister
801 2473 955 2530 Ecclesias-

134 2571 178 2622 tes
190 2564 260 2620 liber
269 2567 313 2618 est
322 2559 499 2628 Salomonis,
512 2558 663 2633 paulisper
677 2560 734 2632 ipsi
758 2561 955 2618 inhereamus

133 2656 201 2727 (44)
211 2653 289 2708 «Non
301 2649 456 2707 satiabitur
466 2647 580 2718 oculus,
591 2649 698 2721 inquit,
709 2650 844 2718 videndo,
856 2656 884 2707 et
895 2668 952 2707 non

1019 627 1142 682 mudum
1156 630 1211 694 est,
1225 625 1273 680 hie
1289 625 1492 683 universorum
1508 626 1706 700 naufragium.

1056 716 1099 772 45.
1117 714 1210 770 Multa
1225 719 1294 770 sunt
1309 715 1470 770 animantia
1485 733 1548 790 quae
1564 714 1620 772 aito
1636 733 1774 789 generare
1799 717 1843 774 in-

1019 804 1143 876 cipiunt,
1160 805 1209 860 sed
1231 804 1287 859 cito
1303 804 1390 860 etiem
1419 821 1557 877 generare
1585 805 1753 862 desistunt:
1780 823 1844 863 sors

1018 893 1076 948 citu
1091 899 1221 968 generat,
1238 898 1266 949 ct
1282 910 1434 965 nunquam
1448 894 1565 962 desinit,
1582 893 1640 950 imo
1665 912 1733 952 cum
1760 912 1843 952 exur-

1017 981 1099 1038 dium
1116 981 1266 1038 crescendi
1296 981 1450 1054 acceperit,
1479 983 1508 1037 in
1538 983 1687 1040 infinitum
1714 984 1843 1044 extendit

1018 1076 1221 1143 augmentum.
1236 1071 1329 1126 Omne
1341 1071 1447 1126 deinde
1462 1073 1540 1142 quod
1564 1071 1677 1142 crescit,
1708 1090 1775 1130 cum
1805 1075 1841 1130 ad

1016 1169 1127 1216 nutura
1142 1177 1201 1216 sua
1214 1163 1339 1216 turmam
1356 1165 1444 1231 atque
1461 1177 1630 1218 mensuram
1661 1162 1840 1236 magnitudi-

1018 1267 1144 1322 nemque
1160 1249 1331 1322 pervenerit,
1348 1261 1431 1305 vacat
1452 1249 1631 1306 incremento
1649 1253 1720 1318 ;sed
1749 1251 1839 1307 ioene·

1017 1345 1147 1394 ratarum
1163 1337 1286 1410 pecunia
1302 1343 1432 1410 tempore
1448 1354 1564 1410 semper
1574 1344 1708 1410 augetur,
1721 1345 1749 1394 at
1764 1340 1841 1395 ultra

1016 1427 1141 1482 sormam
1158 1431 1295 1482 maternae
1311 1426 1398 1482 sortis
1414 1427 1555 1482 excedens
1571 1428 1692 1483 modum
1710 1443 1767 1484 non
1797 1437 1839 1484 te·

1014 1518 1074 1569 net.
1094 1514 1234 1585 Pleraque
1248 1515 1336 1569 etiam
1353 1513 1549 1570 animantium
1565 1531 1633 1570 cum
1653 1515 1792 1590 coeperint
1806 1532 1841 1572 eu

1013 1619 1078 1674 qua
1094 1619 1128 1658 ex
1143 1601 1189 1659 bis
1204 1606 1268 1659 urta
1287 1607 1367 1670 sunt,
1398 1619 1546 1675 generare,
1575 1607 1717 1676 tanquam
1745 1604 1840 1662 effetis

1012 1691 1125 1746 viribus
1141 1707 1230 1746 usum
1247 1690 1446 1764 generationis
1460 1691 1623 1747 amittunt:
1650 1709 1714 1748 sors
1742 1697 1839 1750 autem

1012 1779 1131 1836 loenoris
1147 1796 1213 1835 cum
1231 1779 1317 1836 luerit
1331 1780 1531 1836 crescentibus
1543 1785 1693 1852 usaequata
1714 1782 1838 1838 centesi-

1012 1869 1081 1934 mis,
1097 1874 1126 1924 et
1140 1873 1314 1925 vetustatem
1331 1868 1377 1924 sui
1393 1873 1522 1940 renovat,
1552 1873 1581 1925 et
1608 1873 1710 1941 partus
1736 1869 1838 1926 solitos

1013 1957 1201 2030 adjunctione
1217 1957 1401 2028 multiplicat.

1013 2119 1129 2174 Usercm
1141 2117 1282 2188 prohiberi
1296 2045 1563 2186 ebibivlmiiiiiiue
1576 2123 1603 2173 et
1627 2122 1769 2192 atemptare
1798 2127 1836 2175 est

1048 2189 1127 2244 ilbul.
1149 2189 1269 2256 Catonis,
1287 2190 1427 2246 loenerare
1442 2193 1488 2246 eat
1517 2189 1667 2246 bominem
1692 2190 1834 2247 occidere.

1049 2261 1240 2316 Vestimentum
1253 2262 1367 2334 piqnori
1389 2269 1527 2334 acceptum
1554 2263 1619 2316 onte
1645 2265 1752 2319 4444444
1775 2261 1838 2318 red·

1045 2331 1163 2415 den-dam
1180 2348 1262 2392 esse:
1291 2347 1324 2386 ur
1351 2333 1473 2414 [enoris.
1490 2335 1601 2416 nemine
1627 2333 1837 2417 intellipeudam

1047 2405 1836 2547 tttttttttttttttttttttttttt‘tttt‘ttt

1045 2563 1358 2619 tabernariorum
1381 2563 1611 2636 perfunctorium
1640 2563 1695 2619 hoe
1722 2563 1834 2620 malum

1008 2656 1062 2720 est,
1080 2653 1157 2724 quod
1174 2651 1279 2708 veteris
1295 2656 1382 2723 utque
1397 2651 1502 2706 divine
1518 2651 1686 2725 prescripto
1701 2651 1774 2724 legis
1788 2653 1833 2708 in-

129 2743 287 2801 satiabitur
296 2739 376 2797 auris
385 2739 487 2795 auditu
500 2739 597 2811 (Erote.
617 2757 637 2805 1,
648 2741 686 2808 8).
701 2761 716 2790 «
742 2755 795 2796 nee
811 2740 954 2796 fenerator
1008 2740 1134 2796 bibetur.
1147 2739 1276 2812 Populus
1292 2739 1342 2812 qui
1359 2738 1571 2812 despoliaverat
1584 2739 1751 2813 AEgyptum,
1781 2740 1832 2813 qui

128 2831 265 2906 cupletur
289 2829 469 2902 accipiendo,
485 2844 539 2884 uec
554 2829 676 2885 allectus
691 2829 755 2901 ejus
782 2828 952 2901 quotidiano
1008 2829 1080 2901 pede
1096 2829 1251 2885 transierat
1268 2845 1357 2897 mare,
1369 2831 1504 2884 monetur
1524 2845 1541 2884 4
1566 2827 1685 2884 loeuoris
1709 2827 1833 2901 pecunia

126 2920 304 2980 numerandi
316 2918 380 2974 aris
391 2915 517 2973 satiatur
525 2917 638 2973 auditu.
653 2918 686 2973 at
696 2918 802 2973 iterum
815 2934 822 2974 z
834 2939 848 2968 «
860 2918 952 2974 Omne
1007 2933 1108 2973 cavere
1119 2916 1282 2990 naufragia.
1295 2919 1405 2972 Etcum
1418 2917 1455 2973 de
1465 2916 1530 2972 aliis
1541 2916 1668 2990 peccatis
1679 2915 1770 2972 semel
1782 2919 1833 2973 444

123 3011 206 3084 quod
220 3010 285 3078 luit,
296 3007 534 3081 ipsumestquod
547 3005 602 3061 erit
617 3005 697 3078 (ibid.
720 3006 748 3077 9)
777 3025 816 3062 2«
844 3007 952 3063 crescit
1007 3006 1135 3062 multum
1159 3006 1214 3079 (48)
1242 3005 1348 3062 iterata
1381 3006 1580 3062 admonitione
1609 3005 1831 3079 praescripserit,

121 3117 246 3174 semper
258 3095 595 3170 pecunia,otiumneseit
606 3095 737 3162 avaritia,
753 3095 845 3151 nescit
862 3113 952 3152 usura
1006 3095 1042 3151 de
1068 3095 1177 3151 loenore
1205 3094 1311 3168 sapius
1337 3093 1494 3152 intimavit.
1526 3095 1621 3151 Habes
1646 3095 1676 3150 in
1709 3095 1830 3151 Exodo:

119 3192 225 3248 ferias.
243 3211 258 3238 u
274 3187 393 3253 Omnes,
410 3184 515 3257 inquit,
530 3189 674 3240 torrentes
689 3185 800 3240 vadunt
813 3184 843 3240 in
859 3202 949 3252 mare,
1005 3209 1018 3234 «
1036 3183 1154 3251 Quodsi
1169 3183 1322 3256 pecuniam
1338 3183 1523 3240 lmncrareris
1549 3181 1670 3257 pupillo,
1687 3182 1829 3258 orphano,

118 3289 151 3337 et
161 3293 248 3336 mara
258 3293 317 3332 non
326 3273 504 3347 adimpletur
514 3272 592 3346 (ibid.
604 3273 645 3346 7).
659 3296 669 3321 ι
684 3273 762 3329 blare
773 3274 850 3330 istud
862 3275 947 3331 ioene·
962 3278 984 3344 C
1002 3273 1134 3347 pauperi,
1151 3273 1228 3345 apud
1245 3276 1272 3327 te
1289 3289 1346 3328 non
1359 3272 1516 3330 suffocabis
1527 3289 1605 3341 eum,
1618 3289 1675 3329 uon
1692 3273 1827 3344 impones

118 3375 207 3425 rator
235 3357 463 3434 est3'omnium
493 3362 570 3419 OOO
598 3362 775 3436 patrimonia
808 3366 949 3435 tunquam
1004 3362 1047 3418 illi
1061 3379 1179 3418 usuram
1200 3361 1295 3434 (deod.
1321 3379 1389 3430 xxii,
1417 3363 1473 3434 25).
1492 3385 1505 3412 n
1535 3361 1667 3418 Ostendit
1691 3361 1760 3435 quid
1790 3361 1830 3416 sit

115 3450 507 3524 duetusabsorbet,etipse
521 3450 615 3506 nescit
628 3450 746 3522 expleri.
764 3451 836 3506 Mari
851 3454 949 3507 tamen
1004 3451 1158 3518 suffocare,
1179 3450 1279 3519 idest,
1310 3467 1431 3507 usuram
1462 3451 1635 3523 imponere;
1662 3449 1829 3524 strangulat

111 3545 260 3620 plerique
275 3545 399 3600 utuntur
414 3540 450 3597 ad
475 3546 631 3612 questum,
662 3540 835 3596 loeneratore
864 3557 949 3598 nemo
1004 3540 1095 3610 enim,
1111 3543 1139 3594 ct
1154 3539 1230 3610 quod
1245 3539 1329 3610 pejus
1345 3544 1398 3606 est,
1416 3541 1546 3596 animam
1560 3538 1684 3614 laquens
1700 3539 1832 3595 credito·-

108 3672 279 3743 margine3
296 3665 950 3738 atinmss‚quibusdamignorantiaacripto·
1004 3664 1139 3723 taverna
1176 3665 1219 3710 ast
1255 3666 1379 3724 γεννᾶται,
1412 3665 1453 3710 καὶ
1479 3663 1621 3727 ὑποφύεται.
1651 3664 1706 3722 sed
1753 3662 1825 3718 nibil

107 3763 184 3800 rum
196 3739 318 3815 'aliquid
331 3739 393 3796 vitii
401 3739 540 3809 obrepsit,
551 3755 577 3791 v.
589 3753 630 3810 g.,
642 3737 671 3791 in
692 3739 782 3793 Laud.
795 3754 846 3809 pro
870 3738 949 3808 luqu-
1003 3743 1048 3792 est
1067 3752 1161 3791 causae
1174 3751 1226 3788 cur
1242 3751 1312 3789 nias.
1329 3741 1417 3805 atque
1432 3735 1501 3789 edit.
1518 3735 1649 3790 omnium
1673 3733 1827 3790 lectionem

107 3821 161 3872 bre
170 3829 263 3878 eeroe,
279 3810 451 3885 legituruno
462 3808 587 3865 verbotu
611 3809 761 3871 ubrescere.
777 3809 854 3881 quod
883 3810 950 3880 qui·
1005 3807 1185 3872 abdicemus,
1203 3823 1268 3860 euni
1286 3821 1352 3860 voce
1367 3805 1575 3878 arreptyplvuriis
1589 3806 1662 3860 idem
1676 3805 1828 3877 aptissimo

106 3889 184 3943 dem
204 3888 309 3958 aperte
326 3883 569 3938 mendosumest.
589 3827 680 3935 l‘orro
697 3885 730 3935 ut
757 3878 951 3953 corruptionis
1005 3878 1212 3951 significatum
1238 3877 1455 3948 utruqueenim
1478 3893 1534 3930 vox
1563 3877 1595 3931 414
1623 3873 1671 3922 ἀπὸ
1697 3878 1741 3923 τοῦ
1768 3874 1829 3954 visst

107 3975 213 4013 rausa
229 3955 399 4011 obscuritas
423 3957 603 4016 amoveatur,
631 3952 753 4007 observa
777 3952 825 4007 hic
840 3951 887 4024 agi
915 3953 951 4008 de
1005 3966 1067 4015 φειν,
1084 3950 1182 4018 idest,
1198 3947 1324 4020 scrsspre,
1342 3949 1512 4016 seulodere,
1529 3947 1606 4027 uude
1628 3942 1829 4016 anaglypham

109 4029 377 4092 rorabuloaruro,
402 4027 487 4095 quus
515 4023 610 4094 prima
640 4024 735 4078 littera
768 4041 786 4079 4
813 4023 950 4079 eumdem
1004 4023 1063 4076 dici
1078 4027 1202 4094 possunt
1217 4021 1267 4090 qui
1282 4021 1447 4076 debitorum
1464 4018 1584 4074 nomina
1599 4021 1706 4072 iterum
1720 4019 1829 4071 44444-

110 4097 544 4223 otimsonumbabebatqqrem
555 4095 653 4151 Graeca
664 4094 952 4167 diphtongusoaquo
1007 4093 1073 4164 pius
1090 4094 1117 4147 io
1133 4089 1247 4146 tabellis
1263 4092 1325 4146 suis
1341 4091 1415 4216 sipla
1431 4089 1615 4162 insculpunt.

113 4174 294 4227 etiamnum
309 4168 345 4225 ab
361 4166 452 4234 Italis,
490 4165 953 4249 ermauisaliisquepopulispro·
1043 4164 1098 4234 (46)
1110 4162 1184 4218 neit.
1202 4165 1261 4216 ent.
1279 4179 1346 4218 cum
1382 4163 1452 4218 ‘orn
1476 4161 1552 4230 eod,
1579 4162 1724 4232 pecuniam
1753 4171 1830 4238 statur

113 4238 952 4298 nuntiatur.lsautemsonusrumnoetuoevoeemrmi-
1006 4250 1113 4306 semper
1144 4234 1262 4304 explere.
1296 4237 1364 4288 Rom
1370 4273 1548 4298 ........
1579 4229 1705 4303 [audere.
1737 4227 1831 4310 blagrs

114 4321 214 4380 tetur,
234 4310 493 4382 dieiturlugubris
509 4308 669 4365 senseratis
687 4326 693 4375 ;
711 4309 788 4363 unde
802 4313 846 4364 est
874 4309 953 4364 istud
1008 4303 1223 4361 commorlealii
1240 4305 1419 4376 seriptieod.
1436 4309 1468 4359 ut
1497 4303 1525 4358 in
1554 4307 1644 4358 textu.
1675 4301 1727 4356 llic
1750 4314 1829 4356 emm

111 4386 144 4441 in
161 4383 296 4441 Ausonii
312 4381 525 4454 'l'ecnopaegnio
542 4396 549 4436 :
1007 4378 1108 4433 Ambr.
1127 4376 1252 4446 respexit
1268 4376 1303 4430 ad
1320 4375 1393 4430 illud
1409 4373 1604 4439 Ecclesiastis,
1618 4377 1722 4445 tempus
1737 4370 1830 4442 erpel-

356 4498 373 4510 ..
403 4498 409 4508 .
558 4495 563 4506 .
1008 4449 1124 4504 levediet
1139 4447 1193 4503 hec
1218 4447 1417 4519 significatum
1444 4446 1535 4502 voluit
1562 4443 1728 4500 l'oencratori
1757 4439 1832 4497 nihil

254 4500 388 4563 emim
402 4498 494 4561 ¹3⁰⁰¹³
506 4508 579 4545 ³⁰⁰¹³
593 4494 676 4544 [ΗΜΘ
691 4507 830 4544 mmmm·
1008 4526 1068 4574 tum
1085 4519 1164 4574 cordi
1179 4535 1252 4584 esse,
1269 4535 1357 4590 quum
1369 4523 1402 4573 ut
1417 4517 1572 4590 pecuniam
1588 4531 1672 4570 suam
1695 4515 1773 4569 toras
1788 4529 1834 4568 ex·

1009 4590 1109 4663 pellat,
1125 4605 1188 4646 eum
1206 4589 1547 4658 toen01·icolloeande,ne
1573 4587 1652 4642 domi
1668 4586 1762 4642 otiosa
1790 4601 1835 4640 re·

1011 4665 1137 4718 maneat.

1051 4734 1106 4804 (47)
1122 4733 1174 4798 044
1192 4748 1276 4787 secus
1293 4732 1448 4797 senserint,
1458 4747 1525 4787 eum
1536 4731 1643 4788 librum
1654 4728 1698 4784 vel
1713 4725 1836 4784 llaecbiae

1014 4806 1058 4859 vel
1075 4805 1165 4870 isaiae,
1180 4803 1224 4860 vel
1238 4803 1405 4859 Zorobabeli
1423 4800 1697 4870 attribuentes,vide
1711 4797 1788 4870 apud
1805 4795 1835 4850 P.

1016 4878 1088 4930 ban.
1108 4875 1242 4930 lluetium
1260 4879 1287 4929 in
1307 4877 1542 4932 Demostratione
1557 4872 1724 4943 euonqelicc,
1753 4881 1836 4948 prop.

1015 4945 1078 5002 lde
1094 4946 1142 5002 lib.
1159 4945 1331 5014 ecclesiastis,
1349 4963 1414 5030 pag.
1431 4949 1490 5014 192,
1513 4946 1561 5001 ubi
1577 4958 1691 5023 eorum·
1708 4943 1837 5022 rationes

1015 5017 1180 5083 diluuntur,
1197 5033 1230 5072 ac
1245 5016 1394 5074 Salomoni
1410 5017 1552 5075 asseritur
1565 5015 1643 5070 idem
1662 5012 1710 5094 bie
1738 5008 1835 5076 liber3

1015 5092 1100 5160 cujus
1113 5089 1199 5144 etiam
1216 5089 1344 5162 dignitas
1359 5089 1513 5145 confutatis
1542 5087 1774 5142 adversariorum
1790 5096 1836 5135 ar-

1016 5163 1165 5234 gumentis
1178 5161 1286 5216 ibidem
1303 5160 1475 5232 vindicatur.
1764 5209 1766 5214 ,

1051 5233 1107 5304 (48)
1125 5232 1256 5287 Latinius
1272 5231 1428 5303 legendum
1444 5231 1537 5302 putat,
1554 5227 1636 5307 semet
1648 5229 1679 5281 4-4
1706 5224 1835 5279 inultum.

1016 5304 1072 5358 Sed
1089 5321 1156 5358 cam
1173 5303 1241 5358 edit.
1258 5304 1395 5358 omnibus
1410 5317 1511 5356 omnes
1535 5315 1654 5354 ommno
1682 5312 1754 5352 mss.
1784 5293 1838 5348 huc

1016 5375 1078 5430 loco
1094 5374 1290 5431 consentiunt.
1309 5374 1366 5428 Nee
1382 5389 1452 5427 sane
1467 5371 1538 5426 adeo
1554 5373 1652 5441 inepta
1665 5371 1710 5424 est
1724 5369 1840 5437 recepta

1016 5445 1114 5511 tectio,
1131 5449 1230 5500 utnon
1247 5442 1319 5499 scite
1334 5441 1471 5516 explicari
1487 5440 1618 5513 possitin
1629 5441 1706 5496 huno
1718 5438 1840 5520 modurn

1018 5518 1078 5574 sive
1103 5515 1193 5573 sernel
1222 5519 1347 5579 tuntum,
1377 5514 1437 5570 sive
1464 5511 1614 5568 multoties·
1642 5517 1742 5568 ratem
1773 5510 1842 5564 vitre

1017 5589 1063 5646 lex
1078 5585 1271 5660 prohibuerit,
1289 5586 1395 5658 saepius
1412 5595 1507 5641 tamen
1524 5603 1612 5642 usura
1628 5602 1716 5660 qnam
1727 5582 1786 5640 illis
1797 5582 1842 5638 in·

1018 5661 1144 5718 terdixit.

110 4600 246 4656 Videsis
261 4597 288 4654 J.
306 4595 395 4668 Lipsii
406 4594 457 4650 lib.
475 4594 510 4650 de
525 4595 604 4648 recta
618 4591 759 4647 Pronunt.
772 4592 833 4646 Lat.
848 4590 955 4664 linguae

109 4671 166 4725 ubi
187 4672 297 4744 agitur
310 4669 347 4724 de
362 4667 416 4723 bac
432 4665 537 4721 littera.
554 4664 634 4727 Quod
650 4679 718 4718 vero
738 4663 773 4717 ad
790 4679 888 4718 vocem
913 4649 994 4717 ce-ll

106 4760 165 4804 νει»,
179 4743 319 4798 idemea
332 4738 410 4794 valet
423 4736 563 4800 hocloco,
579 4751 613 4790 aa
628 4734 651 4789 si
674 4734 851 4790 scriberetur
874 4735 961 4789 ceroti

104 4815 241 4878 redicas,
260 4818 314 4868 aut
340 4809 593 4878 redeuntemque
622 4823 711 4861 sensu
740 4806 852 4877 passim
882 4805 960 4878 apud

106 4887 272 4953 probatos
288 4886 425 4938 auctores
441 4879 599 4934 iuvenitur.
616 4881 715 4949 ttuque
731 4877 812 4933 loeus
826 4893 861 4932 ea
885 4876 960 4933 sale·

103 4957 212 5012 hroso
231 4956 345 5028 planus
359 4953 418 5021 Oet,
431 4951 456 5005 si
470 4965 535 5006 aum
558 4948 613 5005 hoc
637 4949 724 5005 modo
738 4949 937 5021 interpreter-is
952 4965 959 5005 :

104 5026 228 5082 Prima
245 5028 345 5082 littera
358 5021 534 5080 tabellarum
550 5021 579 5075 in
608 5037 733 5093 quarum
762 5021 838 5076 ceris
863 5037 960 5077 usura

102 5115 168 5153 vox
191 5097 363 5154 inserbitur
377 5094 501 5164 lugubre
516 5097 611 5148 sonat.
628 5093 689 5155 Ouo
700 5096 773 5147 t'orte
789 5108 877 5147 sensu
893 5109 957 5163 cap.

105 5173 146 5222 to
181 5170 334 5235 nurn.35,
351 5167 464 5222 dictum
490 5167 716 5231 esttPersonut,
746 5168 874 5236 personet
914 5167 959 5234 (-

104 5239 248 5297 nebrem
263 5240 403 5296 ululatum
416 5237 528 5308 fenora
543 5251 638 5290 asima.

149 5312 223 5383 (44)
240 5311 325 5376 0444
337 5309 386 5364 bic
400 5309 436 5364 de
450 5306 600 5380 leporibus
615 5323 650 5362 ex
663 5304 762 5360 Basilii
778 5303 858 5360 bom.
887 5307 914 5359 2.
932 5304 960 5360 in

106 5380 423 5448 Psal,x1v,utialia
444 5377 590 5452 permulta
612 5375 763 5432 transtulit
790 5376 962 5432 Ambrosius

106 5459 245 5520 noster,
263 5456 291 5511 id
307 5452 451 5525 praecipue
467 5447 612 5505 cuniculis
628 5447 771 5513 convenit,
803 5447 880 5503 unde
908 5464 962 5502 na·

110 5531 187 5581 trini
211 5534 262 5583 est
278 5525 416 5596 avirrqium
436 5541 441 5578 :
458 5522 571 5589 Sepias
588 5517 961 5591 pariuntquamcuniculi.

154 5599 225 5668 (45)
255 5584 340 5654 44444.ι
366 5597 449 5659 edit..
478 5597 536 5650 latis
561 5609 666 5664 quoque
693 5590 861 5670 loroqtppbia
888 5608 965 5660 perre-

110 5679 222 5735 retur,
256 5675 324 5737 ete,
355 5668 405 5724 ubi
433 5665 532 5740 procul
558 5663 647 5720 dubio
678 5667 804 5734 respexit
827 5662 862 5717 ad
892 5661 963 5718 illud

114 5737 251 5810 Basilii,
283 5765 325 5800 και
369 5747 419 5805 aaa
460 5743 619 5813 τοκογλύφοις
661 5743 692 5793 τὰ
746 5740 863 5808 χρήματα
902 5739 964 5810 ὁμοῦ
