4159 6184
241 325 309 390 22¹1.
630 337 633 341 ·
967 322 1001 382 S.
1022 314 1212 386 auuaosll
1882 319 1940 386 228

242 459 373 526 ohomo,
388 455 459 530 quia
472 454 562 530 piscis
576 471 624 514 es:
641 471 700 512 non
721 458 750 512 te
772 453 941 528 opprimant
965 452 1063 511 seculi
1077 457 1105 522 Α
1119 456 1168 512 liis
1183 455 1309 528 repellis.
1326 454 1432 528 Vipera
1445 471 1525 514 mare
1544 459 1720 530 prospectat,
1743 455 1873 530 explorat
1885 455 1941 513 iter

242 548 328 605 iatius
340 548 461 603 lluctns:
478 546 503 604 ai
517 549 676 619 tempestas
691 548 747 613 est,
765 547 829 617 pets
844 542 937 612 altum
952 548 981 599 et
995 559 1062 615 pro·
1119 543 1270 619 conjugis:
1286 549 1318 600 tn
1333 545 1450 618 inJ'uriis
1465 547 1541 603 viam
1555 546 1617 603 viro
1631 544 1779 602 obstruis:
1795 549 1828 601 tu
1842 544 1939 602 litium

242 636 387 692 lundam:
404 634 428 691 si
439 635 591 701 serenitas,
602 633 671 690 lude
682 633 710 688 in
723 632 861 689 fluctibus
872 649 880 688 ι
893 633 916 688 si
926 631 1062 705 procella,
1119 650 1217 690 moves
1232 651 1387 704 vencnum,
1408 652 1466 692 nou
1491 636 1606 708 rejicis:
1634 640 1663 692 tu
1690 635 1853 709 conjugalis
1877 651 1940 691 am·

241 741 309 782 cava
324 742 341 781 a
354 724 509 798 scopuloso
523 723 636 788 littore;
653 725 726 779 neta
737 722 766 777 in
778 739 880 797 rupem
892 722 992 778 furens
1008 737 1064 776 aes-
1119 722 1221 796 plexus
1238 727 1367 797 tempore
1381 724 1479 780 dirum
1495 725 1574 782 virus
1589 729 1749 781 exaestuas:
1764 741 1816 781 nec
1835 725 1941 781 erube-

241 817 290 872 tus
304 812 409 871 illidat.
424 812 571 884 Scriptum
595 817 640 866 est
662 810 757 868 enim:
775 813 863 867 Estote
890 813 976 867 astuti
993 812 1064 865 sicut
1118 811 1176 868 scis
1192 813 1320 885 nuptias,
1336 829 1388 869 nce
1404 813 1543 870 revereris
1563 814 1712 869 maritum.

240 907 378 977 serpentes
391 900 495 975 (daut.
511 917 539 971 x,
560 900 616 972 lu).
1155 901 1198 956 19.
1213 901 1268 958 Sed
1284 900 1385 971 etiarn,
1399 904 1443 967 tu,
1467 901 1520 970 vir,
1546 919 1705 974 possumus
1728 902 1814 959 etiam
1838 901 1880 959 sic
1894 917 1942 958 aa·

277 993 369 1049 leat
391 989 517 1063 quiade
540 989 728 1060 serpentibus
749 990 856 1046 astutis
879 989 1063 1062 propositum
1119 987 1226 1062 cipere,
1241 991 1354 1063 depone
1366 995 1512 1047 tumorem
1539 991 1644 1059 cordis,
1669 992 1855 1063 asperitatem
1880 1007 1942 1048 mo-

241 1079 406 1153 exemplum
421 1081 475 1145 est,
493 1077 587 1133 simus
603 1076 693 1134 astuti
709 1078 952 1151 circaquaerende
967 1083 996 1133 et
1006 1093 1064 1133 ser
1118 1094 1195 1147 rum,
1228 1095 1295 1135 curn
1326 1079 1380 1136 tibi
1411 1079 1512 1136 sedula
1539 1097 1610 1136 uxor
1634 1080 1781 1136 occurrite
1811 1077 1941 1153 propelle

239 1170 335 1227 venda
351 1165 499 1240 conjugia,
515 1166 674 1240 diligamus
690 1165 800 1222 tributa
811 1165 1062 1222 nobisconsortia.
1117 1167 1361 1240 indignationem,
1378 1185 1444 1225 cum
1460 1168 1568 1225 blanda
1583 1170 1689 1241 conjux
1706 1169 1741 1225 ad
1766 1168 1941 1224 charitatem

239 1261 274 1316 lat
288 1257 313 1314 si
328 1257 348 1312 ii
361 1258 411 1329 qui
433 1255 602 1329 longinquis
622 1255 737 1312 inerant
760 1261 842 1311 ortus
863 1256 909 1311 sui
932 1260 1063 1326 tempore
1118 1261 1263 1330 provocat.
1279 1258 1384 1314 Nonas
1398 1257 1547 1324 dominus,
1570 1259 1620 1314 sed
1644 1259 1786 1314 maritus:
1812 1275 1870 1314 non
1887 1274 1941 1312 an·

238 1347 409 1422 regionibus
423 1346 550 1416 separati
567 1345 642 1400 inter
657 1361 688 1401 se
708 1344 906 1412 convenerint,
929 1349 959 1399 et
979 1343 1004 1398 si
1019 1342 1064 1398 vir
1117 1345 1214 1402 cillam
1233 1347 1354 1403 sortitus
1369 1363 1411 1415 es,
1436 1347 1485 1403 scd
1513 1363 1641 1404 uxorem.
1666 1347 1897 1404 Gubernatorem
1912 1351 1942 1402 te

238 1437 276 1493 ad
291 1435 444 1509 peregrina
459 1433 650 1501 contenderit,
662 1431 744 1489 nulla
753 1433 964 1506 longinquitas,
980 1430 1063 1486 nulla
1117 1435 1194 1491 Deua
1209 1435 1299 1492 voluit
1319 1452 1383 1492 esse
1407 1452 1494 1492 sexus
1517 1435 1674 1504 inferioris,
1696 1453 1754 1492 non
1776 1439 1941 1510 prepoten-

238 1523 372 1582 absentia
385 1521 589 1595 complacitam
612 1521 727 1578 minuat
747 1521 929 1577 charitatem.
952 1520 1061 1576 Eadem
1115 1527 1184 1580 tam
1205 1523 1302 1580 liedda
1321 1524 1419 1580 studio
1445 1523 1547 1592 vicem,
1571 1525 1658 1581 redde
1681 1525 1773 1580 amori
1801 1524 1941 1598 gratiam.

236 1614 284 1671 lex
298 1616 454 1684 presentes
469 1610 663 1683 absentesque
678 1610 841 1666 connectit:
858 1610 935 1666 idem
950 1615 1061 1664 naturae
1114 1613 1220 1685 Vipera
1232 1629 1376 1670 venenum
1391 1630 1478 1669 suum
1495 1612 1607 1668 fundit:
1625 1617 1656 1669 tu
1672 1627 1731 1670 non
1750 1617 1831 1685 potes
1859 1612 1943 1670 duri·

237 1702 388 1758 vinculum
400 1701 477 1756 inter
491 1699 635 1754 distantes
649 1702 678 1754 et
692 1699 886 1754 consistentes
897 1696 1062 1770 conjugalis
1115 1703 1186 1758 tiam
1202 1703 1309 1759 mentis
1324 1701 1491 1775 deponeret
1505 1702 1560 1758 Sed
1574 1702 1665 1758 habas
1680 1702 1843 1759 naturalem
1859 1703 1941 1775 rigo·

238 1789 390 1848 charitatis
417 1789 486 1859 jure
506 1787 698 1843 constrinxit:
724 1788 825 1843 eodem
845 1788 919 1859 jugo
940 1786 1061 1842 benedi·
1115 1807 1192 1860 rem;
1209 1792 1298 1848 debes
1321 1797 1484 1864 temperare
1507 1807 1574 1846 eum
1602 1790 1846 1863 contemplatione
1869 1807 1943 1847 cou-

238 1877 513 1950 ctionisutriusque
533 1875 609 1932 colla
634 1875 793 1943 sociantur,
817 1875 906 1932 etiam
935 1875 961 1930 ai
988 1873 1062 1935 aiter
1113 1879 1200 1954 jogli,
1217 1885 1245 1936 et
1260 1880 1421 1936 reverentia
1444 1879 1658 1950 conjunctionis
1682 1880 1826 1954 deponere
1839 1863 1945 1936 'animi

239 1970 324 2026 obeat
337 1971 540 2038 separatarum
556 1966 707 2038 regionum
724 1963 811 2037 longa
836 1963 975 2032 divortia;
992 1962 1062 2034 qaia
1116 1969 1259 2024 feritatem
1275 1969 1343 2040 (97).
1359 1969 1458 2024 Potest
1473 1973 1502 2024 et
1523 1968 1575 2024 sic.
1600 1968 1694 2026 Nolite
1719 1984 1858 2041 querere,
1872 1968 1942 2038 viri,

238 2055 441 2128 noncorporifl
462 2053 582 2122 cervive.
605 2053 658 2108 eod
680 2051 799 2117 mentis.
831 2052 933 2126 iugum
961 2051 1060 2124 grati&
1116 2057 1244 2114 alienum
1266 2057 1395 2124 thorum,
1418 2057 1507 2114 nolite
1528 2058 1662 2114 insidiari
1691 2057 1791 2114 aliene
1815 2057 1942 2132 copulae.

236 2148 416 2219 Ρθθθβθῑῦὓῑ·
431 2140 537 2222 Villffl
552 2140 767 2214 ne‘lulisimum
783 2157 877 2214 80¹¹¹¹⁸
896 2140 1006 2207 besti&
1031 2143 1061 2199 et
1115 2147 1205 2204 Grave
1218 2151 1263 2203 est
1278 2145 1464 2214 adulterium,
1481 2151 1510 2203 ct
1525 2151 1637 2203 nature
1651 2148 1770 2220 injuria.
1787 2147 1867 2205 Duos
1880 2148 1945 2220 pri·

237 2252 326 2309 super
339 2233 512 2304 omniaque
528 2228 688 2302 serpentini
703 2234 774 2285 sunt
787 2228 903 2303 generis
925 2227 1060 2295 astutior,
1115 2253 1197 2292 mum
1213 2235 1290 2292 Deus
1305 2235 1382 2304 lecit,
1399 2235 1493 2292 Adam
1508 2239 1536 2291 et
1551 2235 1650 2304 Evam,
1666 2235 1721 2292 hoc
1733 2241 1787 2306 est,
1798 2237 1894 2294 virum
1911 2242 1943 2293 et

236 2324 287 2381 ubi
302 2319 622 2391 coeundicupiditatem
633 2319 838 2390 assumpserit,
850 2333 988 2374 muraenae
999 2333 1062 2372 ma·
1116 2341 1246 2394 uxorem,
1271 2329 1300 2380 οι
1326 2340 1444 2380 uxorem
1474 2325 1509 2381 de
1537 2323 1609 2397 viro,
1638 2325 1694 2381 hon
1720 2330 1766 2383 esi
1794 2326 1829 2382 (10
1858 2329 1942 2383 eom

236 2412 341 2469 ritimae
361 2414 461 2466 notam
487 2407 543 2462 sibi
569 2405 692 2479 requirit
713 2405 859 2478 copulam,
884 2405 929 2460 vel
954 2421 1059 2461 novam
1113 2415 1227 2484 Adam
1245 2417 1273 2470 el
1282 2413 1375 2486 jussit
1388 2413 1491 2470 ambos
1505 2429 1570 2470 esse
1584 2413 1615 2468 in
1643 2415 1940 2488 un000190oe‚0tin

235 2504 397 2577 preparat:
414 2511 627 2571 progressaque
641 2495 676 2550 ad
705 2494 800 2562 littus,
830 2493 927 2550 sibillo
954 2494 1058 2550 testill-
1113 2520 1171 2559 uno
1195 2503 1299 2575 spiritu
1323 2501 1427 2559 vivere.
1453 2502 1527 2566 Quid
1558 2519 1650 2559 uuum
1675 2519 1792 2576 separas
1816 2521 1937 2577 corpus,

235 2596 301 2647 cata
324 2586 508 2662 presentium
539 2583 596 2651 sui.
626 2584 662 2639 ad
675 2583 860 2656 conjugalem
889 2583 1058 2656 amplexum
1114 2608 1206 2648 unum
1228 2590 1334 2646 dividis
1356 2590 1516 2662 spiritum?
1538 2591 1653 2647 Nature
1678 2591 1853 2648 adulterium
1877 2597 1937 2650 cst.

235 2678 315 2736 illam
331 2679 441 2733 evocet.
458 2675 588 2729 Muraena
601 2677 699 2728 autem
717 2671 839 2728 invitata
854 2689 911 2728 non
924 2673 1014 2738 deest,
1030 2675 1059 2728 et
1112 2681 1171 2737 Hoc
1195 2680 1278 2736 docet
1307 2695 1442 2734 murense
1464 2683 1493 2735 et
1516 2678 1620 2752 viperae
1642 2697 1700 2737 non
1718 2682 1784 2754 jure
1804 2679 1937 2756 generis,

234 2770 380 2825 venenate
396 2762 523 2836 serpenti
539 2759 682 2834 expetitos
693 2777 766 2816 usus
777 2777 837 2817 sua
852 2760 982 2832 impertit
992 2777 1059 2815 con·
1113 2770 1163 2825 sed
1179 2769 1282 2824 ardore
1296 2767 1428 2823 libidinis
1439 2768 1583 2841 expetitus
1598 2769 1759 2841 amplexus.
1782 2770 1903 2838 Discite,
1920 2787 1939 2828 ο

232 2855 405 2929 junctionis.
421 2852 496 2916 Quid
512 2850 567 2906 sibi
587 2848 648 2905 vult
671 2865 767 2905 sermo
792 2847 973 2919 hujusmodi,
1001 2848 1057 2904 nisi
1112 2858 1177 2924 viri,
1194 2856 1244 2930 qui
1259 2857 1385 2913 alienam
1406 2855 1567 2928 permolere
1592 2857 1648 2931 (98)
1672 2859 1777 2930 querit,
1800 2875 1935 2926 uxorem,

235 2939 807 3010 terendosessemoresconjugum,et
831 2938 856 2992 ⁸1
880 2938 1056 3006 &bsessflfflb
1112 2948 1196 3017 cujus
1220 2946 1365 3018 serpentis
1397 2945 1453 3001 sibi
1476 2945 1622 3002 adscicere
1649 2948 1749 3021 cupiat
1780 2951 1937 3006 contuber-

234 3035 299 3106 ejus
313 3028 522 3102 opperiendam
538 3025 732 3100 presentiam,
749 3025 788 3080 sit
805 3023 872 3080 licet
894 3041 988 3096 asper,
1004 3024 1057 3081 stl-
1112 3037 1206 3103 nium,
1223 3035 1273 3107 qui
1295 3034 1383 3090 etiam
1407 3035 1622 3107 comparandus
1648 3035 1710 3108 ipse
1731 3038 1860 3110 serpenti
1883 3037 1935 3095 sit.

234 3122 291 3189 lar,
307 3118 486 3187 inconditus,
506 3114 648 3183 lubricus,
670 3113 849 3170 temulentus
860 3118 872 3170 t
883 3114 957 3178 Quid
973 3115 1057 3186 peJus
1112 3123 1240 3180 Festinat
1255 3124 1290 3178 nd
1304 3124 1444 3194 viperam,
1461 3139 1526 3194 quae
1540 3139 1571 3179 se
1591 3123 1620 3179 in
1644 3123 1789 3196 gremium
1806 3125 1861 3182 viri
1875 3143 1936 3184 non

234 3225 355 3276 veneno,
372 3206 450 3280 quod
466 3205 495 3259 in
511 3203 635 3276 coniuge
645 3219 774 3258 mumma
788 3219 845 3259 110ss
857 3201 985 3276 refugit?
999 3187 1092 3260 V0·C
1112 3213 1221 3269 directo
1235 3211 1352 3267 tramite
1366 3211 1508 3279 veritatis,
1528 3212 1578 3267 sed
1598 3211 1709 3269 lubrico
1728 3213 1803 3270 devii
1825 3215 1938 3272 amoris

235 3303 300 3356 cata
314 3314 373 3354 non
383 3297 475 3361 deest,
492 3297 520 3349 et
534 3292 678 3366 serpentis
700 3290 848 3347 lubricum
872 3291 975 3348 sedula
986 3292 1056 3348 cba-
1110 3301 1249 3357 infundit,
1264 3299 1393 3357 Festinat
1405 3300 1441 3356 ad
1456 3317 1520 3356 eam
1536 3317 1598 3373 que
1613 3317 1758 3358 venenum
1782 3319 1871 3359 guum
1887 3321 1934 3360 m.

235 3389 320 3444 ritate
335 3383 550 3457 complectitur.
566 3380 618 3436 llle
632 3383 684 3436 tua
698 3379 777 3436 mala
791 3385 898 3452 portat,
914 3384 943 3436 et
957 3380 1056 3438 levitfl·
1110 3391 1211 3458 sumit,
1229 3393 1260 3445 ut
1271 3388 1369 3462 vipera
1383 3405 1447 3462 quse
1463 3388 1554 3444 iertur
1577 3395 1693 3462 peracto
1716 3391 1935 3463 conjunctionis

234 3478 272 3532 tis
286 3473 401 3532 leminea
415 3470 603 3527 facilitatem:
620 3473 652 3525 tu
668 3469 763 3524 virum
778 3472 863 3524 tuum
880 3486 938 3526 non
960 3473 1054 3542 potes,
1110 3494 1230 3535 munere
1242 3494 1385 3535 vencnum
1396 3479 1474 3550 quod
1485 3483 1662 3546 evomuerat,
1676 3497 1779 3536 rursus
1791 3479 1913 3537 haurire
1925 3500 1932 3551 ;

233 3582 250 3620 o
289 3561 405 3628 mulier,
439 3559 608 3616 sustineret
643 3559 736 3614 Adam
772 3574 822 3630 per
851 3559 938 3614 livam
971 3561 1054 3618 dece·
1110 3567 1242 3624 adultera
1256 3567 1336 3623 enim
1351 3566 1449 3638 vipera
1463 3571 1507 3623 est
1521 3567 1612 3640 (Pr-ov.
1628 3585 1707 3640 xxur,
1723 3569 1779 3638 32).
1807 3568 1888 3625 Unde
1905 3573 1936 3626 et

234 3653 305 3726 ptus
332 3655 386 3720 est,
416 3665 474 3704 ⁰0¹1
500 3647 558 3703 Eva
589 3662 640 3719 per
675 3645 768 3702 Adam
805 3647 862 3717 (33.
896 3664 925 3719 q·
964 3651 991 3705 5·
1028 3665 1054 3706 ὓ.
1110 3657 1246 3714 Salomon
1270 3657 1310 3712 ait
1334 3657 1412 3728 quod
1436 3655 1462 3712 is
1486 3656 1535 3729 qui
1557 3657 1645 3714 fucrit
1664 3657 1842 3714 temulentus
1862 3674 1934 3716 cum

233 3741 320 3798 ddum
331 3756 382 3813 per
399 3740 483 3793 suan
505 3736 529 3808 (l
552 3737 618 3791 Tim·
643 3753 672 3802 ¹1.
695 3735 751 3806 ⁴tl·
774 3738 864 3799 Quem
886 3737 997 3793 vocavit
1018 3739 1055 3795 ad
1110 3747 1275 3819 parvinum
1291 3743 1380 3802 libido
1406 3744 1515 3802 fervere
1541 3747 1733 3812 consueverit,
1758 3751 1937 3820 tanquama

234 3829 352 3902 culpam
367 3825 482 3894 mulier,
491 3827 607 3898 justum
623 3828 715 3880 estut
737 3840 805 3881 cum
829 3825 1056 3898 gubernatorem
1110 3834 1223 3891 colubri
1238 3834 1296 3889 ictu
1312 3833 1486 3902 extenditur,
1503 3836 1532 3889 et
1547 3828 1689 3907 tanquam
1705 3851 1722 3891 a
1740 3841 1862 3893 cornuta
1877 3835 1937 3891 dil-

234 3921 385 3985 assumat;
402 3933 437 3971 ne
450 3915 556 3970 iterum
571 3913 698 3969 leminea
712 3911 850 3969 facilitate
861 3911 988 3970 labatur.
998 3916 1054 3973 Sed
1110 3920 1244 3976 tunditur
1259 3918 1300 3974 illi
1315 3935 1470 3976 venenum.
1487 3919 1522 3976 llt
1537 3925 1569 3976 ut
1579 3922 1656 3978 scias
1666 3923 1744 3996 quod
1755 3923 1791 3980 de
1801 3923 1939 3980 adultera

233 4005 369 4064 horridus
383 4009 412 4060 at
426 4001 554 4058 incultus
570 4005 624 4058 est.
640 3999 736 4057 Semel
761 4001 880 4073 placuit.
906 4003 1055 4076 Numquid
1110 4007 1331 4080 dixit,[adjccit:
1356 4009 1435 4065 Oculi
1459 4011 1501 4064 tui
1520 4026 1582 4065 cum
1605 4011 1725 4068 viderint
1747 4013 1880 4082 alienum,
1907 4029 1938 4070 os

231 4096 276 4152 vir
290 4096 459 4165 frequenter
468 4095 513 4147 est
526 4089 705 4163 eligendus?
727 4090 900 4162 comparem
924 4108 1010 4149 suum
1027 4096 1057 4149 el
1111 4106 1189 4154 tuum
1204 4098 1326 4170 loquitur
1336 4113 1463 4170 peruersa
1478 4099 1556 4167 (ltid.
1579 4099 1634 4172 33).

232 4183 287 4240 bos
301 4180 435 4255 requirit,
449 4183 478 4235 et
492 4194 587 4251 equus
602 4176 716 4250 diligit;
737 4180 767 4233 et
780 4177 805 4232 si
827 4182 958 4234 mutetur
968 4179 1054 4250 aliua,
1145 4187 1190 4242 20.
1206 4187 1264 4242 Nec
1279 4186 1437 4259 quisquam
1462 4186 1541 4243 velut
1562 4190 1709 4245 contraria
1730 4190 1865 4262 posuisse
1880 4207 1938 4247 uos

233 4276 331 4328 tamen
347 4268 463 4325 trahere
472 4268 580 4340 jugum
596 4266 690 4322 nescit
705 4282 825 4339 compar
838 4264 969 4341 alterius,
981 4274 1010 4327 et
1023 4286 1056 4328 se
1110 4277 1218 4344 credet,
1232 4279 1265 4331 ut
1283 4279 1313 4331 et
1328 4277 1363 4332 ad
1375 4276 1487 4332 bonum
1502 4281 1531 4334 at
1545 4278 1581 4334 ed
1598 4277 1709 4336 malum
1723 4278 1826 4352 viperae
1843 4278 1938 4350 buius

233 4376 292 4414 non
317 4363 411 4414 totum
436 4361 538 4430 putat:
554 4359 586 4411 tu
605 4352 735 4428 jugalem
760 4355 897 4428 repudias
917 4362 1057 4430 tuum,et
1110 4365 1242 4438 exemplo
1257 4367 1425 4434 uteremur;
1443 4381 1508 4421 cum
1525 4367 1560 4422 ad
1580 4367 1795 4425 institutionem
1817 4373 1939 4426 utrum·

233 4451 320 4520 putas
334 4461 411 4518 sepe
423 4445 619 4512 mutandum,
635 4448 665 4499 et
678 4444 704 4500 si
724 4459 782 4500 uno
797 4444 923 4503 deluerit
936 4447 993 4516 die,
1009 4465 1056 4505 su·
1112 4470 1168 4527 que
1181 4454 1324 4527 proficiat,
1341 4453 1366 4510 si
1381 4454 1590 4512 erubescamus
1605 4459 1656 4514 aut
1668 4457 1757 4513 udam
1780 4473 1838 4514 non
1852 4457 1939 4514 exbi-

232 4532 368 4608 perducis
393 4532 512 4589 rivalem
535 4534 604 4605 (96),
628 4536 658 4589 et
681 4533 781 4589 statim
804 4532 953 4608 incognita
967 4553 1057 4596 causa
1070 4556 1095 4625 D
1110 4544 1178 4602 bere
1194 4542 1309 4612 dilecto,
1326 4543 1377 4615 qui
1392 4543 1508 4600 exhibet
1522 4561 1658 4618 serpens3
1675 4551 1726 4602 aut
1737 4545 1939 4617 relinquentes

232 4623 315 4697 quasi
329 4621 445 4695 cognita
457 4622 577 4693 pudoris
594 4623 762 4694 exsequeris
783 4622 934 4692 iniuriam.
950 4625 1057 4700 Vipera
1111 4635 1214 4688 sancta
1237 4632 1382 4704 conjugia,
1406 4631 1519 4688 lubrica
1549 4637 1578 4688 et
1597 4635 1731 4690 nocitura
1755 4634 1940 4692 salutaribus

231 4714 383 4770 absentem
399 4710 533 4782 requirit,
549 4710 597 4766 87
616 4711 766 4767 absentem
787 4715 881 4781 vocat,
906 4718 935 4770 et
948 4715 1056 4774 blando
1110 4721 1391 4794 proeieramusquod
1407 4721 1477 4778 lacit
1491 4722 1541 4794 qui
1553 4740 1621 4778 cum
1636 4728 1770 4796 serpente
1784 4723 1939 4780 miscetur.

230 4800 393 4875 proclamat
407 4797 510 4855 sibilo:
528 4803 615 4873 atque
631 4799 681 4855 ubi
707 4800 865 4857 adventare
888 4818 1055 4877 comparem
1387 4826 1437 4884 gg
1454 4827 1571 4883 CAPUT
1585 4828 1659 4885 vm,

230 4889 364 4958 senserit,
381 4904 526 4945 venenum
539 4889 647 4947 evomit
670 4891 861 4948 reverentiam
883 4894 1055 4952 maritode-
1110 4937 1147 4992 De
1174 4935 1278 4990 mmm
1301 4933 1366 5005 Poly
1386 4934 1397 4988 ²·
1421 4943 1447 4989 et
1485 4937 1580 4990 eanm-
1629 4937 1727 5008 quibus
1761 4935 1942 5010 fraudulenti

230 4979 337 5050 fefflssfls
353 4978 550 5035 V0l0⁰¹¹¹¹d⁸f⁸
572 4976 734 5050 flultifilem
758 4980 903 5053 Sfflfilffi
928 4987 971 5050 tus
987 5001 1056 5040 ¹⁰¹¹·
1147 5005 1269 5062 domines
1284 4951 1501 5073 utamiruntnm
1519 4979 1588 5062 cum,
1610 5009 1800 5064 exliurtntione
1822 5007 1858 5064 cd
1887 5011 1938 5080 fn-

230 5067 293 5138 lier,
311 5066 514 5124 advenientem
531 5068 567 5124 de
578 5066 739 5141 longinquo
754 5070 894 5126 maritum
909 5077 1057 5131 contume·
1145 5076 1275 5147 elendune
1287 5075 1471 5148 cupiditatem.

265 5174 322 5243 (96)
335 5173 458 5238 Quidem
474 5191 546 5231 mss.
563 5183 686 5247 suspectu
708 5177 823 5232 rientem
848 5194 896 5238 er:
923 5182 973 5233 aut
987 5196 1055 5236 cnm
1111 5199 1178 5240 nem
1194 5187 1324 5239 nostram
1340 5181 1538 5250 consentiunt,
1554 5183 1611 5240 nisi
1622 5185 1700 5259 quod
1711 5185 1810 5258 plnres
1825 5185 1939 5242 babent

231 5243 301 5326 edit.
320 5244 481 5313 nonnullis,
496 5247 648 5317 auspicaris
673 5248 799 5314 riualem,
819 5256 845 5303 et
870 5250 965 5304 stetim
980 5253 1056 5308 inco·
1110 5255 1235 5328 deponat,
1260 5252 1304 5310 vel
1329 5253 1451 5335 deponet.
1479 5255 1559 5313 bion.
1589 5257 1701 5329 depone,
1726 5255 1832 5313 melius
1853 5257 1935 5313 Coeu.

230 5322 415 5396 pnatncuuau,
436 5319 516 5387 pansi
537 5320 694 5386 coenttom3
717 5324 769 5374 aut
796 5335 864 5373 cum
891 5317 1054 5391 aliisedit,
1110 5326 1251 5398 deponere.
1273 5323 1424 5381 Omittrtur
1451 5325 1539 5382 etiarn
1569 5327 1598 5382 in
1628 5327 1777 5396 nonnulis,
1806 5329 1937 5385 Potestct

231 5391 258 5440 et
270 5387 365 5439 atatem
378 5389 559 5457 tnccpnitnm,
575 5391 654 5459 quusi
667 5392 817 5460 caputium,
832 5393 887 5445 ctc.
910 5389 965 5446 Sed
983 5409 1052 5453 mss.
1109 5399 1164 5454 sic:
1181 5413 1282 5453 verum
1298 5395 1462 5452 necessaria
1475 5397 1610 5454 transitio
1631 5403 1682 5456 est.

231 5454 386 5510 duodecim
402 5458 602 5539 probatissimi
615 5476 683 5518 cum
711 5460 781 5516 adit.
806 5459 909 5517 Petet
933 5460 1055 5521 Gillle·
1146 5467 1337 5549 (SSJAliquot
1364 5484 1435 5522 mss.
1463 5485 1630 5540 permovere,
1661 5470 1935 5545 unusprcemotltre.

231 5530 304 5601 gunt
319 5529 351 5581 ut
367 5542 420 5582 110³
435 5545 465 5582 111
479 5533 570 5584 textu.
1110 5539 1214 5596 Melius
1229 5538 1289 5607 alii,
1304 5544 1332 5595 et
1345 5539 1415 5594 adit.
1429 5541 1589 5612 pernwtcre.
1607 5545 1656 5597 Est
1670 5543 1749 5598 enim
1773 5559 1826 5598 vox
1841 5545 1936 5598 meta·

266 5597 323 5682 (St)
339 5597 418 5681 Edit..
430 5613 533 5653 omnes
551 5616 715 5684 cum'mss.
743 5600 868 5675 aliquot,
893 5604 1055 5689 lteuerentio
1110 5611 1239 5690 phorica,
1250 5610 1336 5684 cujus
1344 5627 1417 5670 usus
1428 5615 1473 5674 eet
1482 5611 1512 5670 iu
1522 5611 1652 5676 obpeuis.
1662 5613 1761 5674 Horat.
1772 5613 1793 5673 1.
1803 5629 1823 5692 1,
1833 5619 1888 5675 sat.
1904 5615 1936 5674 2.

230 5671 441 5750 dannatione.
456 5668 548 5729 Potest
568 5679 595 5730 et
608 5687 659 5746 sn,
687 5671 759 5738 ltss.
783 5689 887 5739 novom
902 5691 934 5744 aa
953 5676 1054 5742 taetro·
