4159 6184
233 310 295 380 lut
908 301 1001 366 vlua
1024 302 1057 366 8.
1078 299 1271 370 ambesa
1881 296 1941 368 llll

270 448 314 503 82.
342 442 424 509 Quod
453 441 484 499 in
513 439 614 499 libello
645 437 789 513 superiori
819 435 994 493 Ambrosius
1012 437 1291 512 dellsignillcarit
1317 439 1415 512 (epist.
1444 440 1501 509 24),
1537 453 1714 511 omnemque
1741 452 1841 495 rarum
1870 454 1939 496 cum

232 536 332 593 aninia
346 533 556 605 disputaverat.
571 546 639 586 eum
661 526 786 591 induxit,
807 530 840 581 ut
863 525 940 580 editu
964 524 1060 596 opella
1116 542 1238 601 tyranno
1256 529 1309 585 abs
1321 545 1353 585 se
1365 533 1516 602 gestarum
1537 528 1683 602 pertexuit
1699 526 1842 584 ordinem.
1859 528 1941 583 lianc

232 626 271 681 lle
286 624 353 681 tuac
368 624 473 688 modu,
488 618 562 677 nihil
577 615 706 675 terribile
721 616 819 673 inesse
833 612 922 671 morti
938 613 1059 685 planum
1113 617 1267 689 epistolam
1295 618 1367 673 dum
1400 618 1518 684 rediret,
1547 632 1582 674 ex
1609 618 1674 690 ipso
1702 616 1807 673 itinere
1832 616 1940 673 ceseii

232 714 354 781 iaceret3
372 711 519 782 simulque
535 708 678 763 astrueret
697 704 819 761 omnino
842 705 997 774 oporteret,
1014 704 1058 769 ut,
1113 705 1210 770 misit;
1225 722 1263 762 ue
1291 706 1365 763 torta
1387 705 1455 779 quis
1478 710 1672 773 antevertens,
1693 708 1822 761 mentem
1844 705 1941 777 ipsius

232 801 366 859 amenis
379 790 948 871 commemorationibus,erptdtrcuber
970 791 1058 847 omui·
1114 794 1242 867 maligne
1255 800 1425 868 occuparet;
1450 799 1481 851 et
1503 794 1591 851 simul
1614 798 1649 850 nt
1671 793 1817 867 princepe,
1839 808 1941 850 rerum

233 890 291 959 bus,
306 889 453 959 mandique
467 882 601 940 illecebris
615 881 677 947 (lib.
694 883 732 937 De
751 882 819 937 bono
833 883 915 936 mort.
932 896 996 952 cap.
1013 894 1058 946 ru,
1113 882 1246 939 omnium
1271 884 1367 939 factus
1382 883 1498 950 certior,
1515 884 1656 939 aduersus
1674 882 1790 939 hortm
1804 885 1867 939 tam
1881 883 1941 939 lor·

233 995 263 1035 n.
279 979 317 1049 9),
333 977 362 1033 in
378 976 551 1047 perpetuum
566 969 672 1027 esculo
689 969 861 1027 moriamur.
1112 971 1294 1040 midabilem,
1310 972 1361 1044 qui
1376 988 1444 1029 aum
1459 971 1624 1045 opprimere
1639 972 1715 1043 apud
1733 984 1767 1027 se
1786 973 1939 1040 statueret,

268 1068 313 1121 83.
329 1064 379 1119 llis
394 1058 581 1117 sermonibus
590 1059 626 1115 ad
642 1058 848 1131 preparandus
867 1056 1057 1114 catechume·
1112 1064 1233 1132 paratue
1247 1060 1468 1133 esset.Duplicis
1482 1061 1599 1129 ueneris
1613 1060 1798 1133 episcopos,a
1812 1074 1939 1131 quorum

234 1170 286 1211 noa
300 1147 526 1223 appositissimis
549 1146 655 1203 imbuti
677 1146 863 1219 Augustinus
886 1149 975 1218 atque
995 1144 1057 1212 alii,
1112 1149 1318 1206 communione
1333 1151 1451 1222 penitus
1465 1150 1696 1222 abstinuit‚apud
1709 1147 1869 1205 Maximum
1890 1164 1941 1205 re-

232 1255 309 1313 aque
322 1238 436 1294 virilius
450 1236 480 1291 in
496 1233 649 1308 pervigilio
664 1234 826 1303 Pasohstia,
843 1235 920 1306 quod
938 1250 976 1289 vu
991 1231 1056 1289 Kal.
1110 1237 1187 1310 perit
1201 1238 1384 1295 Ambrosius.
1396 1239 1511 1295 Priores
1524 1242 1618 1301 erant,
1632 1237 1685 1311 qui
1702 1238 1799 1293 eidem
1812 1236 1940 1293 Maximo

232 1324 328 1387 Maias
345 1326 415 1383 anni
439 1322 590 1397 presentis
615 1322 793 1379 celebratum
817 1322 955 1391 diximus,
972 1320 1057 1378 tincti
1111 1327 1369 1383 communicabant
1384 1327 1476 1397 (itia,
1504 1328 1669 1394 num.12);
1696 1327 1776 1383 unde
1795 1325 1939 1383 Paulinus

231 1417 321 1475 luere.
345 1414 478 1471 lnitiatos
502 1428 585 1470 sacro
606 1411 753 1486 baptismo
777 1411 929 1468 confestim
958 1426 1057 1467 sacra·
1110 1415 1209 1487 ipsum
1234 1432 1251 1471 a
1274 1416 1360 1473 beato
1388 1415 1514 1487 prorsuis
1544 1414 1762 1473 communionis
1791 1415 1940 1473 consortio

231 1510 397 1563 mentorum
426 1516 491 1574 quae
517 1504 695 1573 receperant,
712 1500 789 1557 sicut
811 1502 841 1555 et
864 1514 965 1555 sorum
990 1514 1057 1571 que
1110 1502 1257 1575 privatum
1273 1502 1547 1574 asseveratlial'ita
1563 1503 1740 1559 Ambauum.
1756 1504 1812 1573 19),
1829 1504 1937 1573 utiam

231 1593 370 1653 occultari
386 1591 468 1663 prius
483 1589 626 1658 solebant,
652 1588 832 1661 expositione
857 1592 978 1643 sanctus
993 1586 1055 1659 epi·
1109 1590 1222 1646 dictum
1243 1594 1288 1647 est
1304 1608 1311 1646 τ
1327 1590 1504 1662 posteriores
1527 1606 1605 1659 uero,
1632 1593 1680 1663 qui
1702 1592 1821 1663 otiosos,
1844 1592 1940 1648 mutor

231 1698 338 1756 scopus
364 1681 419 1737 rite
448 1679 575 1735 instituit
600 1694 607 1732 ι
632 1693 691 1749 qua
710 1678 830 1748 quidem
855 1693 889 1733 aa
911 1674 1056 1731 catechesi
1109 1679 1203 1735 liceto
1221 1680 1335 1749 fidenti
1352 1694 1447 1735 aecem
1469 1680 1595 1750 petebam
1608 1680 1702 1751 (epist.
1718 1681 1764 1745 28,
1780 1696 1862 1737 num.
1880 1681 1938 1753 12),

230 1772 339 1827 librum
355 1770 391 1825 lle
405 1769 544 1840 mysteriis
557 1768 666 1822 lactum
682 1771 822 1839 putamus
834 1765 992 1839 (Admonere
1004 1763 1050 1820 tib.
1069 1798 1094 1864 B
1109 1782 1214 1838 nempe
1226 1768 1366 1823 lthaoieni
1384 1769 1525 1840 aquibus
1541 1768 1619 1839 apud
1636 1768 1799 1824 Maximum
1815 1783 1938 1825 accusa·

233 1861 268 1917 lle
283 1858 386 1929 myst).
1109 1859 1158 1911 tus
1172 1861 1218 1911 cst
1232 1854 1476 1921 Priscillianus,et
1489 1856 1595 1912 bedam
1611 1857 1777 1929 egentibus,
1790 1871 1858 1913 curu
1871 1857 1939 1929 ipse

265 1952 311 2005 84.
329 1946 424 2003 Rediit
439 1946 475 2003 ad
491 1942 614 2001 moralia
628 1948 772 2016 precepta
793 1946 912 1999 sanctus
931 1940 1055 1997 Ambro-
1108 1948 1171 1999 tum
1185 1946 1249 2014 ejus
1260 1949 1420 2000 sectatores
1430 1943 1668 2015 gladiotruncati
1682 1944 1941 2003 suntllaacsane·

231 2040 304 2101 sius.
320 2040 349 2095 et
364 2042 396 2091 ut
410 2034 565 2091 candidam
582 2032 664 2089 illurn
679 2032 893 2105 neophytorum
909 2030 1056 2085 turbama
1108 2033 1131 2087 ti
1140 2032 1286 2089 Ambrosii
1295 2034 1490 2089 mactantium
1497 2034 1625 2089 etanimi
1633 2034 1867 2107 magnitudinem
1876 2050 1937 2095 nou

230 2126 379 2191 redeundo
394 2124 424 2180 ln
439 2122 590 2187 seculum,
602 2122 650 2177 eui
673 2136 725 2193 per
747 2120 893 2192 baptisma
916 2117 1055 2174 nuntium
1108 2120 1178 2177 tulit
1188 2126 1331 2193 tyrannus
1346 2138 1354 2177 t
1370 2122 1422 2177 sed
1437 2121 1565 2192 grauiter
1577 2127 1742 2179 commotus
1752 2123 1845 2194 jussit
1863 2139 1936 2181 cum

230 2216 414 2279 remiserant,
430 2211 535 2267 lortius
549 2211 722 2276 deterreret;
742 2208 808 2265 ideo
822 2221 972 2263 sermones
987 2221 1054 2277 pro·
1107 2210 1168 2266 stac
1181 2226 1259 2265 mora
1272 2210 1381 2281 recredi
1396 2210 1490 2282 (ibit.)

231 2304 385 2368 nuntiavit,
401 2300 451 2373 qui
477 2314 555 2355 nunc
580 2298 688 2355 redacti
704 2298 735 2352 in
751 2295 900 2352 librariam
917 2294 1053 2361 formam,
1142 2298 1187 2354 89.
1214 2298 1360 2355 Maximus
1383 2298 1553 2354 redeuntem
1578 2314 1701 2371 propere
1723 2304 1853 2366 montiis,
1878 2316 1937 2357 no-

230 2396 285 2451 sub
303 2389 385 2449 titulo
400 2388 467 2445 libri
491 2390 529 2445 lie
550 2390 616 2460 supa
640 2386 735 2443 secuti
760 2385 796 2443 ad
819 2400 874 2441 nos
898 2397 1054 2455 pervenere
1108 2387 1188 2443 mine
1215 2387 1386 2453 obsistente,
1416 2385 1530 2443 ltaliam
1559 2386 1667 2444 inuasit
1686 2404 1693 2443 ε
1711 2388 1938 2446 Valentinianus

153 2534 156 2549 ,
230 2483 354 2555 (Adaiou.
370 2481 400 2535 ia
415 2476 505 2533 eumd.
522 2477 584 2546 tto.)
1108 2490 1185 2543 vero,
1201 2480 1335 2532 metuens
1359 2490 1398 2531 na
1418 2474 1561 2532 incideret
1573 2476 1605 2531 iu
1620 2476 1687 2547 ejus
1702 2491 1819 2545 manus,
1833 2482 1864 2533 et
1884 2494 1936 2534 ea·

263 2564 595 2627 85.Gcmmsntatlonem
612 2564 687 2621 bane
700 2562 851 2633 excipiunt
864 2560 923 2616 duc
937 2558 1055 2614 librille
1107 2564 1173 2620 dem
1197 2563 1400 2620 inhumanitas
1425 2564 1462 2620 ab
1485 2580 1520 2619 eo
1540 2567 1725 2632 tractaretur,
1750 2579 1838 2636 quana
1857 2566 1934 2622 Gua-

227 2659 307 2719 Jacob
322 2659 412 2714 etuttc
427 2655 513 2717 tecta
530 2652 558 2709 in
573 2652 682 2723 quibus
696 2649 1054 2719 Ambrosiuseiayutcrem
1106 2652 1206 2711 tienne
1232 2657 1370 2723 aspertus
1398 2656 1471 2722 erat,
1501 2668 1661 2711 conscenso
1697 2654 1821 2727 navigio,
1851 2655 1937 2711 venit

228 2748 318 2805 animi
332 2745 509 2814 laborumque
522 2742 685 2813 paramum
704 2740 734 2795 in
749 2738 851 2795 cadem
866 2741 969 2795 saneto
985 2736 1052 2791 imi·
1107 2740 1359 2808 Thessalonicam,
1375 2756 1467 2813 seque
1480 2741 1548 2797 fidel
1562 2758 1597 2798 ac
1617 2742 1751 2813 pracsidio
1773 2742 1936 2799 Theodosii

227 2837 348 2895 undam
364 2846 529 2905 proponens
544 2829 606 2897 (lib.
623 2828 780 2899 Delorcpb.
796 2834 869 2898 patr.
885 2841 949 2897 cap.
967 2824 1053 2895 tlt-1)
1106 2834 1202 2886 totum
1231 2829 1388 2886 commisit.
1422 2830 1581 2902 Prctngum
1611 2830 1795 2888 Theodosius
1815 2830 1936 2903 excepit

228 2922 441 2981 beatitudinem
456 2918 485 2973 in
500 2917 727 2982 calamitatibus,
744 2913 994 2980 afflictationibus,
1017 2928 1053 2969 ao
1108 2932 1249 2990 perquam
1264 2916 1435 2973 humaniter
1450 2935 1457 2973 :
1471 2918 1608 2973 eumdem
1623 2934 1692 2975 vero
1707 2919 1754 2988 pie
1776 2918 1935 2976 admonuit

229 3011 380 3071 doloribus
394 3022 460 3065 esse
475 3007 600 3079 positam
616 3004 764 3061 evidenter
777 3004 873 3059 docet.
1106 3005 1161 3063 has
1175 3010 1272 3062 tantm
1286 3005 1384 3062 clades
1396 3006 1434 3062 ob
1452 3010 1668 3078 propugnatum
1693 3006 1827 3063 heresim
1849 3006 1935 3064 Aria·

264 3101 310 3157 86.
326 3098 389 3155 Non
405 3094 591 3169 pretermisit
611 3092 731 3165 Jcssphi
757 3091 912 3147 historiam
927 3090 1051 3147 antistes
1106 3110 1176 3151 num
1191 3110 1225 3151 ae
1240 3094 1403 3151 divensium
1415 3092 1575 3151 Ecclesiam
1590 3094 1763 3152 catholicam
1788 3095 1934 3153 diuinitus

229 3192 337 3252 noster,
362 3185 413 3242 sed
442 3184 471 3238 iu
495 3198 560 3239 eam
584 3198 641 3238 non
667 3180 756 3236 semel
784 3182 874 3236 uerba
899 3179 976 3244 lecit,
992 3195 1051 3251 praa
1066 3161 1088 3228 C
1106 3183 1257 3240 immissae
1273 3199 1309 3239 ae
1323 3182 1481 3239 dubitaret.

227 3276 338 3335 ceteris
351 3274 483 3345 ejusdcm
496 3270 666 3343 patriarchae
677 3268 973 3337 dotibus,castitatem
984 3269 1049 3340 ejus
1138 3273 1182 3327 90.
1196 3272 1325 3329 Tametsi
1341 3276 1441 3328 autem
1455 3270 1611 3327 Ambrosio
1632 3271 1779 3329 Maximus
1804 3274 1935 3330 intenta·

225 3366 340 3439 egregie
354 3362 516 3436 predicans
540 3358 620 3431 (laid.
646 3374 671 3413 o.
693 3358 721 3425 d,
745 3372 827 3413 num.
849 3356 884 3411 30
898 3361 928 3413 et
941 3357 998 3428 38).
1015 3357 1048 3412 lu
1102 3360 1195 3417 visset
1208 3359 1414 3416 acerbissimas
1429 3359 1537 3428 minsa,
1553 3375 1610 3415 nnn
1625 3358 1669 3415 illi
1683 3364 1794 3423 taruco,
1808 3366 1841 3417 ut
1863 3360 1934 3434 qul·

225 3444 1049 3525 idernargumentumjamsuperioreaunoccncionatum
1103 3444 1932 3522 darnvidetur,damnumintulit.llsqueadeoetiemapnd

226 3563 257 3603 ae
272 3558 337 3602 essa
353 3542 413 3598 illic
427 3542 566 3605 testatum
581 3552 682 3592 verum
694 3539 745 3591 aut
760 3534 1051 3591 excideruntsermo·
1104 3535 1199 3593 malos
1212 3535 1428 3593 uenerationem
1452 3536 1565 3593 invenit
1587 3536 1696 3593 uirtus!
1713 3536 1819 3594 Praeter
1841 3554 1935 3611 opera

226 3650 278 3691 nes
293 3631 345 3697 illi,
362 3634 413 3687 aut
429 3628 501 3683 iorte
516 3624 626 3681 chartis
642 3639 794 3695 nunquam
814 3623 946 3679 mandati
967 3628 1048 3680 sunt.
1101 3626 1164 3696 tam
1176 3625 1321 3681 recensita
1330 3625 1421 3697 hujus
1432 3640 1550 3697 quoque
1558 3625 1699 3697 temporis
1708 3642 1773 3682 esse
1783 3624 1935 3684 credimus

260 3724 304 3779 87.
321 3722 431 3777 Horum
456 3719 636 3772 tractatuum
661 3713 794 3769 ordinem
818 3712 896 3785 cogit
924 3710 1049 3769 liberlle
1105 3712 1936 3786 pluresepistolas,quibussanctosvirmultorumdubiis

228 3808 454 3871 tmedictwaibos
484 3802 710 3877 patriarcharum
740 3800 865 3871 (Admau.
894 3802 925 3856 ia
957 3801 1048 3858 mma.
1104 3802 1162 3857 sibi
1175 3818 1228 3873 per
1242 3801 1355 3858 litteras
1373 3801 1507 3858 camum
1529 3800 1689 3874 propositis
1716 3817 1858 3874 responsa
1880 3802 1936 3858 de-

225 3901 295 3973 lita).
312 3898 396 3957 Hunc
412 3892 490 3953 bravi
505 3892 658 3949 intervallo
680 3889 913 3947 lucubrationem
935 3889 972 3945 de
991 3906 1052 3962 qua
1105 3890 1157 3945 dit.
1172 3890 1204 3947 ln
1219 3890 1325 3946 barum
1352 3906 1476 3947 numero
1499 3888 1628 3961 epistole
1653 3890 1690 3945 sd
1715 3888 1839 3947 sudium
1864 3888 1937 3947 daur

225 3988 355 4063 proxime
370 4001 424 4043 nos
437 3982 620 4047 dicebamus,
635 3983 769 4034 secutum
789 3993 864 4043 esse,
880 3983 969 4050 atque
982 3982 1050 4034 ante
1105 3979 1207 4051 reponi
1221 3982 1346 4050 possunt
1360 3979 1458 4050 (epist.
1482 3980 1518 4035 25
1540 3983 1570 4034 et
1594 3979 1651 4050 28).
1668 3977 1700 4035 ln
1722 3976 1854 4036 seculari
1869 3978 1938 4036 loro

225 4078 344 4135 alteram
358 4071 506 4133 Ambrosii
520 4070 556 4127 ad
572 4068 732 4125 Maximum
743 4065 919 4139 legationem
934 4066 1051 4139 publice
1104 4066 1152 4123 bic
1163 4066 1255 4137 iudex
1268 4071 1353 4123 arat:
1369 4067 1396 4123 is
1411 4084 1479 4124 oum
1493 4066 1613 4129 rideret.
1631 4065 1812 4123 Priscilliano
1827 4082 1939 4139 urgan·

223 4163 448 4240 pronuntiatum
463 4156 613 4231 probabile
629 4157 684 4211 est.
1104 4154 1185 4211 tibus
1199 4154 1358 4211 Itbacianis
1371 4156 1478 4229 capitis
1491 4156 1697 4221 condemnato,
1710 4157 1846 4212 recedere
1863 4155 1935 4228 pln-

258 4255 303 4311 88.
315 4253 382 4310 tam
396 4248 550 4305 veniamus
573 4245 609 4301 ad
634 4242 793 4301 secundam
816 4240 904 4299 istam
927 4241 1049 4314 legatio-
1105 4242 1196 4300 rimos
1210 4244 1246 4299 ab
1260 4260 1363 4300 eorum
1379 4244 1512 4301 omnium
1528 4245 1735 4300 communione
1747 4243 1801 4316 qui
1818 4244 1939 4317 capita·

224 4360 302 4403 nem.
318 4341 428 4397 Omnes
441 4336 565 4407 hujusce
587 4330 704 4406 tyranni
727 4329 913 4389 mutassetis
932 4346 1050 4404 proms-
1104 4331 1163 4388 lem
1177 4332 1353 4388 mamutium
1367 4331 1398 4388 in
1413 4332 1584 4406 quempiam
1599 4330 1749 4399 tulissent,
1765 4331 1938 4391 sciscitatus

224 4434 294 4489 bant
309 4427 397 4487 italie
413 4422 571 4497 proviaciis
587 4436 655 4478 eum
670 4418 1050 4493 imminere,spoliandique
1104 4425 1168 4478 crat
1180 4438 1217 4477 ex
1228 4420 1469 4488 Ambrosianum
1485 4419 1542 4476 sibi
1558 4437 1575 4476 a
1590 4419 1682 4477 sacris
1696 4420 1773 4476 essai
1784 4418 1940 4476 abstinen-

223 4512 422 4577 Valentinlaai
439 4509 595 4568 consilium
611 4507 731 4581 cepisse.
748 4506 876 4574 lustina,
893 4505 948 4563 boc
963 4509 1046 4563 tauto
1062 4530 1085 4596 D
1104 4510 1188 4576 dam,
1203 4509 1319 4581 quoties
1334 4508 1463 4580 aliquem
1487 4514 1616 4565 extremo
1641 4506 1786 4581 supplicio
1799 4507 1864 4580 ipse
1877 4508 1940 4564 ad-

223 4604 352 4681 pariculc
376 4600 562 4658 uehementer
585 4596 729 4671 perculsa,
746 4594 855 4652 nulllus
871 4610 956 4668 opem
972 4610 1045 4667 prse-
1103 4597 1309 4669 dixissetlljus
1322 4596 1500 4669 interrogato
1515 4596 1688 4654 Ambrosius
1700 4595 1744 4651 ita
1757 4594 1937 4669 respondit:

223 4695 382 4754 acutiorem
410 4690 551 4747 arbitrata
576 4690 631 4752 eet,
656 4701 745 4755 quam
771 4683 864 4741 sancti
887 4681 1045 4739 Ambrosii.
1102 4686 1236 4758 Plerique
1250 4690 1355 4759 sponte
1369 4700 1401 4741 se
1416 4685 1616 4752 abstineut,et
1629 4683 1939 4756 laudenturquidem,

222 4786 405 4858 Quapropter
418 4794 487 4835 cum
497 4776 544 4833 bic
554 4774 727 4833 memoriam
743 4772 920 4845 injuriarum
932 4770 1047 4827 nullam
1104 4792 1156 4831 uec
1169 4775 1227 4848 ipsi
1242 4791 1292 4831 eos
1306 4773 1428 4830 laudare
1443 4791 1501 4830 non
1516 4788 1687 4845 possumus,
1703 4772 1754 4845 qui
1770 4770 1940 4829 auctorlta-

223 4872 475 4941 ratincrctrcgatu
488 4866 622 4937 eiusdem
635 4860 830 4935 imperatricis
845 4877 948 4918 rursus
959 4859 1047 4933 legati
1102 4870 1163 4920 tem
1178 4862 1311 4936 Apostoli
1338 4865 1460 4918 eatenus
1482 4861 1684 4926 observamus,
1699 4864 1734 4915 ut
1746 4859 1783 4915 iia
1798 4874 1939 4916 commu-

223 4962 259 5019 sd
276 4966 433 5034 tyrannum
450 4954 534 5011 illum
549 4969 624 5009 onus
649 4950 766 5007 subivit.
782 4950 836 5021 spo
850 4956 923 5013 tuus.
939 4948 1048 5020 inquit,
1102 4952 1222 5009 aionem
1238 4968 1295 5007 non
1317 4950 1482 5008 audeamus
1504 4966 1622 5022 negare.
1637 4949 1748 5006 Deinde
1761 4962 1829 5004 uero
1842 4949 1939 5020 quani

222 5052 324 5111 iterum
348 5049 453 5119 leuatus
485 5044 600 5116 repetivi
622 5040 765 5106 Gallicam
794 5040 867 5095 milit
893 5038 972 5094 dulce
995 5052 1047 5108 pro
1103 5039 1305 5113 episcopusin
1321 5038 1516 5096 exhibendam
1535 5038 1634 5109 potius
1659 5036 1718 5095 reis
1741 5033 1938 5093 elementiam

223 5140 311 5195 rotate
326 5142 374 5194 tua
386 5137 487 5208 prinae.
499 5131 598 5189 deinde
618 5145 669 5203 pro
688 5144 766 5200 paee,
781 5130 862 5199 utque
876 5129 976 5198 pictate
992 5142 1048 5197 pua
1105 5144 1194 5203 qnam
1210 5128 1394 5185 seueritatem
1410 5126 1495 5183 illum
1510 5125 1652 5182 bortatur.

223 5232 359 5299 fraternas
373 5225 505 5296 relicatas
526 5219 694 5293 promotior,
707 5215 830 5273 nomam
851 5230 901 5285 pro
922 5224 947 5271 te
969 5230 1047 5271 aaut·
1137 5216 1480 5289 91.llcostiamtempcre
1492 5214 1648 5286 scpluead
1664 5214 1805 5271 irenaeum
1816 5212 1940 5270 abana·

223 5332 282 5384 rara,
294 5316 391 5387 etjam
412 5328 463 5384 pro
484 5314 607 5382 (reterre
627 5305 877 5364 borroreaoltr'ettur
900 5304 948 5375 (De
971 5304 1049 5360 otoo
1102 5308 1213 5363 simum
1228 5305 1324 5361 tilium
1338 5308 1367 5360 et
1381 5304 1515 5361 Ecclesia
1528 5302 1757 5360 Mediolanensis
1778 5296 1941 5375 presbyte-

226 5406 340 5471 Vcteot.,
370 5417 452 5457 num.
480 5400 537 5471 28).
566 5398 618 5457 llis
640 5395 736 5454 uerbis
770 5410 861 5451 causa
891 5391 1048 5466 legationis
1101 5413 1170 5453 rum
1185 5399 1237 5453 aut
1250 5392 1541 5465 diaconum,seripsit
1554 5391 1738 5449 Ambrosius.
1755 5389 1855 5449 Prima
1868 5391 1940 5463 epi-

225 5492 354 5566 aperitur
369 5506 376 5546 :
393 5488 456 5561 ipse
471 5502 539 5545 vero
555 5490 674 5545 sanctus
700 5483 834 5555 antistas,
860 5498 949 5555 quem
964 5498 1000 5538 ex
1013 5499 1049 5540 ea
1102 5484 1180 5543 stols
1193 5483 1290 5558 (epist
1305 5482 1363 5555 27),
1378 5478 1597 5540 Deuteronomii
1611 5494 1730 5538 uersum
1744 5475 1883 5537 enucleat
1901 5484 1940 5538 at

226 5592 396 5643 srrmcssum
412 5574 555 5651 retulerit,
568 5574 677 5653 scripta
697 5572 901 5639 Valentiniano
925 5570 1050 5651 epistola
1103 5570 1467 5652 mucanpcrutorun
1475 5568 1630 5635 bominum
1640 5566 1944 5649 anacreontem.
