4159 6184
184 396 264 467 44044
721 394 945 463 absentatu
967 390 1011 459 ld
1033 386 1222 460 PSALMUM
1243 389 1363 459 xavn.
1788 387 1799 445 ‘-
1819 391 1901 468 ’4906

180 536 302 611 recepte
316 548 388 610 pace
403 548 468 608 qus
481 528 550 591 lacit
564 530 827 608 utraqusuuum,ot
843 526 1015 590 inimicitias
1029 522 1058 594 Α
1072 526 1213 599 pedurio,
1227 526 1320 584 donec
1334 524 1483 586 formetur
1495 524 1631 591 Christus
1648 526 1679 592 ln
1700 530 1783 593 vobis
1798 532 1898 613 (dolat.

181 624 213 683 in
229 640 320 683 carne
334 639 390 683 sua
404 622 494 681 medii
510 621 630 696 parietis
638 622 837 681 destructione
850 618 986 679 dissolvit
1000 632 1008 672 :
1067 632 1104 683 ιν,
1120 617 1176 687 ta).
1196 639 1211 669 a
1238 615 1428 673 Testidcatur
1454 622 1485 676 et
1502 622 1654 682 ,Dominus
1683 624 1714 681 in
1743 625 1898 700 Evangelio

180 714 321 773 admirati
337 717 417 781 eunt,
430 710 474 768 vel
490 728 557 767 eum
573 712 623 785 qui
639 712 669 769 in
685 713 824 787 gradibus
835 711 896 768 suis
907 710 1011 783 digno·
1065 720 1167 779 graves
1180 723 1247 764 esse
1261 705 1459 778 parturientis
1473 710 1600 782 dolores,
1617 730 1684 769 cum
1700 713 1791 771 dicit:
1808 736 1823 765 a
1837 715 1899 771 litu-

178 805 284 875 scitur,
300 802 343 861 val
358 800 493 859 homines
508 800 550 856 ita
566 816 631 859 esse
646 818 818 870 couversos;
835 800 925 873 utqui
940 801 1010 855 ante
1065 793 1119 852 liar
1132 813 1200 853 curn
1210 794 1346 870 parturit,
1360 795 1516 856 tristitiam
1532 801 1642 871 habet;
1659 802 1729 875 quia
1743 803 1822 859 venit
1835 804 1898 862 dies

179 893 300 953 diabulo
314 889 488 955 serviebant,
504 905 585 946 nunc
597 890 720 948 Domino
730 889 797 947 Jesu
810 890 883 962 justi
900 890 1009 961 pietate
1064 884 1148 954 ejus:
1162 901 1230 942 cnm
1247 888 1353 940 autern.
1371 888 1518 958 pepererit
1533 908 1669 963 puerum,
1681 893 1818 964 jamnon
1835 908 1896 949 me-

177 982 289 1041 servitii
305 977 464 1051 mancipati
477 976 548 1035 sint.
565 980 601 1035 Et
615 978 684 1053 quia
708 996 791 1053 rages
815 979 860 1036 sui
876 976 1008 1051 corporis
1064 974 1151 1031 rninit
1175 972 1307 1030 tristitia
1331 978 1454 1047 propter
1475 980 1628 1051 gaudium,
1650 980 1719 1053 quia
1743 985 1831 1037 natus
1851 984 1898 1038 est

177 1073 208 1129 in
225 1068 395 1142 semetipsis
415 1067 476 1123 rim
499 1082 558 1123 uon
582 1068 738 1126 mediocris
762 1068 872 1125 laboris
897 1064 1008 1140 experti
1065 1062 1151 1121 bomo
1165 1064 1196 1119 in
1211 1064 1268 1118 boc
1284 1062 1396 1118 mundo
1410 1065 1501 1137 (loco.
1517 1084 1576 1137 xvr,
1590 1069 1647 1138 at).
1663 1068 1812 1141 ›iMaguus
1825 1086 1895 1142 ergo

176 1161 285 1233 (neque
307 1156 387 1215 enirn
409 1153 494 1212 facile
517 1158 608 1227 atque
632 1157 778 1214 mediocre
802 1162 848 1214 est
872 1156 1007 1213 animum
1062 1152 1156 1220 labor,
1172 1157 1205 1209 ut
1220 1149 1331 1223 aliquis
1352 1151 1411 1209 sibi
1435 1156 1586 1214 Christum
1611 1157 1764 1231 acquirat3
1781 1175 1818 1215 na
1832 1157 1896 1215 siub

174 1248 304 1316 nccare,
319 1260 452 1303 resecare
480 1244 669 1317 cupiditates,
694 1246 830 1302 edomare
849 1245 947 1302 carnis
964 1243 1007 1301 la·
1062 1244 1260 1315 gubernatore
1274 1240 1360 1311 quasi
1377 1244 1462 1301 navis
1476 1244 1506 1302 in
1522 1245 1621 1304 saculi
1637 1247 1723 1303 istius
1743 1245 1805 1303 salo
1821 1248 1897 1303 ilun-

132 1390 134 1399 ,
176 1337 309 1403 sciviam,
326 1348 518 1392 averruncare
534 1333 682 1391 luxuriam
707 1336 757 1406 (4),
782 1353 845 1407 ques
862 1352 1006 1409 repugna·
1062 1335 1133 1388 tuat.
1150 1330 1285 1403 Denique
1299 1331 1426 1402 apostoli
1445 1335 1545 1392 tristes
1559 1340 1654 1404 eraut,
1681 1353 1749 1392 cum
1765 1351 1797 1392 sa
1811 1334 1895 1391 Chri-

176 1428 228 1484 bat
255 1428 284 1482 et
314 1423 413 1493 Paulo,
451 1426 486 1479 ut
523 1422 672 1495 captivum
710 1425 765 1479 snb
804 1424 914 1496 peccati
944 1422 1007 1495 lega
1062 1419 1179 1477 stusad
1195 1420 1313 1475 Patrem
1333 1421 1497 1479 rediturum
1520 1440 1584 1480 csse
1609 1426 1796 1491 memoraret,
1814 1426 1892 1497 quod

177 1513 412 1587 constringeret),
437 1512 514 1568 sicut
536 1511 663 1584 gratiam
694 1512 723 1567 in
755 1511 792 1567 iis
824 1512 874 1584 qui
898 1513 1007 1567 virtute
1063 1508 1893 1584 absenterectoredestituiseputarentflaudinrntlbri-

178 1606 390 1679 processerant,
430 1598 637 1656 mirabantur:
678 1598 719 1654 ite
749 1600 837 1654 etiam
876 1617 912 1656 ne
940 1600 1007 1671 quis
1062 1601 1177 1653 tuaest.
1194 1597 1689 1673 lpseestetpuerquemparturit,
1703 1600 1795 1674 quiin
1809 1604 1893 1657 utero

177 1692 358 1751 relaberetur
379 1689 409 1743 in
438 1687 518 1756 vitia,
548 1688 585 1743 de
614 1686 770 1759 superiore
797 1687 941 1744 virtutum
957 1688 1007 1743 de·
1063 1700 1124 1739 sua
1139 1683 1249 1739 mentis
1264 1684 1376 1758 accepit
1390 1686 1527 1758 spiritum
1538 1686 1653 1744 salotis.
1666 1688 1721 1752 Oui
1736 1689 1894 1762 pepererit,

173 1783 272 1855 jactus
289 1778 414 1851 lastigie.
430 1778 701 1834 commovebantur.
720 1772 861 1833 Proclivis
886 1775 965 1833 eninr
980 1780 1009 1833 at
1062 1775 1093 1827 et
1102 1770 1267 1838 enutrierit,
1283 1771 1429 1830 exsultat:
1445 1774 1496 1845 qni
1516 1775 1636 1848 paturit,
1652 1776 1789 1847 quatitur
1804 1781 1894 1849 atque

178 1868 332 1929 mutabilis
346 1868 376 1923 iu
399 1871 558 1937 utrumque
584 1868 631 1922 est
655 1864 793 1921 humana
815 1864 1009 1921 conditio:ut
1064 1860 1284 1933 compungitur.

179 1973 355 2033 quocunque
383 1954 550 2024 intenderit,
581 1969 616 2011 eo
654 1954 738 2010 944)
775 1954 955 2027 propendeat
982 1957 1012 2010 et
1101 1948 1338 2007 transumere
1358 1955 1392 2007 ut
1414 1956 1444 2008 st
1464 1952 1575 2025 parias,
1604 1956 1634 2008 et
1656 1951 1788 2009 enutrias
1812 1968 1893 2008 eum.

179 2044 339 2123 vergatvel
354 2046 390 2101 ad
406 2043 505 2102 studia
523 2042 676 2108 virtutum,
701 2039 751 2099 vel
778 2043 814 2099 ad
844 2040 1010 2099 illecebram
1067 2059 1082 2087 «
1097 2037 1138 2094 Ne
1159 2054 1269 2111 coquas
1288 2054 1400 2111 agnum
1424 2040 1455 2094 in
1483 2039 1557 2096 lacte
1581 2040 1686 2096 matris
1709 2056 1771 2096 suas
1786 2041 1891 2113 (daed.

180 2135 365 2195 delictorum.
1064 2143 1148 2193 arrii,
1163 2128 1219 2198 19),
1237 2149 1252 2177 u
1266 2144 1303 2184 ne
1318 2128 1435 2185 dicutur
1448 2128 1522 2186 tibi:
1539 2150 1554 2179 e
1568 2132 1619 2184 Vae
1632 2128 1663 2185 iu
1682 2132 1766 2185 utero
1782 2129 1895 2186 habeu-

216 2223 295 2280 atat
309 2222 372 2279 ideo
386 2236 445 2277 nou
456 2217 596 2275 mediocri
609 2214 822 2289 quatiebantur
835 2218 939 2275 ellectu
952 2234 960 2286 3
971 2218 1013 2274 ita
1066 2216 1146 2272 tibus
1161 2219 1190 2271 et
1203 2216 1403 2275 nutrientibus
1417 2217 1521 2290 (uun.
1542 2234 1619 2286 xxrv,
1648 2217 1703 2290 49).
1721 2240 1736 2267 »
1751 2217 1800 2275 Sic
1814 2217 1893 2275 euim

182 2316 217 2371 ut
230 2328 265 2369 aa
278 2309 435 2368 formidine
448 2312 558 2365 tremor
583 2304 818 2379 apprehenderet
835 2322 896 2373 eos,
912 2306 1011 2363 consi·
1066 2304 1200 2362 Christus
1220 2309 1307 2362 natus
1331 2312 1376 2363 est
1399 2322 1434 2362 ex
1461 2306 1564 2374 Maria,
1589 2308 1623 2362 ut
1645 2322 1790 2378 agnoscas
1809 2322 1889 2374 eum,

183 2402 319 2458 derantss
333 2398 404 2455 illud
421 2397 500 2470 quod
513 2395 658 2468 scripturn
673 2398 738 2450 est:
765 2394 839 2461 Quia
851 2418 866 2447 a
891 2395 923 2451 in
939 2393 1012 2452 locis
1065 2393 1144 2451 sicut
1155 2394 1208 2450 bos
1222 2395 1341 2468 agnovit
1354 2411 1555 2469 possessorem
1570 2410 1678 2453 suum:
1695 2399 1724 2452 ct
1734 2397 1814 2454 scias
1824 2394 1896 2469 quia

183 2488 342 2563 impiorum
366 2485 560 2561 ingemiscent
578 2482 655 2555 justi
679 2482 771 2555 (Pron.
795 2501 895 2553 xxvrn,
921 2484 977 2558 28).
994 2507 1009 2536 a
1066 2484 1129 2556 ipse
1143 2488 1171 2540 ta
1185 2484 1303 2555 creavit,
1318 2487 1347 2541 et
1362 2486 1490 2557 majores
1504 2487 1572 2541 tuos
1589 2484 1654 2557 ipsc
1668 2486 1813 2557 possedit.
1829 2484 1894 2541 Non

183 2576 315 2651 Denique
336 2576 402 2633 vide
424 2573 498 2632 mihi
523 2574 640 2631 Petrum
664 2572 852 2629 amarissima
878 2572 1010 2642 flentem,
1065 2571 1895 2646 eumquasiparvulumuutrias,sedquasiverumatque

184 2667 262 2741 quod
278 2665 304 2723 ei
318 2681 398 2723 error
412 2661 593 2736 obrepserit;
609 2664 639 2718 et
657 2659 797 2717 virtutem
820 2678 879 2718 sue
902 2664 1010 2721 mentis
1064 2662 1228 2735 perlectum
1242 2661 1335 2719 Derim
1356 2678 1392 2718 ex
1414 2677 1483 2718 varo
1506 2674 1537 2718 at
1557 2660 1684 2735 perlecto
1698 2662 1761 2719 Deo
1777 2661 1893 2719 noveris

182 2754 368 2830 prolapsione
389 2768 533 2827 corporee
552 2746 720 2824 fragilitatis
735 2748 897 2806 inflexerit:
922 2750 1010 2807 mari·
1064 2750 1497 2823 adorandumfficcnmltlagus
1511 2750 1651 2820 adoravit,
1661 2756 1695 2805 ut
1708 2751 1894 2809 noniulacte

181 2849 271 2919 toque
285 2860 302 2899 a
316 2842 430 2899 Christo
449 2857 541 2914 supra
554 2854 620 2897 csse
635 2836 847 2911 reprehensum
863 2838 914 2910 (5),
930 2840 1008 2911 quod
1064 2837 1893 2912 matrisagnumcoquerot,sedquasiDeumveuerarstur

182 2932 320 2990 ausussit
331 2946 474 3005 usurpare
487 2927 695 3001 causantium,
708 2942 761 2987 nac
771 2926 927 2984 obnoxiam
939 2944 1009 2985 ocn-
1064 2934 1215 2988 aurnum.
1233 2928 1363 3001 lienique
1376 2934 1407 2984 ut
1430 2942 1498 2984 eum
1524 2926 1677 2997 inveniret,
1691 2929 1770 2986 941
1785 2927 1892 2986 natum

182 3020 462 3079 siderareuaturam.
475 3016 695 3090 dtbicquidem
709 3032 760 3089 per
774 3015 900 3089 gratiam
912 3032 1009 3074 amau·
1064 3018 1232 3093 aspiciebat.
1248 3017 1311 3073 Non
1327 3032 1396 3091 ergo
1421 3016 1612 3089 querebatis
1637 3016 1737 3088 terris,
1753 3020 1893 3091 quamde

182 3109 261 3167 davit
273 3125 421 3179 errorem;
438 3108 490 3165 sad
504 3099 598 3164 ludas
614 3104 724 3162 mansit
746 3105 776 3161 in
792 3104 924 3174 crimine,
941 3122 1007 3179 per·
1062 3104 1258 3177 coelolulgens
1268 3103 1354 3161 stella
1364 3106 1559 3161 monstrabat.
1570 3105 1717 3161 ldeoeum
1727 3106 1889 3165 Marianon

183 3197 322 3256 asseravit
337 3198 366 3253 in
382 3196 505 3271 gemitu.
521 3196 626 3253 iustus
641 3198 703 3251 erat
717 3210 784 3251 cum
806 3194 1006 3267 apostolorum
1062 3193 1228 3270 parturivit,
1242 3194 1293 3250 sed
1309 3192 1431 3267 peperit,
1448 3193 1519 3266 quia
1543 3198 1573 3250 et
1593 3194 1754 3251 Dominum
1766 3199 1796 3253 et
1810 3195 1891 3253 salu-

183 3288 494 3359 numeronecteretur:
504 3283 555 3341 sed
565 3281 852 3356 quiasuppleuiatns
868 3283 1006 3343 adiabolo
1022 3268 1046 3337 C
1063 3291 1127 3342 tare
1141 3283 1253 3340 sciebat
1266 3299 1301 3339 cx
1314 3298 1347 3338 se
1360 3297 1425 3338 esse
1440 3282 1652 3355 generandum,
1674 3282 1754 3340 sicut
1767 3283 1833 3356 ipsa
1845 3290 1890 3343 ts-

183 3380 239 3444 est,
253 3376 284 3433 in
299 3374 371 3433 locis
386 3390 465 3431 nunc
480 3371 615 3445 deplorat
633 3374 663 3427 et
686 3369 811 3443 ingemit
828 3370 1006 3443 impiorum;
1064 3376 1160 3430 statur
1172 3372 1274 3429 dicens
1285 3389 1293 3428 :
1306 3394 1322 3421 a
1338 3370 1507 3443 Magnificat
1519 3372 1618 3428 anima
1633 3388 1699 3429 mea
1708 3372 1888 3431 Dominum:

184 3465 262 3538 quod
278 3465 314 3521 de
328 3463 423 3536 gratia
438 3462 478 3519 sit
498 3460 633 3534 relapsus
656 3457 692 3515 ad
716 3474 843 3531 paenam.
869 3458 944 3531 llrgo
960 3476 1007 3517 ca·
1063 3465 1093 3517 et
1107 3461 1220 3517 letatus
1233 3463 1279 3516 est
1293 3459 1415 3530 spiritus
1434 3476 1519 3518 meus
1542 3460 1573 3517 in
1597 3459 1656 3518 Deo
1682 3460 1805 3519 salutari
1822 3478 1887 3520 men

184 3552 321 3609 dentibus
334 3548 507 3623 hujusmodi
521 3547 603 3616 viris,
624 3545 720 3618 qualis
742 3545 798 3601 luit
813 3544 944 3618 proditor
956 3546 1008 3603 Ju·
1063 3550 1138 3620 (lca
1157 3564 1177 3611 r,
1201 3548 1246 3613 46,
1272 3546 1327 3617 47).
1358 3568 1372 3594 v
1401 3547 1443 3601 lbi
1472 3564 1541 3621 ergo
1570 3548 1686 3606 dolores
1713 3548 1792 3607 sicut
1819 3568 1887 3623 par-

181 3638 304 3706 das,vel
320 3632 1007 3708 SaulaDominoDecsuoaccitusadrsgnum,
1062 3634 1209 3692 turisntis.
1236 3633 1323 3689 Dolor
1346 3637 1392 3690 ast
1419 3638 1453 3689 ut
1480 3636 1639 3708 parturias,
1668 3636 1754 3695 dolor
1781 3641 1827 3697 est
1855 3642 1889 3695 ut

181 3725 270 3782 etiarn
283 3724 373 3781 sortes
386 3724 439 3781 viri
450 3723 647 3797 trepidabant.
1063 3723 1205 3794 enutrias,
1220 3738 1309 3795 quem
1324 3721 1352 3777 iu
1370 3720 1514 3796 principio
1538 3723 1628 3781 debes
1653 3724 1762 3782 babere
1776 3728 1888 3799 perlec-

215 3814 260 3869 10.
275 3812 368 3883 (Vere.
384 3813 425 3885 7.)
440 3811 628 3873 Contereutes
644 3811 772 3884 denique
787 3814 899 3884 quanto
914 3815 1008 3869 certa·
1063 3817 1138 3870 tum.

177 3900 258 3959 miae
272 3900 480 3975 perveniretur
495 3902 532 3958 ad
556 3900 655 3969 finem,
678 3906 794 3973 quanta
818 3898 1008 3960 contritiones
1099 3904 1143 3959 ¹2.
1158 3899 1253 3974 (Vere.
1270 3898 1309 3970 8.)
1335 3898 1463 3969 Ideoque
1485 3898 1618 3972 plerique
1645 3900 1772 3973 graviter
1789 3905 1889 3959 muts·

174 3991 338 4063 iustorum,
358 3993 476 4064 quante
500 3990 724 4059 sollicitudines,
749 3988 848 4062 quatis
872 3990 1007 4048 adversa·
1063 3995 1180 4057 ructus,
1196 3986 1445 4045 sicutversieulus
1461 3988 1888 4063 significatqniseeutusest:

180 4079 254 4147 rius,
278 4082 391 4152 quanta
414 4077 555 4137 diuturno
579 4079 678 4137 labore
705 4078 864 4147 annuntio,
889 4083 1007 4151 quantae
1063 4104 1078 4132 «
1095 4082 1126 4137 ln
1143 4077 1249 4153 spiritu
1264 4075 1431 4135 vehementi
1452 4081 1586 4135 conwras
1611 4082 1701 4136 naves
1724 4076 1857 4163 'l'baqsis
1875 4101 1890 4128 a

180 4166 392 4227 amaritudines
411 4168 560 4241 prepositi
589 4168 709 4225 terreris
734 4168 785 4239 (dt,
808 4184 874 4241 qua
889 4167 1008 4225 vincula
1063 4170 1137 4227 Nam
1152 4169 1223 4225 dnm
1238 4168 1275 4224 ad
1285 4165 1351 4223 tidei
1363 4166 1570 4238 perlectionem
1584 4169 1633 4225 Dei
1644 4166 1749 4225 famuli
1759 4167 1891 4241 pervari-

181 4256 376 4321 cnntincntiae,
401 4272 465 4329 qua
492 4254 676 4313 conscientie
706 4257 837 4326 verbera,
863 4273 921 4313 non
946 4274 1008 4314 me·
1064 4255 1891 4329 redasiderant,commacerantcnrpussuum,castigan·

181 4344 319 4403 diocriter
333 4343 606 4412 conturbabantur3
622 4359 658 4399 ne
674 4342 742 4415 quis
764 4344 855 4401 tantis
867 4342 911 4401 vel
927 4344 1007 4403 labo·
1063 4344 1452 4417 doseverins,etredigendo
1467 4344 1496 4400 in
1514 4343 1711 4403 ministerium
1721 4344 1890 4413 servitutis;

182 4432 264 4493 ribus
278 4432 342 4490 vite
356 4432 528 4491 austerioris
542 4432 666 4497 cederet,
688 4430 731 4489 vel
755 4431 917 4490 doloribus.
934 4433 1010 4491 Sunt
1063 4454 1101 4495 ne
1116 4435 1309 4509 reprobentur
1319 4433 1368 4504 qai
1381 4433 1567 4504 lucrantJam
1580 4434 1705 4508 probati.
1723 4434 1891 4492 llocautem

184 4523 262 4579 enirn
275 4521 440 4579 ibidolores
449 4520 545 4579 acerbi
557 4525 697 4593 etgraves
708 4519 753 4588 ;id
763 4524 819 4591 est,
828 4520 856 4577 in
867 4520 1006 4591 Ecclesia,
1063 4526 1176 4582 faciunt
1191 4523 1221 4578 in
1236 4520 1346 4595 Spiritu
1362 4526 1464 4577 sancto
1485 4521 1582 4579 valido
1603 4528 1691 4597 atque
1712 4523 1893 4580 vehementi.

185 4610 214 4667 in
229 4610 280 4669 illa
294 4611 409 4668 civitate
425 4610 512 4683 Regis
527 4608 627 4682 magui
642 4612 712 4665 suut
726 4608 852 4678 dolores,
866 4612 936 4667 acor
947 4628 1009 4684 par·
1023 4631 1049 4696 Ι)
1063 4616 1115 4671 list
1128 4613 1207 4670 enim
1221 4610 1344 4683 spiritus
1360 4609 1475 4667 consilii
1490 4614 1579 4684 atqua
1603 4614 1733 4680 virtutis,
1749 4617 1783 4669 ut
1797 4612 1893 4669 nimia

184 4701 322 4766 luricatis,
338 4699 430 4756 donec
444 4699 588 4757 formetur
601 4698 738 4755 Christus
752 4698 782 4753 in
799 4698 895 4756 nobis.
910 4698 1011 4773 Neque
1066 4698 1243 4759 abstinentis
1265 4699 1429 4756 dissolvant
1450 4716 1557 4773 corpus
1581 4718 1680 4770 suum,
1706 4719 1765 4774 quo
1788 4716 1892 4757 omnes

186 4788 263 4845 eninr
279 4788 343 4845 siue
358 4787 458 4846 dolore
473 4788 581 4846 Paulus
596 4792 668 4856 arat,
689 4802 757 4843 cum
781 4786 892 4845 videret
906 4787 936 4844 in
952 4790 1011 4847 Ga·
1065 4793 1131 4863 ejus
1145 4787 1475 4862 evacuentvoluptates3
1493 4793 1525 4845 ut
1537 4790 1741 4849 dicaturillis:
1760 4787 1892 4844 «Conva-

186 4876 253 4935 latis
269 4875 477 4950 insipientibus
491 4876 630 4936 doctrinae
646 4894 706 4935 sue
725 4874 882 4933 tardiorem
898 4878 1009 4949 prolec-
1065 4880 1176 4947 lescite,
1202 4892 1309 4934 manus
1331 4878 1471 4945 remissa,
1494 4882 1524 4935 et
1547 4895 1644 4952 genua
1664 4877 1811 4934 dissoluta
1826 4876 1892 4947 (lan.

188 4968 265 5027 tum.
282 4966 408 5039 Ideoque
422 4966 553 5025 dicebat:
570 4988 585 5017 «
602 4964 697 5023 lilioli
723 4963 790 5033 mei,
807 4982 881 5038 quos
905 4966 1010 5024 iterum
1066 4986 1149 5036 xxxv,
1164 4968 1203 5039 3).
1219 4988 1234 5017 u
1258 4967 1331 5023 Cum
1354 4966 1434 5025 cuim
1456 4966 1571 5024 solutus
1595 4966 1663 5040 quis
1685 4964 1821 5023 lueritab
1836 4964 1896 5022 ista

223 5143 262 5216 (4)
276 5144 384 5203 Omnes
399 5144 469 5201 edit.
486 5144 515 5200 in
531 5146 678 5209 contextu,
705 5158 836 5200 evacuare
858 5143 1010 5201 tamaricen.
1073 5147 1161 5204 verba
1175 5144 1306 5217 proxime
1320 5141 1473 5215 sequeutia
1486 5142 1622 5198 videntur
1642 5142 1797 5198 catamare
1811 5154 1895 5212 aper·

188 5216 296 5273 Omnes
311 5233 383 5272 mss.
400 5232 433 5272 ac
448 5220 502 5271 vet.
516 5215 586 5271 edit.
604 5215 634 5271 in
649 5213 794 5285 margine,
810 5229 1012 5283 cumamarer
1073 5226 1134 5277 tam
1151 5217 1230 5272 illam
1246 5214 1501 5287 reprehensionem
1518 5229 1583 5285 quie
1597 5212 1673 5271 Petri
1684 5212 1801 5286 lapsum
1817 5217 1896 5269 ante·

189 5288 244 5345 hoc
260 5292 316 5355 est,
331 5302 422 5343 runca
442 5302 492 5343 scu
509 5286 623 5343 surculo
638 5284 828 5343 exscindere:
855 5284 1014 5359 improprie
1071 5294 1211 5357 cesserat,
1227 5284 1397 5357 signiticari.
1418 5286 1600 5356 Quapropter
1622 5284 1747 5341 aliorum
1764 5299 1837 5341 mss.
1853 5282 1895 5339 le-

189 5376 267 5426 vero,
283 5362 411 5415 avertere
423 5373 456 5413 ac
471 5355 627 5430 depellere,
644 5362 676 5412 ut
699 5354 850 5413 averrunci
868 5357 946 5429 apud
961 5376 1013 5417 au·
1071 5364 1198 5419 ctionem
1213 5354 1415 5413 antetulimus.

190 5430 289 5503 tiques
304 5428 476 5485 dicebantur
490 5428 633 5486 maiorum
648 5426 830 5500 depulsores.
1107 5434 1146 5503 (a)
1163 5430 1248 5496 lidia,
1262 5428 1396 5499 propositi
1415 5427 1544 5482 terroris.
1567 5425 1638 5483 Mas.
1663 5441 1730 5484 vcro
1749 5424 1809 5494 alii,
1822 5443 1896 5499 pru·

228 5502 267 5573 (5)
283 5499 401 5555 Cuncta
411 5498 480 5566 edit,
492 5516 525 5555 ec
536 5500 611 5555 duos
623 5516 707 5565 mse,
718 5496 768 5571 sup
789 5514 859 5555 resse
869 5500 1012 5571 rcpreircn-
1070 5506 1157 5578 positi
1170 5500 1303 5565 terroris,
1320 5494 1381 5565 alii,
1394 5499 1538 5567 proepositi
1550 5499 1662 5554 errores.
1678 5498 1740 5554 Nan
1757 5497 1854 5567 male;
1870 5496 1896 5553 si

192 5586 264 5625 aum.
282 5568 336 5625 Ubi
353 5572 447 5641 potest
462 5569 566 5628 allusio
580 5570 641 5627 lieri
656 5571 693 5627 ad
708 5516 786 5626 illuri)
798 5570 867 5641 Luc,
878 5574 986 5639 xxrr,til
1004 5593 1010 5630 :
1074 5580 1183 5632 retbras
1198 5572 1233 5626 ad
1249 5584 1375 5624 errorem
1391 5568 1485 5634 tuda,
1503 5568 1547 5625 val
1568 5568 1722 5625 similium.
1745 5570 1800 5628 Sed
1816 5570 1896 5641 prior

193 5644 225 5699 st
247 5656 389 5697 conuersas
410 5642 541 5699 Dominus
564 5643 839 5715 vespertinarum
863 5642 917 5699 hoc
935 5645 1012 5702 enirn
1069 5664 1123 5704 voa
1146 5639 1335 5716 preferenda,
1359 5641 1397 5695 ob
1420 5656 1455 5696 ca
1478 5657 1542 5713 quae
1566 5642 1603 5697 de
1625 5640 1775 5698 doloribus
1800 5639 1894 5711 subji-

194 5713 342 5787 quoddam
357 5712 450 5771 tacite
461 5713 696 5788 reprehensionis
707 5730 801 5789 genus
812 5716 866 5771 est.
877 5716 1013 5775 Attamen
1068 5719 1196 5776 ciuntur.
