4159 6184
232 296 303 356 -ldl
974 295 1006 354 S.
1031 290 1219 353 Annunsu
1776 290 1780 295 ’
1889 294 1948 359 13Ξ

246 427 401 497 Hilarium,
420 426 636 485 Ambrosium..
649 467 655 483 .
666 424 715 499 qui
731 423 830 495 rugitu
845 439 899 480 suo
914 422 1067 481 hereticos
1080 430 1108 493 A
1121 421 1750 551 Ambssffllrsrffilfflffilissllgsdffistfftpffigrgi
1765 487 1835 552 mu,

1828 503 1836 537 ¹
1845 502 1853 550 ἔ

245 532 347 573 ⁰¹¹¹¹¹⁶⁵
361 517 577 619 deterruerunt·
839 604 843 615 Ι
1187 546 1259 597 Felix
1272 547 1295 596 si
1311 548 1414 619 potaris
1427 547 1538 607 discere,
1549 551 1626 610 scire,
1641 550 1728 613 sequi.

352 607 452 664 lncertr
470 624 506 663 ex
528 622 577 661 ms.
603 604 721 660 Colhert:
736 620 801 659 unu.
816 619 882 659 carc.
898 603 960 657 600.
1123 608 1257 659 Ambrosii
1274 609 1380 673 scriptis
1394 609 1550 673 perducitur
1563 612 1596 661 ad
1608 611 1729 671 meliors,

280 696 374 748 Audeo
389 710 457 761 quos
471 693 565 744 humili
580 704 673 740 versus
688 689 855 739 subscribere
870 686 946 754 stylo,
1187 671 1301 745 Quidue
1315 673 1415 744 scripta
1429 672 1503 745 lauit.
1519 678 1546 723 et
1557 674 1620 724 lacit
1633 674 1736 749 absque
1751 687 1836 727 mora.

307 762 340 811 Mi
355 762 432 818 lecto,
447 757 503 808 noli
519 755 616 805 ducere
632 752 786 815 pronihilo.
1123 733 1294 783 Ambrosium
1310 734 1401 796 leprtu,
1415 748 1439 783 ss
1452 741 1514 785 vitra
1528 750 1628 798 pascua
1661 750 1758 786 urens:

244 827 337 878 Dium
352 823 422 886 cogit
436 832 512 869 amor
525 830 576 875 me,
594 828 653 879 qum
668 814 771 877 loquor,
786 814 988 873 Ambrosianus,
1145 857 1150 868 ¹
1174 797 1251 868 ,Qua
1266 792 1348 859 legis,¹
1358 796 1416 847 irasc
1429 796 1529 857 tacito,
1545 804 1648 871 sicque·
1670 806 1746 849 estus
1759 798 1822 848 eris.

306 892 354 940 Cui
369 884 468 935 servire
482 882 556 945 eupit
569 890 646 929 niens
658 891 727 933 mea.
742 876 844 941 lingua,
867 890 973 935 manus,
1123 858 1196 907 Frnrs
1211 858 1287 908 adest
1298 873 1304 919 ;
1317 872 1418 909 munus
1432 864 1541 922 prestet
1554 874 1600 924 qur
1615 864 1702 911 trinus
1716 865 1741 911 et
1756 874 1830 911 uuus

244 950 433 1015 anicunque
448 944 505 993 mi„
518 941 636 1006 pmdm
650 940 749 1004 gaudi,
760 953 832 997 vem,
1184 920 1216 971 Se
1233 920 1308 977 mibi,
1324 922 1415 985 sicque
1430 923 1490 985 pius
1504 924 1623 986 postulet
1635 924 1800 975 Ambrosius.

243 1107 1945 1149 m

486 1259 541 1367 tu
571 1252 687 1381 ,Sex
722 1249 921 1366 LIBROS
954 1248 1353 1363 fluxuuuuutu
1387 1252 1722 1365 subustus).

276 1594 466 1651 Observatum
490 1586 552 1658 jam
575 1582 687 1647 multis,
718 1582 796 1655 quod
812 1585 841 1637 et
855 1598 901 1637 res
918 1580 982 1653 ipsa
996 1579 1116 1651 clamat,
1130 1579 1356 1637 Ambrosianum
1373 1581 1452 1638 huuc
1478 1582 1577 1639 lectum
1598 1584 1784 1641 sermonibus
1799 1590 1943 1659 constare,

240 1684 349 1760 quibus
373 1682 493 1736 sanctus
509 1675 614 1730 Ductor
629 1669 737 1746 populo
753 1669 964 1727 Mediolanensi
980 1684 1078 1725 rerum
1094 1669 1271 1727 creationem
1286 1671 1429 1743 exposuit.
1446 1671 1506 1728 llos
1530 1672 1676 1729 notarium
1703 1673 1832 1747 aliquem
1846 1693 1881 1734 ex
1894 1693 1945 1735 οη

240 1770 363 1832 dicentis
377 1765 526 1839 excepisse
541 1762 721 1818 arbitrantur
745 1757 889 1827 nonnulli,
920 1775 954 1814 ex
980 1758 1086 1831 primis
1111 1759 1257 1815 sermonis
1285 1760 1377 1816 octavi
1404 1760 1500 1817 verbis
1515 1760 1713 1832 conJecturum
1729 1764 1875 1836 capientes
1890 1783 1898 1822 ε
1914 1770 1945 1822 at

239 1866 317 1920 certe
332 1855 503 1915 Ambrosius
514 1852 577 1924 jam
593 1848 798 1923 pronuntiatos
824 1845 898 1920 stylo
915 1846 1062 1915 astrinxit,
1088 1862 1122 1902 ac
1135 1846 1165 1902 in
1192 1864 1268 1914 eam,
1297 1865 1355 1921 qua
1382 1847 1638 1917 circumferuntur,
1660 1852 1804 1909 tractatus
1819 1852 1944 1911 sormam

240 1946 435 2008 concinnavit.
452 1943 578 2015 lpsemet
593 1937 671 1995 euim
687 1935 845 1993 Orontiano
872 1935 994 1991 diacono
1008 1934 1104 2006 (Epist.
1120 1934 1286 2008 adorent),
1302 1936 1338 1992 ad
1354 1952 1441 2009 quem
1469 1935 1546 1993 sicut
1574 1938 1653 1993 etad
1674 1938 1817 1995 Sabinum
1831 1941 1943 2014 apim.

240 2056 310 2114 pum
326 2037 381 2094 boc
396 2034 473 2089 idem
488 2046 562 2103 opus
578 2028 668 2092 misit,
684 2026 827 2093 scribens,
844 2025 1039 2081 llexaemeron
1055 2040 1225 2081 sunmsase
1250 2041 1386 2083 exarasse
1409 2025 1565 2099 signifieat
1594 2027 1735 2083 llamdem
1757 2045 1818 2086 rem
1832 2029 1863 2085 in
1877 2029 1944 2088 aliie

239 2143 356 2203 quoque
368 2122 453 2179 libris
468 2121 531 2192 ipse
546 2116 701 2175 laetitabit
716 2115 816 2187 Neque
831 2112 965 2181 dubium,
981 2111 1023 2167 illi
1038 2112 1094 2169 boc
1110 2113 1174 2170 ideo
1188 2130 1245 2169 usu
1261 2114 1368 2182 venire,
1384 2118 1415 2171 et
1427 2114 1590 2171 amicorum
1605 2118 1639 2171 ut
1658 2115 1870 2190 obsequentur
1892 2135 1943 2177 vo.

238 2215 358 2282 luntati,
373 2216 603 2279 caeterorumque
618 2202 852 2260 Christianorum
869 2201 986 2258 utilitati
995 2200 1179 2269 consuleret,
1194 2208 1223 2258 et
1237 2202 1293 2258 sibi
1308 2219 1344 2258 ne
1359 2202 1470 2275 imponi
1486 2207 1585 2275 posset
1599 2220 1617 2259 a
1631 2204 1763 2262 notariis.

274 2302 361 2377 Operi
377 2315 430 2357 sno
446 2302 555 2353 Auctor
568 2294 630 2367 ipse
645 2290 764 2349 titulum
780 2291 978 2348 Hexaemeron
1007 2288 1115 2346 indidit
1143 2291 1240 2363 (Epist.
1266 2291 1301 2347 ud
1315 2290 1410 2348 Sabin.
1426 2300 1452 2348 et
1467 2292 1583 2364 Orout.),
1599 2291 1744 2365 illudque,
1759 2292 1784 2349 ei
1799 2292 1872 2350 fidon
1886 2294 1942 2351 ha.

238 2394 335 2451 benda
350 2406 422 2447 mss.
440 2388 468 2443 in
485 2383 594 2459 quibus
609 2380 747 2439 omuibus
762 2379 856 2453 legere
871 2383 926 2446 est,
942 2380 1063 2451 tepticit
1077 2378 1137 2435 dies
1163 2381 1281 2451 pomus.
1312 2381 1411 2452 incipit
1426 2379 1483 2435 dr'es
1510 2380 1654 2447 earnem,
1679 2385 1710 2436 et
1724 2381 1766 2437 ita
1779 2382 1816 2439 de
1829 2381 1942 2439 ceteris

238 2485 267 2540 in
284 2499 335 2540 sex
358 2480 422 2535 dies
437 2474 545 2533 divisit.
560 2470 699 2545 Congruit
721 2468 841 2542 quidem
857 2467 941 2524 titulo
957 2484 1021 2533 suo,
1043 2468 1240 2542 universoque
1253 2468 1334 2542 operi
1349 2469 1472 2525 divisio:
1488 2469 1540 2525 sed
1552 2471 1622 2524 'cum
1633 2469 1698 2541 jam
1713 2470 1781 2527 inde
1795 2486 1812 2525 a
1825 2471 1941 2529 Cassio·

237 2571 301 2631 duri
317 2564 460 2627 senatoris
475 2560 657 2645 temporibus
673 2574 723 2615 sex
738 2558 767 2613 in
783 2556 875 2613 libros
899 2557 1092 2613 distributum
1122 2556 1213 2613 luisse
1242 2561 1390 2631 appareat,
1407 2560 1469 2613 tam
1484 2556 1613 2632 antiquas
1631 2557 1767 2614 divisioni
1782 2562 1811 2614 et
1823 2558 1861 2615 ab
1874 2559 1942 2632 ipso

235 2657 393 2718 Ambrosio
407 2656 505 2712 lorsan
521 2650 654 2725 prolectas
670 2648 832 2721 quidquam
848 2646 1005 2702 immutare
1019 2646 1115 2701 visum
1131 2662 1191 2701 non
1206 2650 1261 2701 est.

271 2747 387 2808 Ductori
403 2748 503 2801 nostro
529 2739 695 2813 Origenem,
724 2735 911 2809 Hippolytum
943 2750 975 2790 ac
1003 2732 1144 2790 basilium
1174 2732 1204 2787 iu
1231 2733 1286 2789 boe
1300 2737 1473 2807 argumento
1488 2732 1635 2807 praeivisse
1649 2734 1733 2790 docet
1746 2733 1941 2809 Hieronymus

235 2841 323 2913 (Epist
337 2836 372 2892 ud
397 2830 555 2889 Pammenis.
582 2843 671 2899 supra
686 2824 757 2896 cit).
774 2823 848 2887 Ouid
864 2826 962 2879 autem
986 2821 1165 2893 aprioribus
1179 2821 1295 2877 duobus
1311 2825 1463 2879 mutuatus
1479 2821 1525 2891 sit,
1541 2838 1609 2879 cum
1630 2821 1742 2878 laudati
1756 2839 1857 2880 eorum
1871 2823 1941 2881 libri

236 2928 273 2984 ad
288 2928 402 2982 aetatem
418 2924 559 2986 nostram,
576 2919 608 2970 ut
623 2914 654 2969 in
682 2911 851 2969 Praelatioue
877 2910 988 2966 dictum
1017 2912 1072 2976 est,
1088 2909 1210 2966 minime
1225 2911 1417 2981 pervenerint,
1433 2908 1508 2966 scire
1528 2928 1586 2967 non
1603 2927 1762 2983 possumus
1777 2930 1784 2968 :
1800 2929 1816 2969 a
1831 2912 1940 2970 Basilio

236 3029 303 3073 vero
318 3016 352 3067 ut
364 3024 432 3065 eum
448 3022 536 3078 quam
552 3002 680 3076 plurima
708 2998 872 3072 sumpsisse
900 2998 1131 3070 haudquaquam
1157 2998 1342 3067 inficiamur3
1358 3000 1415 3055 ists
1429 2999 1573 3056 serviliter
1586 2998 1665 3055 illius
1680 3016 1769 3073 opera
1789 2999 1939 3059 imitatum

237 3118 312 3167 esse,
328 3092 479 3169 autquasi
495 3091 642 3148 tralatoris
657 3088 753 3145 olllcio
769 3088 901 3143 iunctum
917 3102 1123 3160 pernegamus.
1139 3087 1292 3144 Enimvero
1310 3089 1365 3145 etsi
1395 3089 1562 3162 frequenter
1576 3087 1656 3145 illius
1672 3088 1783 3146 insistit
1795 3091 1938 3165 vestigiis,

238 3193 274 3250 ab
290 3190 334 3247 eis
348 3193 447 3245 tamen
463 3198 539 3255 sepe
552 3178 659 3253 sepius
675 3177 800 3233 recedit:
817 3177 925 3249 quippe
939 3176 990 3250 qui
1005 3176 1105 3246 addat,
1131 3177 1254 3244 adimat,
1266 3181 1458 3251 transponat;
1475 3177 1534 3235 imo
1549 3194 1603 3234 nec
1618 3176 1753 3252 religioni
1768 3179 1855 3236 ducat
1869 3197 1939 3238 con.

237 3280 329 3339 traria
339 3276 449 3335 sentire
463 3269 570 3328 Basilio
590 3268 653 3339 (lib.
670 3284 712 3333 ur,
726 3282 751 3323 c.
769 3271 803 3335 i;
820 3265 871 3322 lib.
888 3282 927 3337 vv,
944 3283 969 3322 c.
984 3268 1021 3334 7;
1038 3264 1089 3322 lib.
1104 3284 1133 3333 v,
1149 3283 1174 3323 e.
1193 3266 1249 3338 18),
1264 3282 1352 3341 quem
1378 3267 1466 3324 etjam
1482 3266 1641 3334 interdum,
1656 3266 1745 3323 mest„
1760 3266 1827 3324 licet
1842 3270 1941 3327 nomi.

237 3388 286 3439 ne,
302 3384 359 3425 non
374 3363 475 3421 leviter
489 3356 669 3433 perstringit.
684 3355 774 3413 Multa
789 3370 906 3427 quoque
921 3372 955 3411 ex
971 3355 1101 3429 prolenis
1116 3354 1286 3411 auctoribus
1299 3355 1393 3412 Plinio
1404 3359 1434 3411 et
1447 3354 1514 3412 aliia
1530 3356 1620 3428 petita
1633 3355 1714 3428 operi
1734 3373 1788 3413 suo
1803 3356 1937 3425 inseruit,

237 3475 302 3533 que
317 3453 397 3511 uallo
412 3448 529 3521 negotio
544 3445 640 3519 quivis
656 3443 760 3518 poterit
774 3444 914 3501 adnotare
925 3462 932 3500 :
944 3444 995 3499 sed
1011 3443 1058 3499 hic
1074 3459 1131 3499 non
1146 3443 1261 3498 videtur
1275 3442 1566 3516 pretermittendum,
1582 3443 1623 3499 ita
1632 3442 1741 3501 lusisse
1751 3444 1829 3501 bunc
1840 3445 1939 3518 ipsum

239 3541 429 3621 exprimendo
444 3536 576 3610 Virgilio,
592 3538 625 3591 ut
639 3534 675 3591 de
691 3532 796 3605 apibus
811 3548 900 3605 agens
915 3530 978 3605 (lib.
993 3549 1021 3602 v,
1037 3548 1063 3587 c.
1078 3533 1135 3605 21),
1152 3531 1257 3589 solutis
1284 3548 1423 3589 versuum
1451 3530 1593 3601 numeris,
1624 3531 1717 3589 Poeta
1730 3534 1819 3591 verba
1832 3536 1942 3608 sepius

236 3636 383 3693 retineret.

272 3724 360 3781 Porro
376 3714 470 3775 sicubi
486 3711 628 3770 Basiliam
645 3710 778 3768 imitatus
792 3713 846 3778 cst,
862 3709 891 3765 id
907 3707 951 3765 vel
977 3708 1105 3765 maxime
1133 3708 1244 3765 lactum
1273 3708 1303 3765 in
1320 3709 1485 3782 argumenti
1512 3709 1603 3766 totius
1630 3709 1836 3768 distributione
1849 3715 1939 3784 atque

235 3808 407 3871 mconomia.
423 3805 506 3863 Unde
521 3801 642 3858 minime
657 3798 899 3867 dubitaverimus,
916 3797 988 3869 quia
1003 3797 1052 3853 hic
1067 3813 1218 3853 sermones
1241 3814 1356 3866 novem,
1381 3801 1453 3870 quot
1475 3796 1608 3854 videlicet
1621 3798 1699 3871 apud
1723 3800 1842 3857 beatum
1856 3800 1937 3857 Basi-

235 3902 297 3959 lum
312 3899 437 3963 esstaat,
453 3889 623 3967 assignandi
639 3889 709 3946 sint.
736 3888 819 3944 Certe
838 3886 956 3960 quidem
983 3902 1051 3942 eum
1065 3902 1222 3943 numerum
1238 3887 1388 3943 adstruere
1416 3902 1638 3959 operosumnou
1653 3888 1718 3944 erit.
1733 3888 1795 3945 Duo
1807 3888 1885 3945 enim
1906 3888 1938 3943 in

234 3991 308 4047 libro
322 3984 408 4044 tertio
424 3979 664 4039 manifestissime
675 3976 909 4049 distinguuntur,
924 3990 1051 4047 quorum
1066 3974 1150 4043 alter,
1166 3975 1269 4048 primia
1285 3975 1937 4048 quinquecapitibueinclusus,maechabitur,

234 4084 297 4148 est;
313 4076 386 4133 alter
398 4072 448 4145 qui
463 4087 515 4143 per
528 4066 642 4141 reliqua
654 4067 718 4138 eJ'us
733 4064 800 4120 libri
816 4063 912 4137 capita
926 4064 1102 4131 extenditur,
1127 4079 1256 4137 vespere.
1273 4065 1372 4138 Neque
1385 4080 1453 4120 vero
1468 4065 1568 4121 minus
1583 4065 1770 4137 perspicuum
1787 4065 1889 4139 quinto
1903 4064 1940 4121 li-

234 4170 286 4225 bro
303 4166 389 4224 binos
415 4157 552 4217 similiter
579 4154 739 4221 contineri,
768 4170 835 4209 cum
864 4152 992 4211 multum
1007 4153 1154 4225 discrepet
1167 4153 1202 4221 is,
1219 4168 1308 4225 quem
1325 4151 1461 4209 undecim
1476 4152 1625 4224 prioribus
1639 4151 1785 4225 capitibus
1799 4157 1941 4227 putamus

234 4250 503 4321 circumscriptum,
531 4245 568 4302 ab
594 4262 627 4301 eo
644 4244 693 4317 qui
719 4242 787 4299 inda
807 4243 843 4299 ad
858 4242 946 4298 linem
963 4256 1058 4314 usque
1071 4240 1138 4297 libri
1154 4242 1335 4315 perducitur.
1353 4239 1437 4297 lllum
1451 4241 1605 4297 matutinis
1620 4241 1700 4297 boris
1715 4244 1939 4313 pronuntiatum

234 4358 299 4400 esse
312 4336 484 4416 planissime
500 4332 650 4391 declarant
664 4331 769 4390 ultima
784 4331 888 4404 capitis
903 4330 1050 4387 undecimi
1064 4331 1163 4399 verbu,
1178 4330 1287 4403 quibus
1303 4347 1319 4387 e
1336 4328 1407 4386 solis
1422 4330 1482 4402 iam
1498 4328 1621 4384 nimium
1637 4314 1821 4401 procedentis
1835 4332 1940 4388 ardore

233 4436 294 4490 tota
309 4424 495 4487 concluditur
508 4422 619 4481 oratio:
636 4421 715 4478 hunc
731 4425 828 4477 sutem
843 4420 1017 4493 vespertinis
1032 4420 1177 4488 habitum,
1191 4436 1225 4475 ea
1241 4435 1304 4491 que
1319 4419 1355 4475 de
1371 4417 1522 4473 nocturnis
1537 4416 1639 4473 avibus
1653 4416 1733 4487 dicit,
1750 4418 1874 4490 probant
1884 4419 1940 4477 evi.

233 4520 336 4577 deuter
350 4534 357 4586 ;
371 4519 399 4573 et
414 4517 553 4587 praterea
567 4510 716 4569 concionis
733 4510 886 4566 confirmat
900 4508 1045 4583 epilogus,
1061 4525 1136 4581 quos
1150 4508 1216 4581 pius
1231 4506 1336 4581 presul
1351 4510 1487 4579 vergente
1502 4504 1635 4560 arctioris
1645 4505 1752 4577 jejunii
1768 4506 1939 4563 dieaudito·

234 4625 286 4675 res
295 4606 332 4663 ad
348 4603 507 4662 serotinam
522 4600 708 4657 reiectionem
724 4598 855 4655 dimittit.
882 4600 1056 4672 Quanquam
1085 4614 1151 4653 vero
1181 4612 1240 4652 nou
1261 4596 1303 4652 ita
1326 4592 1451 4669 proclive
1466 4594 1506 4649 sit
1528 4593 1659 4650 evincere
1674 4594 1804 4667 primum
1821 4612 1939 4670 quoque

232 4697 343 4754 librum
358 4692 388 4749 in
404 4692 478 4747 duos
494 4704 644 4746 sermones
660 4688 750 4743 luisse
761 4688 899 4754 divisum,
915 4689 944 4743 iu
960 4681 1655 4758 samtamenopiuionemhincsdducimur,quod
1667 4684 1739 4739 sesti
1755 4683 1938 4758 capitisfiniu

233 4783 306 4843 nihil
322 4782 401 4840 aliud
416 4779 551 4853 preferre
564 4777 709 4844 videatur,
727 4776 785 4831 nisi
808 4775 949 4832 orationis
979 4772 1209 4842 conclusionem,
1238 4788 1302 4844 que
1317 4786 1384 4826 cum
1410 4769 1506 4841 prima
1520 4769 1667 4828 basiliana
1681 4770 1803 4829 homilia
1818 4772 1938 4847 pulchre

233 4871 396 4931 consentit:
412 4867 526 4940 reliqua
541 4871 639 4922 autem
654 4865 777 4936 hujusce
791 4864 859 4920 libri
869 4863 975 4935 capita,
992 4878 1056 4935 quae
1070 4865 1099 4917 et
1113 4861 1178 4933 ipsa
1193 4860 1328 4915 secundae
1337 4856 1438 4913 Basilii
1448 4856 1577 4915 homiliae
1587 4860 1739 4933 aptissime
1749 4861 1937 4934 respondent,

233 4961 321 5019 aliam
338 4958 459 5030 suisque
488 4954 619 5010 numeris
648 4951 813 5009 absolutam
842 4951 1003 5008 orationem
1020 4948 1092 5005 satis
1107 4947 1219 5020 liquido
1234 4963 1291 5019 prae
1313 4962 1345 5001 se
1359 4945 1462 5001 lerant.
1479 4946 1577 5003 Carmei
1593 4949 1713 5005 laudens
1728 4947 1796 5004 libri
1810 4951 1844 5004 ut
1858 4947 1936 5022 apud

231 5047 385 5116 Basilium,
401 5044 441 5101 ita
456 5042 543 5099 etiam
558 5041 606 5098 hic
622 5057 709 5098 suum
726 5039 852 5112 quisque
866 5053 1030 5095 sermonem
1046 5034 1290 5108 complectuntur.

267 5136 386 5200 Quaeras
400 5134 522 5189 lortasse
537 5130 583 5187 cui
600 5128 787 5203 potissimum
803 5143 879 5182 auno
892 5125 1042 5182 tribuendi
1057 5124 1140 5180 sint?
1154 5123 1291 5188 Quamvis
1302 5124 1331 5179 id
1346 5128 1424 5180 certo
1440 5124 1561 5182 delinire
1576 5144 1635 5183 uon
1650 5126 1821 5195 audeamus,
1836 5128 1937 5182 tamen

231 5224 257 5281 si
272 5224 343 5297 quid
359 5220 534 5293 coniecturis
548 5220 636 5275 liceat
649 5214 813 5287 indulgere,
831 5213 897 5269 illos
912 5230 988 5269 auno
1003 5212 1057 5269 389
1070 5213 1149 5269 haud
1165 5212 1259 5271 multo
1274 5212 1455 5285 antiquiores
1468 5214 1688 5271 arbitrabimur.
1712 5215 1785 5271 Cum
1799 5214 1878 5270 enim
1894 5213 1937 5269 ibi

231 5312 293 5387 (lib.
311 5328 354 5368 ur.
371 5328 395 5368 c.
414 5313 470 5367 let
484 5312 520 5378 5;
536 5307 586 5363 lib.
603 5322 630 5359 v.
648 5320 673 5369 c,
688 5302 716 5374 l)
739 5302 849 5359 mentio
872 5301 1062 5359 ecclesiastici
1090 5306 1205 5371 cantus,
1231 5319 1319 5376 quem
1345 5301 1501 5359 Mediolani
1526 5304 1578 5360 Vir
1592 5307 1711 5360 sanetus
1726 5320 1802 5360 anno
1816 5303 1869 5360 385
1884 5306 1938 5359 aut

230 5402 284 5458 386
298 5400 477 5465 instituerat,
503 5412 560 5453 non
586 5390 677 5450 semel
701 5390 763 5458 liat,
792 5395 859 5447 aute
874 5389 945 5447 illud
960 5394 1079 5464 tempus
1094 5390 1292 5449 Hexaemeron
1318 5408 1406 5448 suum
1421 5391 1622 5465 composuisse
1651 5392 1792 5447 dicendus
1806 5408 1864 5447 non
1878 5394 1934 5447 est.

233 5491 341 5549 Deinde
356 5506 387 5547 se
400 5494 471 5545 tuuc
486 5483 672 5560 provectioris
686 5481 776 5539 luisse
792 5480 886 5537 atatis
902 5497 959 5537 uon
972 5478 1161 5537 dissimulat:
1187 5481 1255 5551 Quae
1272 5483 1365 5555 pueri,
1381 5480 1519 5553 inquiens
1533 5478 1595 5553 (lib.
1613 5495 1652 5550 av,
1668 5496 1693 5535 c.
1708 5480 1748 5554 v),
1764 5480 1886 5547 risimus,
1901 5495 1937 5536 eo

228 5594 306 5645 senes
318 5588 532 5640 commeruerare
546 5574 595 5655 qui
605 5574 772 5653 possumus?
785 5570 827 5633 lla
837 5568 1032 5633 communiori
1047 5573 1147 5633 auem
1161 5568 1351 5649 chronologia
1364 5585 1423 5633 nou
1438 5568 1480 5631 ita
1493 5581 1583 5632 mnes
1596 5582 1675 5631 anuo
1686 5568 1740 5633 tlt
1758 5567 1837 5633 diem
1861 5567 1936 5631 obiit
