4159 6184
119 308 121 313 Α
163 362 209 432 tii
664 360 716 428 uu
737 360 860 429 JACOB
881 360 932 429 ΕΤ
953 360 1047 430 vitu
1066 364 1198 432 ΒΜΔ
1219 366 1296 432 tle.
1319 358 1347 425 l.
1806 355 1869 425 cto

164 494 297 559 naturalis
309 498 462 575 temperat,
480 499 532 557 sut
555 494 690 558 utilitatis
714 502 843 558 assertor
865 502 910 555 est
925 498 973 571 (5).
990 505 1016 569 Α
1067 504 1093 558 1.
1111 502 1210 558 Potest
1222 502 1317 576 igitur
1333 510 1420 553 mens
1434 490 1534 553 sobria
1547 489 1757 569 impressiones
1778 496 1869 553 refre-

151 590 282 663 ,Denique
303 600 368 647 'non
402 589 444 647 ibi
478 588 585 647 excidit
609 588 890 662 concupiscentiam,
925 588 975 644 sed
1030 607 1102 645 nare
1117 607 1150 645 ac
1165 592 1328 664 reprimere
1345 584 1484 659 quamvis
1498 586 1632 660 gravium
1647 586 1871 659 passionum,et

164 679 221 737 facit
232 696 267 737 ne
282 678 524 751 concupiscentie
540 677 713 735 serviamus.
730 677 800 742 Quis
816 676 895 733 enim
910 679 975 732 tan·
1031 680 1175 736 fervorem
1190 696 1312 737 omnem
1329 674 1503 747 cupiditatis
1526 675 1761 748 flagrantissime
1783 676 1869 733 refri-

163 774 211 839 tus,
234 772 267 825 ut
291 768 470 840 corporalem
495 771 609 825 motum
636 768 737 841 possit
763 767 888 833 auferre,
917 766 975 822 nisi
1032 769 1279 841 gerare,derivare
1295 765 1358 825 alic
1373 768 1517 833 motus,et
1528 770 1612 821 recta
1627 766 1751 822 rationis
1764 771 1871 823 tracta·

162 858 231 915 solus
245 857 294 914 ille
309 856 360 929 qui
375 858 470 929 potuit
485 857 522 912 de
535 856 718 912 infructuose
732 854 859 911 ficulnea
868 854 974 922 dicere,
1031 857 1111 912 tione
1126 857 1269 931 despuere
1285 854 1457 931 passiones.
1469 855 1583 911 Etenim
1599 872 1666 911 oum
1683 858 1758 912 Deus
1772 856 1869 913 hornia

160 947 206 1003 hoo
228 949 272 1003 est
295 945 409 1002 mmitia
431 946 601 1004 iudeorum
617 944 655 1018 (6)
673 963 679 1003 :
697 968 711 997 n
728 946 799 1001 Ecce
824 944 892 999 anni
917 948 976 999 tres
1032 962 1100 1001 nem
1117 949 1321 1014 constitueret,
1339 947 1371 1000 et
1386 941 1416 997 iu
1431 959 1465 999 eo
1479 961 1575 1001 mores
1599 962 1763 1019 sensusque
1786 946 1870 1019 plan-

159 1039 217 1093 suut
229 1051 265 1091 ex
280 1051 341 1109 quo
355 1034 421 1091 veni
435 1052 571 1108 querens
586 1035 715 1091 fructum
730 1035 760 1089 in
776 1032 974 1102 ficulneahac,
1030 1039 1117 1106 taret,
1130 1040 1201 1092 tuno
1225 1036 1363 1093 motibus
1386 1032 1452 1102 ejus
1473 1033 1615 1105 imposuit
1639 1032 1736 1107 regale
1759 1036 1868 1093 mentis

158 1130 246 1182 elnon
261 1123 380 1181 invenio
396 1140 403 1179 ι
418 1124 537 1181 succide
552 1140 621 1198 ergo
637 1122 727 1180 illam.
748 1123 800 1179 Cui
824 1122 978 1194 respondit
1032 1123 1208 1196 imperium,
1234 1130 1268 1182 ιιι
1296 1136 1407 1181 omncs
1436 1137 1540 1179 sensus
1566 1128 1722 1195 motusque
1737 1122 1868 1181 hominis

157 1228 244 1270 servus
261 1228 268 1268 :
286 1210 415 1268 Remitte
435 1212 520 1269 illam
545 1216 574 1268 et
597 1212 652 1269 hoo
677 1228 763 1281 anno,
786 1227 880 1283 usque
904 1210 976 1267 dum
1032 1212 1097 1283 ejus
1118 1213 1217 1286 vigore
1240 1231 1274 1271 ao
1297 1212 1449 1286 potestate
1473 1215 1651 1284 regerentur.
1667 1212 1810 1282 adjunxit
1829 1214 1865 1269 ad

156 1300 251 1358 fodiam
267 1300 348 1357 circa
361 1300 453 1370 illam,
472 1304 501 1359 et
516 1300 630 1357 mittam
646 1300 808 1374 cophinum
827 1300 976 1366 stercoris,

154 1395 179 1447 et
198 1389 342 1463 siquidem
366 1390 498 1446 fructum
514 1390 612 1446 feeerit
630 1408 636 1445 :
655 1389 701 1446 sin
721 1391 832 1453 autem,
849 1386 880 1442 in
896 1384 975 1441 lutu-

153 1496 208 1537 rum
219 1478 354 1535 succides
368 1477 451 1535 illam
470 1479 548 1551 (Luc.
564 1479 733 1551 nr11,7-9).»
750 1476 852 1533 Merito
868 1476 903 1533 ad
919 1476 976 1531 Do-

151 1569 252 1627 minum
267 1566 379 1635 retulit,
395 1567 473 1641 quia
485 1567 689 1625 exscindendae
711 1564 883 1639 temporalis
909 1581 977 1637 pro·

150 1657 279 1733 lapsionis
295 1656 519 1731 (ilpotestatem
535 1654 591 1712 sihi
607 1655 671 1729 ipse
687 1654 836 1711 vindicare
851 1670 910 1710 non
925 1669 976 1726 po·

148 1752 234 1807 urat:
251 1747 304 1805 sed
319 1745 443 1804 Domino
462 1746 643 1802 reservabat.

179 1836 349 1911 3.Denique
376 1850 471 1909 quem
503 1834 540 1889 de
568 1832 739 1890 hominibus
767 1830 920 1888 meliorem
949 1832 979 1886 et

146 1928 286 1987 fortiorem
302 1938 509 1990 assumemus,
528 1938 617 1995 quam
632 1924 770 1979 sanetum
796 1920 899 1987 David,
926 1918 977 1992 qui

146 2018 198 2077 sihi
212 2016 400 2091 cupiditatem
427 2028 494 2084 qua
521 2009 709 2083 concupierat
734 2025 843 2082 aquam
859 2008 896 2064 de
909 2006 978 2063 lacu

145 2106 318 2174 Bethlehem,
342 2101 443 2159 hostili
475 2099 668 2156 interclusam
693 2098 833 2164 exercitu,
862 2097 978 2155 auferre

144 2214 198 2254 non
212 2195 318 2269 potuit,
328 2190 423 2265 potuit
437 2189 601 2262 mitigare?
616 2192 689 2244 Nam
706 2204 775 2243 cum
792 2187 858 2244 aliis
874 2186 978 2257 utique

144 2286 217 2345 m
231 2283 361 2341 defuisse
373 2296 430 2335 non
447 2276 650 2342 inveniamus,
665 2276 695 2332 id
710 2279 765 2343 cst,
789 2279 872 2332 tanto
896 2290 977 2331 exer-

1032 1301 1156 1373 gratiam
1171 1306 1323 1370 creaturae,
1342 1303 1378 1355 ut
1395 1304 1522 1357 mentem
1538 1301 1633 1373 ipsam
1648 1299 1755 1356 divinis
1778 1301 1866 1358 infor·

1032 1394 1128 1446 maret
1150 1393 1313 1464 praeceptis,
1333 1393 1364 1445 et
1380 1388 1530 1460 sapientise
1554 1390 1713 1446 instrueret
1733 1389 1864 1463 discipli-

1032 1478 1091 1545 nis,
1113 1479 1221 1550 quihus
1244 1484 1274 1536 et
1297 1477 1432 1535 cavenda
1455 1482 1659 1549 prenosceret,
1679 1482 1708 1533 et
1730 1478 1865 1551 eligenda

1033 1572 1219 1639 cognosceret
1236 1569 1284 1639 (8).
1302 1568 1390 1623 Mens
1413 1565 1504 1638 igitur
1525 1571 1605 1623 reeta
1631 1567 1742 1623 ratione
1760 1572 1863 1622 tenens

1032 1654 1219 1728 disciplinam
1234 1656 1398 1727 sapientiae,
1411 1658 1444 1710 ut
1459 1655 1559 1711 divine
1571 1672 1604 1711 ac
1618 1655 1749 1711 humana
1759 1668 1864 1725 coguo-

1034 1747 1107 1814 scat,
1122 1743 1256 1800 eruditur
1279 1745 1309 1801 in
1336 1743 1401 1816 lege
1426 1760 1478 1816 per
1500 1761 1590 1816 quam
1614 1744 1702 1801 discit
1716 1758 1791 1815 quas
1805 1738 1863 1795 eibi

1035 1831 1180 1903 subjicere
1195 1832 1298 1889 debeat
1312 1831 1477 1905 passiones.

1034 1991 1212 2047 fossionibus
1226 2000 1283 2049 tum
1298 1994 1399 2060 ocimi,
1417 1996 1476 2047 tum
1490 1994 1613 2064 corporis
1633 1986 1773 2048 moderari
1795 1988 1863 2036 tem·

1070 2065 1227 2131 wantiam
1249 2082 1259 2117 .·
1283 2066 1361 2134 eujus
1384 2065 1495 2135 esiodus
1512 2065 1738 2136 patriarcharum
1751 2054 1863 2135 liemon·

1069 2138 1195 2189 structor
1225 2136 1367 2206 coemptis,
1398 2152 1431 2191 co
1457 2135 1554 2191 deindo
1581 2134 1699 2191 rationis
1725 2122 1865 2208 (1197111419

1069 2206 1266 2274 commentato,
1286 2206 1409 2262 eumdem
1432 2210 1644 2278 temperantiam
1671 2202 1766 2257 divino
1790 2201 1864 2260 ΡΜ·

1069 2280 1143 2347 cepto
1152 2278 1258 2332 muniri
1269 2275 1384 2333 Sonctm
1393 2278 1520 2335 ostendit.

1069 2365 1096 2419 5.
1113 2364 1285 2421 Passienum
1301 2369 1399 2421 autem
1423 2366 1502 2423 velut
1520 2367 1610 2423 duces
1625 2360 1703 2423 suni
1716 2345 1866 2407 118111181θῦ

143 2376 216 2433 eiius
230 2384 433 2440 numerc,cum
452 2366 560 2437 utique
576 2364 668 2420 multo
684 2364 785 2421 minus
798 2363 859 2438 regi
875 2364 978 2419 deesse

141 2462 265 2538 potuerit
288 2476 324 2515 ex
347 2455 458 2513 ceteris
487 2453 619 2533 fontibus
634 2469 725 2525 aqua;
742 2450 977 2510 irrationabilem
1034 2452 1189 2508 delectatio
1209 2457 1236 2509 et
1261 2452 1351 2523 dolor,
1368 2472 1443 2527 quas
1464 2460 1631 2528 sequuntur
1659 2448 1782 2504 cfflleiae·
1810 2436 1866 2496 lllffl

140 2550 301 2626 quamdam
317 2540 589 2618 concupiscentiam
604 2541 977 2613 passus,desideraviteam
1033 2540 1111 2597 enim
1142 2541 1376 2614 complectuntur
1398 2543 1561 2614 universas,
1587 2549 1729 2616 quarum
1747 2534 1868 2607 utraque

140 2656 208 2715 quae
222 2636 354 2695 hostium
368 2638 430 2691 erat
442 2630 676 2689 circumfusione
690 2628 897 2697 vallata,unde
912 2628 977 2685 sine
1032 2646 1091 2684 non
1107 2628 1205 2685 solum
1218 2630 1358 2703 corporis,
1375 2633 1426 2688 sed
1442 2632 1531 2689 etiarn
1548 2627 1728 2689 secundum
1743 2624 1867 2685 animam

139 2728 269 2788 maximo
285 2722 413 2799 periculo
428 2737 490 2777 non
506 2718 590 2775 facile
614 2718 761 2790 potuisset
784 2718 900 2775 deferri.
915 2718 977 2773 lta-
1033 2717 1189 2789 passiones
1204 2723 1282 2775 sunt.
1300 2720 1335 2775 itt
1349 2721 1419 2794 quia
1433 2722 1561 2778 diximus
1586 2719 1727 2780 subesse
1740 2720 1784 2780 his
1798 2720 1868 2782 alias

138 2834 199 2892 que
212 2816 255 2872 ait
270 2832 277 2872 :
296 2834 311 2865 ι
325 2812 396 2880 Quis
411 2809 487 2867 mihi
501 2806 584 2863 dabit
599 2811 700 2879 potum
716 2807 753 2862 de
767 2806 832 2863 lacu
857 2806 907 2879 qui
932 2808 977 2861 est
1033 2806 1197 2879 passiones,
1214 2812 1281 2864 ante
1296 2808 1520 2867 delectationem
1535 2808 1869 2895 concupiscentia,pcst

136 2908 168 2963 in
196 2900 367 2962 Bethlehem
390 2900 426 2957 ad
451 2902 568 2971 portam
585 2894 623 2969 (fl
643 2896 707 2964 liep.
725 2911 806 2964 ιιιιιιι,
829 2895 895 2967 15)(
909 2916 924 2945 ιι
942 2894 978 2949 ut
1031 2894 1253 2952 delectationem
1269 2897 1426 2970 gratulatio
1441 2903 1508 2955 est:
1525 2905 1593 2957 ante
1608 2895 1752 2967 dolorem
1771 2916 1867 2970 summ

136 3010 209 3052 cum
226 2995 328 3049 essent
352 2987 458 3062 reperti
484 2984 621 3041 tresviri
645 2983 695 3056 qui
721 2983 851 3042 hostium
881 2988 977 3039 eastra
1032 2987 1077 3039 est
1090 2986 1189 3053 timor,
1205 2989 1272 3059 post
1285 2986 1414 3043 dolorem
1429 2988 1558 3046 tristitia.
1582 2990 1754 3063 commotio
1768 3009 1865 3061 autem

134 3080 342 3159 praeelderent,
358 3080 388 3133 et
399 3074 546 3131 deferrent
561 3088 667 3145 aquam
683 3088 773 3144 quam
789 3088 906 3128 summo
925 3071 976 3127 dc·
1032 3072 1123 3133 animi
1138 3075 1304 3131 communis
1318 3077 1427 3147 passio,
1440 3081 1468 3133 et
1482 3078 1689 3140 delectationis
1704 3093 1733 3144 et
1756 3093 1863 3153 doloris

133 3170 251 3229 siderio
279 3166 488 3229 desiderasset,
524 3175 702 3234 cognoscens
737 3162 815 3233 quod
846 3158 975 3234 periculo
1031 3165 1085 3217 est.
1100 3162 1312 3220 Transcurram
1337 3164 1419 3233 alias,
1434 3166 1463 3221 id
1490 3172 1544 3235 est,
1566 3171 1749 3246 superbiam,
1766 3184 1862 3237 avari,

132 3260 238 3317 alieuc
255 3271 332 3328 aqua
346 3252 402 3309 sihi
417 3251 520 3307 eadem
536 3246 726 3315 constitisset,
744 3248 874 3320 proludit
892 3248 974 3304 illam
990 3235 1011 3303 C
1030 3249 1113 3317 tiam,
1136 3252 1338 3319 ambitionem,
1358 3255 1586 3325 contentionem,
1603 3260 1682 3314 suu
1706 3264 1857 3340 invidiam,

129 3346 269 3407 Domino
283 3342 364 3417 (ibid.
382 3340 438 3409 16),
456 3354 493 3394 ne
508 3336 682 3410 sauguinem
698 3333 817 3393 illorum
832 3336 884 3409 qui
907 3352 973 3393 eam
1030 3355 1094 3411 que
1107 3343 1178 3395 suut
1190 3341 1352 3397 secundum
1368 3342 1498 3401 animam
1513 3346 1668 3416 passiones
1685 3365 1691 3403 ε
1708 3354 1857 3411 transcur-

129 3434 309 3494 detulerant
333 3429 434 3486 bibere
455 3424 611 3485 videretur.
635 3426 704 3491 Quae
729 3439 776 3480 res
800 3424 907 3480 indicio
930 3427 974 3479 est
1028 3442 1095 3482 ram
1111 3426 1200 3483 etiam
1226 3429 1432 3502 inexplebilem
1456 3434 1578 3489 vorandi
1603 3434 1768 3510 libidinem,
1785 3444 1856 3498 effu.

128 3525 218 3599 qucd
235 3514 609 3593 concupiscentiaquidem
637 3513 779 3569 rationem
807 3513 972 3585 preveniat,
1030 3514 1203 3587 sionemque
1235 3516 1356 3572 luxuria
1392 3524 1479 3591 atque
1514 3519 1650 3591 lascivia,
1690 3542 1753 3597 quae
1786 3530 1856 3586 viiia

127 3613 187 3671 sed
205 3609 285 3667 ratio
300 3603 456 3678 cupiditati
472 3602 601 3661 resistat.
616 3600 786 3657 Humanum
797 3599 897 3673 itaque
910 3617 974 3675 pas·
1028 3616 1104 3657 nexa
1118 3604 1189 3656 sunt
1204 3604 1328 3675 corpori,
1345 3608 1374 3660 et
1398 3606 1561 3664 secundum
1586 3608 1660 3665 illud
1684 3603 1854 3685 operantur.

125 3718 187 3759 sus
213 3701 264 3757 est
285 3693 387 3763 David,
414 3697 448 3749 ut
470 3689 711 3747 irrationabiliter
726 3689 971 3762 concupisceret:

117 3788 186 3855 sed
203 3785 284 3843 illud
299 3780 457 3848 laudabile,
476 3779 554 3853 quod
580 3776 812 3834 irrationabilem
832 3778 974 3851 concupi·

126 3876 287 3935 scentiam
316 3867 531 3928 rationabiliter
555 3870 656 3939 parato
672 3864 818 3921 fraudavit
833 3867 973 3923 remedio.

1029 3687 1191 3760 Meritoque
1206 3692 1401 3763 temperantia
1416 3709 1505 3763 quam
1516 3696 1643 3753 maxime
1658 3698 1857 3777 istarumpas·

1028 3777 1146 3834 sionum
1160 3778 1316 3851 restinguit
1330 3782 1542 3854 ardoremque
1556 3785 1684 3857 primum
1699 3790 1856 3847 sobrietate

1029 3870 1119 3937 atque
1152 3866 1353 3924 moderamine
1381 3869 1514 3924 animum
1542 3877 1696 3944 temperat,
1726 3881 1855 3933 mentem

127 3969 215 4021 Dum
230 3960 324 4018 laudo
337 3958 415 4015 viros
442 3956 493 4028 qui
518 3956 701 4012 erubuerunt
726 3952 905 4011 desiderium
928 3954 986 4033 sui!
1028 3954 1178 4023 informat,
1195 3955 1299 4011 deinde
1314 3956 1402 4013 etiam
1418 3955 1588 4015 deliciarum
1613 3960 1791 4019 abstinentia
1810 3981 1854 4020 re·

128 4052 228 4125 regis,
245 4054 277 4106 et
292 4045 461 4103 maluerunt
476 4044 565 4100 fluem
580 4044 644 4115 ejus
660 4041 841 4099 verecundie
863 4041 908 4099 vel
925 4060 974 4117 pe·
1029 4042 1147 4116 stringit
1172 4043 1303 4101 habenas
1329 4045 1490 4119 corporalis
1517 4047 1683 4107 ferocitatis.
1713 4050 1781 4108 ldeo
1809 4052 1855 4110 lex

127 4138 232 4196 riculo
249 4133 375 4211 proprie
391 4132 497 4189 salutis
513 4132 616 4188 afferre
629 4147 636 4187 :
649 4129 720 4203 plus
735 4129 823 4186 laudo
840 4148 908 4188 eum
924 4130 975 4203 qui
1029 4131 1132 4187 recidit
1156 4131 1288 4189 ciborum
1311 4132 1460 4190 licentiam
1474 4136 1617 4206 (Lenitur,
1634 4139 1660 4208 1,
1675 4138 1732 4209 23),
1754 4141 1854 4213 epula·

129 4226 262 4283 erubuit
285 4224 316 4279 in
341 4238 396 4278 suc
422 4220 568 4278 desiderio
593 4218 722 4277 alienum
747 4218 925 4290 periculum,
947 4224 976 4275 et
1030 4235 1097 4275 rum
1122 4220 1233 4293 copias,
1259 4238 1318 4277 non
1348 4223 1445 4278 solum
1467 4228 1501 4278 ut
1524 4230 1668 4283 resecaret
1696 4226 1853 4301 luxuriam,

131 4330 251 4386 aquam
280 4310 378 4367 dubiae
407 4309 495 4367 sortis
522 4308 617 4381 pretio
644 4306 810 4378 quesitam,
837 4308 976 4380 sanguini
1031 4324 1132 4364 verum
1149 4309 1237 4364 etiam
1248 4310 1447 4375 utinhihentis
1461 4312 1705 4385 contemplatione
1717 4318 1854 4392 precepti

132 4397 441 4474 comparavit2simul
458 4396 544 4470 quasi
560 4411 693 4468 repressa
708 4394 802 4451 victor
817 4395 976 4467 cupiditate
1030 4396 1108 4454 viam
1123 4398 1291 4454 tractationi
1307 4399 1428 4455 rationis
1443 4402 1578 4473 aperiret,
1594 4419 1658 4475 qua
1673 4403 1856 4465 irritamenta

132 4489 276 4559 profudit
299 4502 408 4559 aquam
432 4483 568 4553 Domino,
584 4488 617 4540 ut
632 4482 798 4539 ostenderet
812 4484 893 4555 quod
909 4501 976 4540 oon·
1031 4486 1106 4559 gule
1127 4491 1304 4560 ceterasque
1327 4488 1467 4544 recideret
1491 4490 1675 4562 cupiditates,
1702 4510 1856 4568 corporeas

135 4576 361 4651 cupiscentiam
370 4589 455 4631 suam
468 4572 548 4630 verbi
558 4570 757 4629 consolatione
772 4570 976 4645 restingueret.
993 4607 1017 4669 D
1033 4573 1186 4647 passiones
1215 4575 1253 4648 (9)
1282 4580 1439 4647 motusque
1470 4576 1626 4635 cohiberet.
1652 4582 1857 4655 Temperantia

146 4772 166 4783 ..
180 4702 225 4773 (5)
235 4700 318 4757 uuit.
344 4698 440 4766 Rom,
465 4698 563 4756 Omnis
587 4712 651 4767 opo
676 4697 856 4766 temperantia
884 4698 923 4751 est
949 4696 983 4753 de
1035 4697 1183 4769 seriesque
1196 4697 1351 4763 sermonis,
1367 4704 1400 4754 ut
1414 4698 1506 4771 liquet
1519 4717 1555 4757 ex
1568 4718 1632 4775 cap.
1647 4719 1709 4775 seq.
1807 4686 1814 4698 ’

140 4786 268 4899 ιιὲἱᾳιιιιιί
275 4772 428 4898 gonew
442 4766 983 4897 gigroqugutsequesm'tndosrrglsztbulgorgtuotsm
1035 4769 1110 4895 ruffi)
1124 4770 1208 4825 Rom.
1224 4769 1294 4824 edit.
1315 4775 1462 4826 necaverat
1483 4772 1532 4827 hor:
1554 4777 1594 4828 est
1616 4775 1727 4830 matitia
1748 4774 1855 4832 truac-

140 4858 162 4895 n
204 4860 222 4898 11
270 4859 331 4898 lud
817 4878 826 4902 ι
1102 4882 1108 4894 ·

141 4860 297 4970 natalitia
311 4858 446 4984 temperiei
459 4882 511 4967 oot’
519 4909 648 4966 morolio.
663 4908 718 4965 Sed
733 4908 794 4965 haec
808 4910 895 4965 verba
909 4915 981 4966 sunt
1071 4912 1110 4983 (7)
1123 4911 1194 4967 Mss.
1210 4909 1331 4983 aliquot,
1346 4913 1496 4983 corporalis
1506 4916 1700 4987 prolapsionis.

141 4986 366 5057 conjectorum,
394 4998 452 5039 non
480 4980 636 5037 Ambrosii.
653 4979 812 5036 Maluimus
832 4982 922 5053 igitur
945 4982 981 5037 ab
1072 4984 1110 5053 (Β)
1127 4982 1169 5037 lta
1190 4998 1262 5037 mss.
1287 4998 1400 5038 omnes.
1427 4984 1503 5041 Edit.
1528 5002 1607 5052 vero,
1621 4990 1647 5040 et
1661 4984 1814 5041 eeucado...
1829 4992 1857 5043 et

142 5062 214 5111 ant.
231 5056 302 5113 edit.
319 5069 380 5111 non
396 5053 539 5123 recedere,
562 5050 679 5123 quando
700 5051 759 5105 illis
782 5066 854 5107 mss.
877 5052 981 5108 suflra-
1036 5053 1160 5124 legendo,
1176 5058 1244 5121 etc,
1262 5059 1365 5125 prester
1380 5054 1523 5124 quasdam
1540 5054 1643 5126 Paris,
1659 5054 1710 5109 ubi
1732 5071 1785 5127 pro
1809 5074 1856 5112 ec·

142 5131 272 5197 gantur.
298 5126 330 5182 ln
354 5123 402 5180 his
424 5130 523 5180 tamen
548 5126 594 5178 est
617 5121 716 5193 aliqua
739 5121 900 5178 diversitas.
924 5123 981 5179 Alii
1035 5124 1123 5181 vendo
1138 5126 1225 5194 tepere
1239 5129 1283 5180 est
1297 5124 1430 5190 cauendo,
1444 5126 1554 5180 scilicet
1572 5130 1606 5180 ut
1628 5126 1751 5182 cauendo
1766 5144 1855 5201 oppo-

143 5198 235 5253 enim
259 5211 360 5253 vocem
387 5195 567 5267 temperentia
589 5192 739 5259 omittunt,
753 5191 800 5247 alii
824 5197 938 5249 mutant
952 5195 982 5249 in
1036 5198 1217 5251 narenturie
1234 5197 1322 5251 endis
1339 5194 1493 5251 Ridicule:
1510 5196 1626 5250 nisihic
1645 5195 1746 5268 lapsus
1769 5200 1858 5256 luerit
1948 5193 1952 5202 '

144 5283 257 5323 vocem
274 5269 330 5334 ira,
347 5281 439 5346 unus.
450 5265 492 5346 in⁸
503 5264 596 5337 culpo.
617 5262 664 5319 Sic
683 5262 770 5319 etiam
786 5263 905 5334 quidam
925 5263 980 5345 ha·
1036 5282 1201 5349 operarum.
1216 5213 1288 5323 1ιθιιι
1302 5271 1368 5337 post
1379 5264 1500 5346 alteram
1514 5265 1633 5335 lineam,
1649 5268 1699 5322 ubi
1714 5269 1858 5327 edittenct

147 5338 230 5393 bent
244 5336 375 5401 secondo,
390 5336 441 5391 ubr
457 5334 505 5391 ahi
522 5332 650 5391 secondo.
661 5333 723 5389 Non
739 5340 847 5389 temere
863 5338 983 5390 forsitan
1036 5338 1246 5410 disciplinam...
1273 5336 1395 5391 eruditos
1418 5352 1448 5390 m
1472 5337 1538 5406 lege,
1554 5342 1621 5404 etc,
1637 5339 1821 5398 restituimus
1842 5360 1858 5397 e

148 5409 226 5479 quis
249 5406 450 5489 suspicabitur
475 5410 542 5478 post
564 5404 739 5476 adjectivum
763 5407 862 5469 omnis,
875 5420 982 5461 nomen
1036 5425 1109 5463 mss.
1125 5414 1217 5463 tenens
1230 5407 1438 5478 cauponam...
1454 5408 1579 5462 moditor
1593 5410 1622 5463 io
1639 5410 1704 5481 lege.

148 5480 379 5537 substantivum
404 5475 433 5532 iu
459 5476 674 5549 antiquioribus
698 5477 887 5531 messoribus
908 5476 981 5532 osci·
1073 5481 1112 5551 (9)
1128 5480 1248 5535 Codices
1271 5478 1347 5541 Vnt,
1372 5476 1459 5545 Vict,
1475 5476 1566 5547 Colo,
1591 5480 1671 5537 Vale.
1696 5487 1725 5538 et
1747 5483 1856 5541 Thecd.

149 5552 253 5606 tantia
269 5548 512 5623 pretermissum,
528 5547 605 5621 quod
629 5546 706 5603 varie
730 5551 831 5619 postea
855 5547 891 5603 ab
916 5547 982 5605 aliis
1036 5551 1132 5622 prima
1146 5566 1246 5616 mauu,
1262 5546 1426 5620 cupiditates
1439 5564 1469 5604 co
1504 5548 1869 5624 ermescenhuson?

151 5622 333 5679 restitutum
347 5619 395 5675 sit.
417 5619 540 5677 Felicius
561 5616 728 5675 divinarunt
753 5618 804 5691 qui
830 5633 983 5691 reposuere
1036 5621 1166 5677 secunda
1181 5637 1280 5689 manu,
1297 5624 1325 5675 et
1340 5618 1464 5693 Remig,
1496 5623 1642 5695 opiditotea
1657 5629 1778 5700 corporis
1790 5644 1856 5702 pos·

150 5707 261 5751 vocem
287 5694 478 5764 imperantis,
501 5706 590 5764 quem
614 5689 782 5763 postulabat
804 5689 981 5749 continuatio
1036 5695 1136 5760 aiones,
1153 5697 1206 5748 ete.
