4159 6184
249 230 304 292 (5(
981 224 1013 281 S.
1037 220 1221 283 Attssuostl
1873 232 1921 293 rm

249 364 316 417 ante
332 360 424 433 legem
440 358 548 431 Mcq'sis
572 360 600 413 ct
619 359 685 413 ante
701 353 889 427 Evangelium
905 354 960 409 suit
976 372 982 409 :
1000 370 1072 409 nou-
1087 354 1115 420 Α
1129 352 1233 408 babuit
1257 352 1385 424 thorum,
1410 354 1461 409 sed
1482 337 1584 409 studio
1609 354 1765 424 quaerendae
1787 358 1923 427 posbrita.

188 446 192 454 '
248 452 318 507 dum
336 448 523 505 interdictum
539 444 716 502 adulterium
736 443 889 499 videbatur
903 442 972 515 (28).
987 442 1075 498 Pena
1127 441 1210 498 tiset
1229 442 1423 515 propagandas
1445 441 1566 499 sobolis.
1591 442 1692 497 aunan
1717 446 1780 514 post
1800 444 1925 507 diluvium

249 536 382 594 criminis
405 553 440 591 cx
465 538 596 607 tompore
623 532 695 602 legis
716 536 771 599 est,
787 548 850 603 qua
867 530 976 586 crimen
996 529 1073 586 inbi-
1128 530 1235 587 raritas
1249 535 1311 588 erat
1325 531 1440 603 generis
1452 530 1575 586 humaui
1591 547 1599 587 ς
1616 534 1677 586 erat
1690 530 1775 587 etiarn
1785 531 1926 607 religionis,

248 626 311 683 buit
327 642 334 682 :
351 642 404 681 nec
419 631 486 681 ante
511 623 604 696 legem
630 620 690 677 ulla
714 620 753 675 rei
780 619 929 675 damnatio
944 624 1004 687 est;
1021 618 1071 674 sed
1128 620 1245 691 nequis
1260 635 1318 675 non
1334 619 1497 675 reddidisse
1511 618 1642 675 debitum
1665 618 1805 677 videretur
1822 626 1926 681 nature.

246 714 372 787 exlege.
390 714 451 770 Non
476 729 544 785 ergo
569 710 597 765 in
622 709 716 781 legem
741 708 889 765 commisit
913 705 1072 777 Abraham,
1127 707 1258 782 Denique
1273 711 1302 764 et
1317 708 1369 763 Lot
1383 708 1479 763 sancti
1488 706 1553 762 filie
1564 706 1639 763 hane
1651 723 1769 763 causam
1783 712 1927 781 querende

247 806 297 861 sed
313 802 406 877 legem
423 800 568 875 prevenit.
585 797 661 854 Deus
676 797 705 853 iu
721 797 857 869 paradiso
881 795 948 853 licet
970 797 1071 868 conju·
1126 796 1305 869 posteritatis
1320 797 1497 862 habuerunt,
1513 813 1549 853 ne
1573 813 1665 869 genus
1689 796 1819 854 deficeret
1839 798 1929 857 huma-

247 892 329 967 gium
355 888 515 947 laudaverit
547 888 624 959 (Gen.
655 904 684 953 u,
714 887 770 957 24),
800 902 858 948 non
894 884 1071 941 adulterium
1127 902 1216 955 nurn3
1245 892 1274 942 et
1305 886 1370 941 ideo
1393 884 1504 957 publici
1534 884 1664 941 muneris
1687 884 1779 957 gratia
1802 887 1928 958 privatam

247 982 443 1037 damnaverat.
461 976 521 1032 Non
539 974 601 1031 vult
615 974 692 1031 enim
709 976 832 1030 mortem
857 972 1027 1045 peccatoris,
1043 977 1072 1029 et
1125 973 1242 1046 culpam
1258 973 1409 1047 preteruit
1425 974 1491 1045 (30).
1506 973 1564 1029 Nec
1578 974 1705 1029 otiosum
1719 975 1850 1046 estquod
1867 992 1929 1033 uxor

247 1069 313 1125 ideo
327 1067 404 1140 quod
420 1064 531 1138 prrenrii
546 1067 591 1119 est
606 1062 759 1136 pollicetur
775 1080 781 1119 :
799 1062 877 1135 quod
898 1078 999 1133 pane,
1013 1078 1071 1116 uon
1125 1067 1229 1118 auctor
1254 1062 1323 1120 sacti
1346 1061 1510 1130 inducitur;
1528 1066 1561 1119 ut
1588 1066 1739 1119 excusetur
1760 1063 1885 1133 maritus,
1899 1082 1930 1122 ne

244 1156 343 1230 exigit.
361 1154 471 1211 Mavult
486 1153 565 1210 enim
582 1152 703 1207 mitibus
718 1167 881 1224 provocare,
899 1166 989 1221 quam
1013 1154 1070 1204 ter·
1124 1167 1197 1224 vago
1210 1155 1311 1223 raptus
1327 1167 1425 1207 errore
1438 1151 1596 1207 credatur:
1613 1149 1702 1207 simul
1718 1154 1749 1206 ut
1761 1149 1870 1208 discant
1877 1169 1931 1209 mn·

245 1262 308 1301 rere
336 1242 517 1301 saevioribus.
535 1241 609 1295 llttu
621 1238 746 1311 peccasti
758 1254 824 1293 cum
841 1236 958 1311 gentilis
978 1254 1069 1304 esses,
1125 1237 1210 1295 lieres
1234 1239 1355 1312 diligere
1370 1238 1456 1307 viros,
1474 1256 1526 1295 nec
1554 1239 1658 1312 agitari
1682 1255 1756 1296 vane
1778 1240 1931 1312 suspicione

245 1333 339 1391 habes
350 1331 564 1389 excusationem
582 1345 589 1383 ε
606 1326 710 1383 venisti
726 1327 762 1383 ad
777 1326 947 1395 Ecclesiam,
962 1324 1070 1383 audisti
1124 1327 1286 1400 pellicatus,
1314 1333 1366 1384 aut
1388 1328 1516 1384 invidere
1544 1327 1693 1401 privignis,
1709 1326 1735 1384 si
1755 1328 1823 1401 ipse
1835 1327 1931 1387 liberos

244 1422 338 1495 legem
365 1438 371 1474 ι
394 1422 453 1475 lton
474 1417 646 1475 etalterulis
673 1416 767 1488 (arod.
797 1433 843 1484 xx,
869 1415 925 1487 ll),
942 1417 1068 1486 jamex·
1125 1434 1181 1473 nou
1198 1417 1389 1489 susceperint.
1407 1416 1493 1473 Uxori
1517 1418 1598 1473 bone
1622 1416 1702 1473 cordi
1725 1421 1786 1473 erat
1807 1433 1932 1474 excusare

130 1570 135 1581 Ι
243 1510 424 1567 cusationem
454 1506 553 1563 delicti
581 1524 637 1563 non
662 1505 763 1561 habes.
790 1506 899 1560 'larnen
929 1504 1069 1575 quoniam
1124 1507 1200 1577 apud
1221 1505 1317 1561 virum
1343 1505 1525 1562 sterilitatem
1545 1510 1689 1573 suam;et
1715 1512 1934 1563 necausaesset

244 1617 311 1657 cum
328 1598 374 1653 his
389 1596 461 1653 mihi
472 1612 568 1652 sermo
584 1600 638 1661 est,
650 1595 701 1666 qni
716 1594 751 1651 ad
766 1593 892 1665 gratiam
906 1593 1067 1665 baptisma·
1123 1594 1185 1651 viro
1200 1595 1276 1667 quod
1293 1595 1318 1650 is
1333 1594 1441 1649 liberos
1460 1612 1518 1651 uon
1534 1595 1663 1658 haberet,
1679 1594 1784 1650 suadet
1807 1598 1838 1649 ut
1854 1595 1933 1651 intra·

242 1690 281 1745 tis
296 1702 402 1744 nomen
420 1685 572 1751 dederunt,
589 1684 612 1739 si
640 1682 707 1755 quis
731 1686 846 1738 tautum
863 1681 974 1737 crimen
990 1682 1067 1749 iecit,
1122 1689 1164 1739 ret
1180 1683 1216 1739 ad
1231 1682 1377 1739 ancillam.
1395 1683 1453 1739 Hoc
1469 1684 1536 1740 lecit
1551 1683 1612 1753 Lia,
1626 1684 1680 1739 hoc
1706 1683 1812 1740 ltachel
1835 1690 1932 1755 postea.

243 1778 317 1833 sciat
345 1775 399 1831 sibi
425 1772 611 1829 tribuendam
633 1772 765 1838 venium;
783 1771 833 1826 sed
857 1769 940 1842 quasi
966 1770 991 1825 ci
1014 1770 1066 1841 qai
1120 1773 1215 1840 lases,
1231 1771 1349 1843 mulier,
1363 1771 1460 1829 zelum
1476 1774 1629 1847 deponere,
1646 1772 1698 1844 qui
1714 1789 1790 1845 sepe
1808 1772 1931 1830 mulieres

242 1867 351 1923 crimen
368 1862 557 1929 commiserit,
573 1862 601 1916 in
627 1858 772 1931 reliquum
797 1864 893 1914 tamen
919 1858 1067 1915 abstinen-
1119 1860 1150 1916 in
1167 1863 1295 1918 l’ororem
1311 1861 1422 1917 incitat

242 1956 313 2010 dum
330 1950 449 2009 noverit.
468 1950 596 2022 Denique
615 1947 655 2003 illi
672 1946 809 2003 adultere
834 1963 897 2017 quae
923 1948 952 2001 in
972 1947 1064 2001 Eran-

242 2042 317 2117 gclio
341 2042 509 2098 obtulerunt
531 2038 633 2094 scribae
659 2036 871 2091 Pharisaeorum
896 2036 961 2106 (29),
988 2036 1062 2092 281
1154 2042 1198 2095 25.
1214 2039 1268 2095 Sed
1285 2046 1313 2095 et
1328 2056 1378 2095 vos
1392 2055 1505 2106 moneo,
1522 2038 1587 2106 viri,
1603 2037 1734 2095 maxime
1747 2038 1799 2110 qui
1819 2038 1855 2095 cd
1875 2056 1932 2111 gra·

243 2131 352 2204 ignovit
367 2130 484 2201 quidem
505 2127 647 2183 Dominus
672 2125 833 2197 superiora,
849 2124 898 2179 sed
914 2124 977 2179 ait:
998 2124 1068 2181 Vade
1119 2128 1192 2184 tiam
1207 2126 1322 2184 Domini
1338 2126 1469 2192 tenditis,
1494 2144 1552 2183 non
1571 2125 1757 2183 commisceri
1780 2126 1933 2186 adulterino

242 2216 601 2288 etcmodovidencpccces
618 2216 705 2285 (loun.
727 2230 786 2278 vni,
814 2213 868 2283 11).
897 2212 977 2278 Quod
998 2230 1065 2268 cum
1119 2216 1231 2288 corpori
1247 2216 1309 2288 (qui
1322 2216 1402 2271 onim
1416 2216 1560 2289 sejungit
1574 2215 1722 2273 meretrici
1733 2232 1825 2273 unam
1839 2232 1935 2288 corpus

242 2309 285 2365 illi
300 2307 380 2375 dicit,
398 2307 449 2361 tibi
464 2304 544 2360 dicit.
562 2303 665 2359 Fecisti
682 2300 799 2375 gentilis
814 2300 1001 2368 adulterium,
1025 2302 1065 2357 se·
1119 2306 1173 2375 est)
1190 2322 1242 2361 nec
1257 2306 1326 2361 dare
1342 2305 1415 2361 banc
1429 2304 1612 2361 occasionem
1628 2304 1747 2362 divortii
1762 2304 1933 2361 mulieribus.

242 2396 309 2454 cisti
321 2392 568 2452 catechumenus?
584 2391 747 2464 Ignoscitur
761 2390 826 2459 tibi,
839 2390 997 2445 remittitur
1012 2389 1066 2446 tibi
1119 2394 1210 2449 Nemo
1224 2393 1281 2449 sibi
1297 2392 1467 2450 blandiatur
1482 2394 1517 2449 de
1532 2392 1648 2466 legibus
1673 2393 1829 2450 bominum
1843 2395 1895 2465 (33,
1908 2410 1933 2465 q.

243 2503 293 2560 per
309 2483 501 2557 baptismum.
515 2481 604 2548 Vadc,
621 2484 650 2536 et
664 2483 731 2552 post
745 2478 805 2534 hec
821 2480 884 2535 vide
900 2496 936 2535 ne
951 2494 1064 2551 pecces.
1118 2483 1146 2538 l.
1159 2499 1223 2554 cap,
1239 2482 1436 2549 Nemo).0mne
1460 2486 1596 2555 stuprum
1620 2482 1803 2540 adulterium
1825 2486 1936 2550 estnec

243 2575 336 2632 Habes
352 2589 441 2629 unam
456 2569 577 2627 Abrabae
592 2568 802 2625 defensionem.
1119 2571 1179 2627 viro
1199 2570 1266 2627 licet
1288 2572 1366 2644 quod
1390 2570 1506 2628 mulieri
1530 2588 1588 2627 noa
1612 2570 1694 2627 licet.
1711 2571 1820 2628 Eadem
1843 2570 1936 2638 aviro,

276 2668 321 2719 tl.
338 2661 471 2719 Secunde
496 2659 546 2715 illa
570 2663 624 2725 est,
651 2658 728 2730 quod
754 2674 809 2713 non
835 2658 938 2713 ardore
967 2656 1066 2729 aliquo
1119 2677 1183 2732 quse
1198 2661 1234 2716 ab
1249 2676 1338 2717 uxore
1353 2659 1476 2717 debetur
1490 2660 1833 2733 castimonia.Quidquid
1843 2660 1936 2716 ineam

240 2768 319 2825 vage
349 2766 508 2808 succensus
537 2746 681 2815 libidinis,
699 2764 757 2802 non
787 2744 945 2818 petulantis
966 2746 1064 2801 sormae
1119 2745 1937 2822 quaenonsitlegitimauxor,commissumsueritadul·

241 2835 578 2915 captusdecore‚ancillae
589 2834 780 2891 contubernio
792 2833 976 2907 conjugalem
988 2840 1065 2906 post·
1118 2836 1194 2907 terii,
1210 2838 1369 2894 damnatur
1384 2838 1516 2894 crimine.
1532 2838 1606 2911 Ergo
1621 2837 1795 2895 advertistis
1809 2836 1875 2910 quid
1897 2836 1938 2891 de-

276 2982 342 3053 (28).
357 2978 493 3035 Nonnulli
510 2977 691 3033 occasionem
706 2993 740 3032 ex
756 2976 801 3031 his
817 2976 912 3033 verbis
937 2976 1064 3047 arripue-
1118 2985 1220 3035 verant
1242 2985 1311 3036 ante
1334 2997 1419 3036 suam
1444 2980 1479 3035 ad
1504 2980 1591 3035 tidem
1617 2979 1858 3043 conversionem;
1880 2986 1938 3034 turn

239 3056 356 3118 ruut,nt
369 3049 555 3105 Ambrosium
568 3064 717 3120 perperam
733 3049 769 3104 de
783 3048 926 3104 adulterio
937 3048 1066 3104 sensisse
1119 3051 1155 3107 ad
1171 3051 1289 3108 eosdem
1305 3052 1341 3107 ab
1357 3051 1526 3122 hujusmodi
1542 3052 1664 3106 crimine
1681 3052 1711 3106 in
1728 3055 1877 3124 posterum
1896 3065 1938 3104 rs·

242 3121 500 3179 calumniarentur.
515 3119 603 3201 Atqui
619 3124 732 3201 certum
748 3122 942 3201 salsensium
969 3088 1101 3175 docto·c
1120 3122 1275 3190 vocandos,
1292 3138 1360 3178 cum
1371 3126 1433 3193 jam
1451 3123 1522 3195 ipsis
1543 3122 1625 3179 nulla
1645 3125 1684 3179 de
1700 3122 1864 3196 ignorantia
1876 3136 1937 3192 sup

243 3192 632 3250 remronstanterdccursse
648 3190 828 3263 prohibitum
845 3192 933 3245 tuisse
954 3190 1065 3246 adulte·
1121 3197 1230 3266 peteret
1252 3194 1409 3250 excusatio.
1428 3194 1508 3249 Hanc
1534 3200 1632 3250 autem
1662 3193 1885 3266 responsionem
1908 3206 1938 3247 eo

242 3266 318 3321 rium
333 3264 395 3335 lege
412 3263 547 3327 naturali,
564 3278 686 3334 eamque
709 3260 802 3334 legem
819 3278 835 3315 a
850 3262 967 3317 nemine
982 3261 1064 3333 igno·
1121 3265 1214 3337 magis
1230 3264 1443 3321 admittendam
1458 3282 1567 3329 remur,
1578 3265 1657 3337 quod
1674 3262 1937 3329 Ambrosiusinlra,

242 3336 297 3392 rari
314 3336 397 3406 (puta
411 3332 627 3399 invincibiliter)
642 3350 772 3405 unquam
789 3332 928 3404 potuisse.
947 3333 976 3387 ld
997 3334 1065 3405 qui·
1120 3352 1201 3392 num.
1227 3338 1271 3399 27,
1298 3336 1374 3391 hanc
1394 3336 1565 3407 patriarche
1589 3335 1737 3391 actionem
1765 3337 1823 3392 Deo
1851 3335 1939 3389 minus

241 3409 387 3463 demtum
403 3406 516 3461 exaliis
541 3404 634 3476 ipsius
654 3404 791 3475 operibus
813 3420 986 3476 cognoscere
1009 3410 1064 3469 est,
1120 3408 1272 3479 probatam
1292 3422 1356 3461 esse
1379 3411 1512 3467 testetur,
1529 3424 1563 3462 ac
1579 3406 1628 3462 lib.
1645 3407 1681 3461 de
1706 3408 1848 3469 Paradiac.
1864 3422 1886 3460 c.
1900 3403 1939 3473 ta,

241 3486 304 3534 turn
318 3494 353 3533 ex
369 3477 422 3532 hcc
438 3476 501 3548 ipso
522 3474 595 3531 libro
620 3474 731 3548 liquido
746 3480 869 3531 constat.
884 3476 997 3531 lltenirn
1016 3475 1065 3530 ubi
1120 3496 1147 3532 n.
1165 3480 1210 3543 65,
1227 3483 1315 3548 atque
1330 3478 1398 3533 alibi
1414 3478 1566 3533 decadem
1582 3485 1729 3549 tanquam
1744 3479 1781 3535 dc
1802 3492 1867 3533 vero
1882 3490 1939 3549 pec·

240 3556 340 3606 narrat
355 3548 603 3619 quemadmodum
620 3546 731 3603 Pharao
748 3546 850 3602 Saranr
866 3562 955 3627 quam
973 3546 1001 3601 in
1018 3563 1066 3618 pa·
1120 3554 1183 3605 cato
1196 3549 1342 3619 loquatur.
1358 3547 1499 3603 Caeterum
1514 3549 1571 3604 dici
1588 3548 1679 3605 etism
1696 3555 1795 3632 potest
1813 3552 1938 3604 sanctum

240 3620 344 3685 latium
362 3619 517 3674 abductam
543 3634 661 3673 uxorem
687 3618 792 3673 ducere
814 3618 970 3690 cogitabat,
987 3622 1066 3689 post-
1119 3621 1266 3675 doctorem
1281 3620 1418 3674 adulterii
1434 3618 1552 3676 nomine
1565 3618 1639 3675 nibil
1662 3618 1747 3677 aliud
1772 3619 1941 3675 intellexisse

242 3708 330 3765 quam
347 3692 533 3762 coniugatam
556 3705 620 3744 esse
644 3690 787 3759 cognovit,
803 3688 967 3744 Abrahnmo
983 3688 1066 3743 resti·
1120 3707 1208 3763 quam
1235 3689 1449 3762 polygamiam3
1474 3707 1566 3763 eaque
1582 3708 1667 3745 usum
1688 3690 1769 3747 vorbi
1787 3690 1900 3751 duritie,
1913 3692 1940 3742 ut

240 3763 309 3829 tuit,
331 3762 371 3816 ita
399 3760 552 3832 loquitur:
568 3762 625 3815 litai
651 3769 753 3815 antcire
779 3761 855 3830 seros
877 3776 909 3814 cc
934 3759 1066 3815 cataras
1119 3761 1267 3818 ellicacins
1296 3762 1521 3817 catechumenos
1549 3761 1728 3818 absterreret
1758 3780 1775 3817 a
1802 3761 1940 3833 pellicatu.

242 3834 516 3905 tamenciqnificat...
542 3838 566 3885 et
590 3832 723 3887 adulterii
746 3833 849 3886 arianen
872 3831 927 3885 siti
949 3845 1005 3886 esse
1019 3846 1065 3884 ra·
1120 3834 1177 3888 Nec
1192 3848 1258 3888 vero
1282 3832 1391 3887 mirum
1415 3832 1440 3888 si
1464 3832 1550 3904 paulo
1571 3834 1777 3889 vehementior
1793 3835 1845 3888 trac
1865 3831 1892 3887 in
1914 3844 1942 3884 re

241 3905 367 3962 cendam.
401 3905 454 3972 Qui
484 3902 630 3975 pretendit
669 3904 865 3973 iqncrcnticm,
906 3901 1066 3957 corvdenrcnt
1120 3903 1405 3969 rueritambrosius,
1422 3905 1539 3974 quaudo
1563 3904 1599 3959 de
1621 3905 1722 3961 tertiis
1747 3904 1858 3976 nuptiis
1875 3914 1941 3974 quas

242 3975 491 4049 intemperentiam.
519 3977 574 4029 lt'ee
597 3975 699 4029 mirum
722 3974 747 4028 ai
771 3973 903 4027 tartarus
922 3974 968 4044 jesa
991 3973 1067 4027 novit
1120 3974 1218 4030 divina
1233 3991 1266 4029 ac
1281 3973 1407 4029 naturali
1422 3973 1484 4047 lege
1498 3991 1558 4031 nun
1582 3991 1648 4030 uam
1665 3992 1728 4032 non
1744 3974 1841 4032 licitas
1860 3972 1943 4029 inisse

240 4048 440 4104 arrlurae...ltc
459 4046 548 4111 maior
572 4045 618 4099 tec
640 4048 859 4115 caciaredam
883 4043 973 4111 lecum
993 4059 1065 4115 pree·
1121 4044 1399 4113 constatliasilius,
1421 4062 1466 4117 ep.
1489 4046 1515 4111 1,
1546 3992 1581 4101 ad
1604 4046 1720 4118 Amph..
1746 4064 1772 4103 e.
1798 4048 1825 4110 l,
1847 4040 1944 4099 dixerit

241 4121 351 4189 scriptio
366 4125 414 4173 cst.
431 4115 529 4188 Neque
544 4132 610 4195 vero
627 4114 789 4195 putandum
804 4119 849 4170 est
864 4113 923 4169 bec
943 4114 979 4169 da
1004 4114 1066 4170 solo
1121 4134 1171 4173 eas
1198 4118 1385 4188 potchmicm
1414 4117 1554 4189 appellari
1583 4122 1626 4172 vel
1680 4118 1761 4174 otius
1793 4119 1943 4187 radicatam

242 4188 384 4246 adulterio
401 4204 458 4259 quc
471 4204 541 4241 uxor
552 4185 648 4242 aliena
662 4184 878 4257 polluitur,esse
902 4184 1066 4257 intelligen·
1121 4190 1339 4259 fornicationem.
1356 4190 1367 4243 l
1390 4204 1421 4243 se
1436 4203 1552 4269 quoque
1566 4134 1785 4253 TertuRianrrs,
1801 4188 1820 4244 l.
1840 4187 1873 4243 de
1895 4185 1944 4241 llo·

242 4262 289 4317 da.
306 4260 380 4315 Nam
398 4256 684 4331 praeterquamquod
709 4256 857 4339 generalia
877 4256 966 4312 verba
985 4261 1065 4324 sunt,
1120 4275 1196 4329 cop,
1211 4276 1236 4315 c.
1252 4258 1279 4325 6,
1293 4258 1353 4314 Abr
1393 4276 1452 4317 arnt
1470 4258 1670 4385 polygamiam
1696 4260 1870 4326 defendens,
1884 4270 1941 4313 eam

243 4330 422 4405 proindeque
447 4330 482 4385 art
509 4345 596 4384 unam
623 4327 758 4384 adultero
784 4326 911 4401 speciem
936 4344 994 4383 nen
1019 4344 1066 4383 re·
1120 4335 1219 4387 tamen
1245 4330 1355 4385 ancille
1383 4346 1469 4386 corma
1487 4332 1594 4386 iactum
1625 4337 1712 4387 vocat
1742 4349 1750 4387 :
1782 4346 1841 4404 quo
1863 4328 1944 4385 etiam

244 4402 421 4473 stringenda.
444 4400 488 4455 vir
516 4404 635 4456 sanctus
664 4398 717 4455 hoo
747 4398 810 4469 ipso
838 4399 934 4471 capite
962 4399 1068 4455 asserit
1121 4400 1342 4457 sensubeoMa
1364 4402 1535 4473 nusep.cd
1551 4402 1637 4469 itast,
1655 4399 1942 4476 anagramma

244 4472 313 4545 qnod
328 4473 433 4527 mitieri
447 4488 502 4527 noc
517 4474 588 4535 ticet,
605 4472 664 4526 circ
676 4487 730 4526 con
743 4471 824 4527 licere
840 4486 846 4525 ι
863 4472 936 4526 etet
952 4486 959 4526 :
974 4486 1067 4526 omnes
1082 4456 1105 4519 D
1120 4472 1314 4529 concubinam
1342 4417 1422 4535 dicit.
1443 4472 1472 4527 id
1501 4478 1557 4537 est,
1577 4473 1788 4529 secundariam
1817 4485 1942 4527 uxorem·

242 4545 298 4599 riri
311 4543 489 4613 seclierisque
502 4543 661 4598 concubitus
676 4542 753 4596 aritia
768 4542 886 4613 tepiticn'
895 4544 1068 4598 rectrimocii
1120 4544 1196 4607 Quin
1211 4544 1270 4599 imo
1285 4542 1377 4599 Judaei
1389 4542 1544 4615 losepbus,
1560 4543 1579 4598 l.
1596 4561 1606 4599 ι
1622 4546 1717 4616 Antip.
1744 4562 1772 4601 c.
1798 4544 1831 4600 rt
1853 4547 1882 4599 ct
1904 4540 1943 4602 18,

242 4618 315 4671 sorte
328 4613 474 4669 celebrator
488 4612 587 4669 lactere
609 4629 686 4667 sucin
701 4612 819 4683 cuipam.
844 4612 945 4684 Itaque
970 4613 1067 4669 dicen·
1121 4630 1154 4671 ac
1169 4613 1263 4682 Philo,
1279 4614 1298 4670 l.
1316 4613 1397 4678 Quod
1413 4616 1489 4670 Deus
1513 4616 1552 4671 sit
1575 4614 1707 4682 immet„
1734 4615 1804 4671 licet
1828 4613 1945 4687 patriar·

244 4688 314 4742 dum
326 4684 530 4739 existimamus
542 4699 609 4738 eum
628 4683 693 4737 ideo
717 4682 870 4764 scripsisse
890 4682 1066 4739 adulterium
1121 4685 1243 4741 charum
1259 4700 1380 4741 suorum
1396 4685 1504 4757 ubique
1518 4685 1787 4755 observantissimi,
1812 4702 1868 4743 non
1893 4680 1946 4738 alio

243 4756 414 4814 antelatam
430 4754 539 4827 Moysis
562 4753 652 4823 legem
675 4770 733 4809 non
753 4770 849 4809 visum
873 4754 963 4810 luisse
977 4754 1066 4810 inter·
1121 4762 1219 4813 temen
1234 4756 1321 4812 modo
1336 4755 1485 4838 appellant
1505 4757 1696 4814 secundarios
1723 4773 1826 4814 eorum
1848 4768 1946 4811 uxores

243 4826 607 4899 dictum,utsignillcaret
630 4824 688 4879 illis
706 4826 886 4895 temporlbus
910 4827 1068 4881 eamcirca
1122 4844 1210 4900 quam
1239 4828 1428 4892 concubinas,
1457 4832 1486 4884 et
1513 4827 1591 4885 filios
1619 4845 1655 4884 ex
1681 4828 1744 4885 illis
1773 4830 1944 4901 procreatos,

244 4900 422 4958 adulterium
445 4896 640 4969 ignorantiam
665 4896 820 4962 exstitisse,
833 4913 904 4976 ,quae
927 4896 981 4952 etsi
1007 4912 1066 4953 non
1122 4915 1210 4971 quam
1225 4896 1330 4955 nothos
1345 4914 1379 4955 ec
1394 4898 1575 4971 illegitimos,
1588 4900 1666 4971 qnod
1678 4916 1740 4957 non
1752 4900 1848 4956 multo
1858 4896 1943 4954 levius

244 4972 364 5029 omnino
379 4969 496 5042 culpam
519 4966 642 5032 tolleret,
658 4966 738 5023 haud
764 4966 947 5023 mediocriter
966 4973 1067 5025 tamen
1122 4986 1187 5027 osse
1198 4971 1354 5041 putareris,
1370 4987 1461 5042 quam
1475 4970 1570 5027 dicere
1585 4970 1761 5041 hujusmodi
1781 4968 1946 5039 conjugium

243 5042 324 5099 illam
340 5042 494 5107 minueret,
506 5040 533 5094 id
549 5043 604 5102 est,
619 5037 785 5094 vincibilem
802 5038 1065 5111 ignorantiamNe·
1121 5040 1298 5098 adulterium
1312 5040 1456 5113 essequod
1470 5040 1593 5097 nondam
1606 5041 1945 5099 interdictumvidetatar.

244 5115 385 5171 moerim
406 5111 553 5185 negaverit
576 5110 662 5165 istam
687 5110 716 5165 in
738 5111 805 5179 jure
831 5109 955 5166 naturali
981 5127 1067 5183 posse
1156 5112 1214 5183 (29)
1228 5112 1304 5167 nait.
1321 5112 1385 5168 Era.
1402 5129 1467 5168 cum
1479 5113 1692 5185 posterioribus
1707 5112 1860 5179 omnibus,
1876 5110 1947 5167 Seri-

244 5184 377 5251 inveniri‚
394 5190 422 5240 et
436 5198 583 5249 excusare,
597 5186 629 5238 ut
643 5181 726 5238 aiunt
740 5180 912 5237 celebriores
928 5180 1024 5237 theolo
1047 5181 1065 5250 i,
1122 5184 1165 5241 bae
1177 5186 1204 5239 et
1218 5184 1363 5241 Pterivaei.
1380 5185 1445 5240 Am.
1461 5189 1560 5240 autem
1575 5189 1605 5240 et
1618 5202 1691 5240 mss.
1720 5201 1838 5251 omnes,
1853 5182 1946 5238 ecrite

244 5256 289 5311 sin
306 5255 404 5311 minus
419 5272 436 5310 a
451 5260 521 5321 toto,
539 5254 641 5309 saltem
659 5270 676 5309 a
691 5247 927 5323 tantoscamque
946 5268 1010 5309 esse
1026 5198 1067 5310 ‘de
1120 5254 1335 5311 Pterisaecrcm.

245 5341 304 5399 que
319 5326 460 5399 scriptum
476 5324 515 5381 sit
535 5326 604 5381 Luc.
629 5326 729 5406 xn,l8
745 5341 751 5379 :
769 5324 822 5393 Qui
836 5326 928 5406 aaran
948 5340 1002 5380 noc
1025 5340 1069 5380 co·
1156 5326 1213 5400 (30)
1229 5325 1360 5383 Latinius
1372 5324 1530 5409 legendum
1545 5327 1690 5398 conjectat
1714 5326 1763 5383 cat
1782 5344 1830 5383 cm
1849 5326 1946 5399 prete·

264 5396 346 5460 nouit,
370 5405 395 5453 et
418 5398 483 5467 facit
505 5396 588 5467 diqaa
611 5396 710 5467 placas,
739 5394 880 5468 copulabit
902 5397 1007 5467 parreia.
1032 5395 1068 5452 Et
1119 5406 1202 5455 eant.
1217 5398 1273 5455 Sed
1287 5396 1360 5455 nihil
1375 5398 1423 5455 lnc
1436 5398 1610 5455 mutandum
1627 5414 1696 5455 curn
1711 5344 1838 5456 vargum
1851 5403 1945 5471 prete·

243 5414 299 5527 goe
314 5465 478 5525 sufficiebat
499 5482 565 5525 curn
590 5467 627 5525 ad
650 5468 848 5527 excusandum
864 5466 1066 5526 abrahamum
1119 5471 1183 5531 ecit
1194 5469 1336 5531 reseretur
1349 5470 1387 5532 ed
1398 5484 1499 5532 rocem
1512 5471 1613 5551 prata.

245 5536 323 5619 epod
339 5554 388 5599 eos
401 5554 474 5617 qnos
489 5536 701 5615 alloquebatur,
724 5539 775 5617 qui
799 5538 900 5603 ecdem
922 5540 1067 5617 perpetre-
