4159 6184
234 377 296 442 303
966 375 1001 436 S.
1022 372 1212 438 anasosu
1875 373 1937 448 3οι

236 508 326 580 pliees
341 511 455 564 mentes
473 507 621 567 malitiosa
636 504 874 579 interpretatione
889 505 1054 560 traducant.
1069 506 1098 571 Α
1112 504 1136 559 si
1152 503 1182 558 in
1198 504 1234 561 iis
1249 509 1312 576 que
1327 502 1539 561 irrationabilia
1548 508 1618 560 sunt
1628 500 1800 571 animantia,
1811 504 1935 578 quidam

235 596 369 670 Plerique
383 596 473 667 enim,
491 614 616 670 quorum
632 600 733 651 auctor
756 592 882 668 Apelles,
908 595 985 650 siout
1007 593 1057 649 ba·
1111 593 1147 648 de
1162 593 1283 648 adverso
1299 608 1404 666 genere
1419 591 1763 649 animantiumnaturalis
1774 596 1934 660 estiennot,

233 682 286 741 bes
298 685 329 742 in
344 685 493 743 tricesimo
508 691 536 742 et
551 692 649 742 octavo
664 687 743 740 tomo
759 685 834 755 ejus,
849 683 903 740 has
919 683 1056 755 questio·
1111 685 1143 736 ut
1166 681 1255 736 etiam
1281 681 1496 737 irrationabilia
1519 697 1638 737 sensum
1662 681 1807 755 fugiende
1830 681 1936 738 mortis

235 790 287 832 nes
301 778 487 849 proponunt:
504 773 653 840 Quomodo
669 772 859 847 lignumvita
871 772 1055 845 plusoperari
1111 769 1272 842 accipiant:
1289 775 1398 842 quanto
1415 769 1509 844 magis
1523 771 1552 826 in
1569 771 1663 842 primo
1678 771 1797 827 homine
1813 770 1936 829 rationis

234 862 350 920 videtur
364 864 399 919 ad
415 863 516 928 vitam,
533 879 621 934 quum
637 861 798 918 insufflatio
814 861 885 918 Dei‘f
899 860 1008 917 Deinde
1031 860 1055 915 si
1112 859 1213 930 utique
1228 857 1409 930 planissime,
1426 857 1567 915 naturalis
1578 859 1711 932 quaedam
1722 858 1819 932 opinio
1830 859 1936 915 mortis

234 950 384 1008 bominem
400 968 457 1006 non
473 950 632 1022 perfectum
648 950 725 1019 feeit,
743 955 830 1019 Deus;
851 949 1056 1023 unusquisque
1111 947 1213 1002 debuit
1227 949 1433 1006 essevitandae.

234 1043 332 1094 autam
343 1055 394 1111 per
408 1037 587 1095 industriam
602 1039 751 1111 propriam
767 1039 972 1112 perfectionem
997 1037 1054 1093 sibi
1430 1055 1547 1112 CAPUT
1562 1055 1609 1114 pp·

234 1126 351 1184 virtutis
380 1125 531 1182 adsciscit:
548 1127 773 1183 nonnevidetur
793 1126 860 1199 plus
884 1126 940 1182 sibi
969 1125 1056 1182 honio
1111 1142 1489 1214 ,pfffippuregdupqpapiom
1508 1147 1583 1200 circa
1603 1152 1775 1217 proeoepmm
1796 1145 1864 1204 ,ΜΕ
1885 1144 1938 1202 da.

234 1215 395 1286 acquirere,
412 1231 501 1287 quam
525 1215 550 1270 ei
573 1215 651 1271 Deus
680 1215 824 1271 contulit‘?
848 1215 980 1270 Tertium
1010 1215 1058 1271 ob·
1148 1219 1215 1280 inm,
1231 1217 1335 1272 etEoe
1348 1217 1601 1287 praeuaricationem
1617 1218 1751 1272 eecimtno
1768 1215 1861 1272 dilnit.

230 1301 352 1376 jiciunt:
369 1302 403 1358 llt
417 1302 441 1359 si
456 1303 544 1359 bomo
560 1321 617 1359 non
642 1306 810 1376 gustaverat
838 1308 973 1371 mortem,
999 1304 1056 1359 uti·
1146 1302 1191 1358 30.
1209 1303 1321 1359 Rursus
1337 1303 1534 1360 faciuntalias
1555 1303 1731 1376 questiones
1754 1303 1809 1359 boc
1830 1304 1935 1360 modo:

235 1407 292 1464 que
307 1408 396 1465 quam
412 1408 470 1448 non
485 1397 664 1466 gustaverat,
681 1393 755 1448 scire
766 1409 823 1449 non
837 1396 961 1464 poterat.
983 1393 1057 1465 Ergo
1112 1393 1175 1447 Non
1191 1409 1306 1464 semper
1320 1390 1367 1459 (ιιι,
1383 1410 1412 1464 q.
1429 1393 1455 1461 l,
1480 1409 1506 1449 c.
1527 1393 1587 1449 Non
1612 1395 1728 1466 semper)
1753 1391 1865 1448 malum
1890 1395 1939 1450 est

235 1479 333 1537 sinon
355 1485 523 1554 gustaverat
555 1481 629 1537 150
655 1481 817 1538 nesciebat:
846 1480 871 1536 si
897 1480 1057 1546 nesciebat,
1112 1497 1169 1536 non
1186 1481 1304 1536 obedire
1318 1484 1469 1553 praeeepto.
1483 1481 1513 1537 Si
1526 1474 1605 1536 enim
1630 1482 1740 1537 bonum
1765 1484 1810 1537 est
1828 1497 1937 1554 prece-

235 1569 339 1626 timere
354 1587 413 1625 non
428 1574 553 1642 poterat.
574 1571 695 1626 Frustra
708 1570 798 1643 igitur
823 1574 900 1626 Deus
931 1574 1057 1624 mortem
1114 1573 1207 1641 ptum,
1224 1570 1346 1624 honesta
1367 1574 1411 1625 est
1435 1569 1577 1626 obeditio:
1607 1570 1686 1643 quod
1716 1570 1740 1625 ei
1766 1570 1937 1642 improbum

233 1661 405 1731 proterrere
420 1657 538 1728 objecit,
555 1675 644 1731 quam
660 1657 794 1714 homines
810 1675 868 1714 non
884 1658 1037 1714 timebant.
1113 1662 1299 1730 praeceptum,
1316 1675 1373 1712 non
1402 1658 1519 1715 obedire
1534 1657 1615 1714 utile.
1640 1659 1714 1730 Drgo
1739 1675 1799 1714 non
1819 1673 1939 1732 semper

269 1746 314 1801 29.
331 1746 484 1803 Discamus
500 1746 590 1820 igitur
613 1748 690 1819 quod
715 1747 754 1802 ibi
779 1746 893 1819 lignum
917 1745 980 1801 vitre
1007 1746 1057 1802 ubi
1113 1744 1224 1800 nnalum
1241 1751 1284 1801 est
1300 1763 1356 1802 non
1373 1745 1489 1802 obedire
1505 1750 1667 1819 precepto:
1684 1746 1735 1802 scd
1764 1747 1840 1803 bono
1861 1764 1938 1820 prae-

234 1833 443 1907 etiamlignum
455 1835 658 1891 scientieboni
673 1835 778 1891 etmali
790 1836 1055 1908 produxeritDeus.
1074 1867 1097 1931 B
1114 1839 1195 1906 cepto
1211 1851 1268 1889 nou
1284 1833 1401 1890 obedire
1416 1835 1584 1906 improbum
1599 1838 1653 1891 est.
1665 1836 1776 1890 Donum
1788 1839 1939 1892 autemest

234 1921 329 1980 Habes
344 1923 422 1978 enim
438 1923 507 1996 quia
521 1924 659 1998 produxit
687 1923 801 1997 lignum
817 1926 881 1980 vitre
896 1932 993 1996 ἐνμέσῳ
1014 1926 1059 1996 (30
1119 1924 1187 1978 157
1208 1923 1404 1994 operatorium
1421 1922 1672 1996 cognitionisboni
1683 1921 1792 1979 etmali
1804 1921 1936 1996 lignum;

235 2020 279 2069 τοι
292 2020 448 2085 παραδείσου,
473 2013 528 2069 boo
549 2018 602 2083 est,
632 2013 661 2068 in
686 2015 782 2070 medio
803 2014 940 2086 paradisi.
972 2014 1057 2086 Apud
1113 2011 1349 2083 quandoquidem
1372 2012 1449 2067 Deus
1471 2015 1500 2068 et
1523 2013 1633 2068 bonum
1649 2015 1678 2067 ει
1706 2011 1816 2067 malum
1846 2012 1937 2068 novit.

235 2118 289 2158 nos
303 2102 381 2158 enim
397 2110 422 2158 ιν
437 2112 505 2176 μέσῳ
519 2102 703 2176 intelligitur,
720 2103 798 2174 quod
820 2103 849 2157 in
865 2103 961 2158 medio
988 2120 1057 2175 pro·
1114 2101 1244 2172 Denique
1260 2100 1318 2154 ait:
1340 2101 1404 2156 Doce
1428 2101 1514 2156 Adam
1536 2103 1625 2172 foetes
1646 2108 1685 2156 est
1710 2107 1841 2174 tanquam
1863 2119 1939 2159 enas

236 2189 360 2247 duxerit.
375 2192 450 2264 Drgc
480 2192 510 2246 in
526 2191 623 2247 modio
652 2191 831 2262 paradisoet
860 2191 918 2247 vita
941 2196 1005 2247 erat
1031 2195 1060 2247 ει
1113 2189 1308 2258 rcootrnmffll)
1336 2189 1412 2260 (Gen.
1440 2207 1481 2260 nr,
1508 2191 1564 2261 22).
1581 2189 1611 2245 Si
1627 2189 1718 2262 igitur
1744 2190 1855 2246 bonum
1891 2194 1940 2248 est

235 2277 597 2352 causamortis.lntellige
619 2279 674 2350 (31)
698 2280 767 2352 quia
792 2297 848 2335 non
875 2280 962 2335 homo
991 2279 1060 2335 fecit
1113 2278 1266 2333 scientiam
1281 2277 1469 2334 habereboni
1495 2283 1524 2334 et
1548 2277 1618 2334 mali
1644 2279 1713 2352 (35),
1734 2278 1811 2335 bona
1836 2283 1938 2335 autem

234 2366 335 2437 vitam,
352 2367 462 2424 sedvel
490 2367 637 2440 operando
650 2368 696 2424 vel
711 2368 902 2424 custodiendo
921 2369 1060 2423 mandata
1113 2371 1158 2422 εει
1172 2383 1261 2439 quam
1277 2366 1365 2422 etiam
1383 2367 1459 2423 Deus
1472 2366 1569 2435 babet,
1585 2367 1699 2424 videtur
1714 2367 1765 2440 qui
1788 2365 1940 2424 interdicit

237 2454 287 2512 Dei
301 2455 396 2528 potuit
410 2455 549 2512 invenire.
565 2457 633 2512 Drat
649 2460 746 2512 autem
761 2458 825 2523 nite,
847 2456 923 2513 sicut
936 2459 1058 2530 Aposto·
1113 2473 1177 2512 eam
1193 2454 1373 2523 hominibus,
1391 2473 1446 2510 non
1463 2461 1539 2514 reete
1554 2456 1745 2521 interdicere:
1763 2457 1850 2530 idque
1873 2473 1940 2530 pro-

236 2542 283 2599 lus
294 2543 376 2612 dixit,
392 2543 547 2600 abscondito
561 2561 624 2600 curn
639 2545 744 2600 Claristo
760 2548 788 2600 in
805 2547 857 2602 Deo
878 2545 988 2607 (Coton.
1015 2564 1056 2615 ιιι,
1113 2549 1236 2617 ponunt.
1267 2545 1322 2600 Sed
1347 2544 1372 2599 si
1397 2543 1562 2617 intelligant
1596 2544 1666 2616 quid
1692 2544 1731 2601 sit
1752 2561 1939 2619 cognoscere,

234 2632 273 2706 3).
298 2632 390 2688 Ηοιιιο
417 2649 486 2706 ergo
515 2633 620 2689 sivein
648 2634 753 2689 umbra
776 2635 918 2690 vilescat
942 2640 1059 2707 propter
1114 2650 1201 2705 quam
1221 2633 1276 2687 cim
1293 2633 1626 2690 babeathocverbum:
1655 2631 1680 2688 si
1706 2633 1749 2689 sic
1773 2632 1942 2706 intelligant

234 2719 324 2777 vitam
340 2721 471 2777 futuram
487 2721 552 2793 (32),
568 2721 638 2793 quia
654 2722 757 2777 umbra
771 2726 816 2778 est
829 2723 890 2777 bec
903 2739 966 2794 quae
980 2740 1058 2778 nnnc
1114 2722 1363 2794 quemadmodum
1388 2727 1512 2794 oportet,
1535 2723 1661 2792 cognouit
1688 2721 1768 2777 enim
1808 2724 1941 2778 Dominus

235 2809 511 2866 nostraestvitain
537 2813 624 2879 terra,
648 2810 707 2866 sive
729 2810 760 2866 in
785 2811 913 2882 quodam
937 2811 1058 2884 pignora
1112 2812 1162 2884 qni
1184 2819 1247 2866 snrrt
1280 2812 1364 2882 ipsine
1381 2813 1417 2867 lli
1439 2811 1504 2866 Tim.
1527 2827 1558 2879 ιι,
1587 2811 1647 2883 ι9);
1676 2811 1811 2884 cognovit
1835 2811 1942 2884 utique

235 2897 839 2970 viteerat,quiahabebatinsufllationem
850 2899 1059 2955 Deitlabebat
1113 2916 1162 2956 eos
1187 2899 1236 2972 qui
1263 2915 1404 2955 onumen
1429 2897 1564 2971 pluribus
1580 2899 1648 2955 facti
1678 2902 1758 2966 sunt,
1773 2899 1804 2954 in
1828 2899 1941 2973 quibus

236 3002 305 3060 ergo
321 2986 427 3060 pignus
442 2985 686 3044 immortalitatis:
705 2989 755 3044 sed
771 2989 801 3044 in
818 2988 997 3044 umbravite
1011 3006 1059 3061 pe
1113 2987 1267 3055 inhabitat,
1294 2993 1322 3044 et
1341 2987 1371 3044 in
1397 2988 1504 3060 quibus
1536 2987 1729 3061 perambulat.
1758 2987 1942 3062 Cognoscere

236 3074 312 3132 situs
326 3075 530 3133 absconditam
544 3075 869 3133 vitamcumeristoin
882 3077 1067 3152 Deovulgari-
1114 3077 1214 3151 utique
1230 3094 1286 3133 non
1303 3077 1331 3131 in
1349 3076 1411 3133 sola
1426 3081 1454 3132 et
1468 3076 1665 3150 perfunctoria
1679 3077 1803 3133 seientia
1817 3081 1871 3144 ast,
1882 3065 1938 3134 ssd

236 3164 363 3240 quodam
378 3168 458 3221 tactu
472 3169 502 3221 et
516 3169 634 3238 aspectu
652 3166 749 3222 vidore
767 3171 795 3222 et
811 3183 913 3239 capere
928 3185 985 3223 non
1003 3184 1057 3240 po·
1114 3167 1256 3222 incorum
1274 3166 1441 3238 operatione
1463 3182 1525 3238 qua
1551 3169 1682 3237 oporteat
1704 3165 1777 3220 fieri.
1804 3165 1942 3238 Oportuit

235 3258 320 3311 terat.
338 3253 372 3308 lit
386 3253 411 3309 si
436 3254 567 3310 nondum
593 3259 736 3326 peccator,
753 3272 811 3310 non
840 3260 939 3310 tamen
961 3256 1057 3312 incor—
1074 3233 1095 3299 (ἶ
1115 3259 1211 3311 autem
1228 3253 1377 3310 hominem
1393 3254 1510 3310 obedire
1526 3254 1674 3324 mandato,
1691 3271 1748 3310 non
1773 3253 1939 3312 obediendo

237 3348 329 3417 rupte
344 3342 579 3416 inviolabilisque
595 3349 720 3412 nature;
746 3348 860 3417 utpote
884 3346 934 3417 qui
958 3350 1059 3417 postea
1114 3350 1210 3400 autem
1232 3342 1436 3417 praevaricatus
1463 3349 1517 3400 est.
1535 3343 1627 3416 lgitur
1642 3344 1692 3415 qui
1717 3361 1774 3400 non
1798 3343 1939 3412 obedivit,

236 3437 355 3506 peccato
371 3430 471 3502 lapsus
486 3436 540 3501 est,
557 3449 742 3505 nequaquam
758 3438 856 3489 autern
870 3433 966 3490 adbuc
989 3452 1057 3508 pec·
1112 3433 1227 3502 erravit,
1251 3432 1321 3505 quia
1346 3431 1542 3504 prevaricatio
1567 3437 1718 3505 peecatum
1746 3436 1801 3488 εει.
1826 3431 1940 3490 Verum

236 3526 327 3578 ceter.
356 3519 488 3593 Denique
513 3521 542 3577 in
567 3522 671 3577 umbra
691 3522 755 3578 vitre
779 3527 855 3578 erni:
881 3522 932 3596 qui
959 3528 1057 3580 eutem
1112 3521 1239 3580 etiamsi
1269 3527 1424 3578 extenuare
1451 3519 1540 3577 velint
1561 3521 1621 3577 vim
1646 3520 1872 3594 cognitionibus,
1905 3527 1941 3577 ut

235 3616 403 3683 peccatores
418 3615 498 3679 sunt,
515 3611 545 3665 in
563 3611 1056 3669 umbramortissunt.Peccatorem
1112 3610 1339 3684 perfunctoriam
1355 3609 1507 3667 scientiam
1522 3610 1591 3666 boni
1607 3614 1636 3666 et
1651 3609 1720 3665 mali
1748 3608 1938 3668 interdictam

236 3699 315 3755 enim
343 3699 481 3772 populus,
507 3701 584 3756 sicut
611 3700 687 3758 lenia
722 3701 806 3756 docet
842 3703 905 3770 (iso.
945 3720 982 3770 ra,
1017 3706 1056 3774 2),
1112 3697 1939 3772 putent,ineoquoquepraevarieaticnisculpaestnon

235 3787 394 3844 sedebatis
410 3790 515 3845 umbra
530 3789 643 3851 mortis,
660 3789 707 3844 cui
723 3788 773 3845 lux
787 3795 851 3846 orta
865 3806 916 3861 per
926 3790 977 3846 Dei
990 3807 1056 3864 gra·
1111 3789 1260 3846 obeditum
1276 3805 1340 3844 esse
1357 3789 1509 3856 mandat03
1526 3787 1596 3858 quia
1610 3787 1699 3843 etiam
1710 3785 1938 3844 tumultuariam

233 3875 316 3947 tiam,
332 3894 391 3934 non
406 3894 457 3950 per
472 3895 531 3934 sua
556 3877 673 3935 virtutis
699 3878 848 3934 meritum.
879 3879 954 3952 Ergo
981 3881 1057 3935 inter
1112 3877 1263 3934 scientiam
1280 3877 1347 3933 boni
1365 3881 1393 3932 et
1408 3874 1478 3932 mali
1494 3875 1637 3932 Dominus
1652 3876 1728 3932 Deus
1739 3875 1940 3948 putavitinbi·

233 3964 463 4024 insufflationem
478 3967 540 4036 Dei,
555 3970 584 4022 et
598 3965 772 4040 escamligni
783 3966 847 4022 vite
858 3965 939 4022 nulla
950 3966 1054 4024 discre-
1111 3967 1247 4023 bendam.

231 4053 355 4111 tio.Nec
382 4055 532 4112 bominem
563 4054 629 4127 quis
659 4060 756 4128 potest
784 4055 880 4111 dicare
904 4054 970 4127 plus
998 4056 1055 4112 sibi
1145 4053 1418 4126 31.Aliaquaestio:
1440 4053 1494 4121 Oui
1514 4071 1572 4111 non
1596 4054 1746 4128 cognoscit
1770 4056 1882 4111 bonum
1905 4061 1936 4112 et

230 4159 317 4216 posse
332 4142 492 4216 acquirere,
509 4162 599 4217 quam
610 4145 710 4200 divina
725 4145 750 4200 ei
767 4143 900 4218 largitate
916 4144 1054 4201 collatum
1110 4143 1234 4214 malum,
1250 4143 1322 4199 nibil
1339 4141 1490 4216 sparvulo
1505 4143 1604 4200 distat.
1615 4142 1837 4200 Parvuliautem
1852 4145 1933 4216 apud

230 4235 285 4287 est.
313 4231 430 4288 Utinam
459 4237 611 4306 acceptum
637 4237 736 4289 tenere
763 4249 929 4305 possemus.
960 4234 1056 4290 Labor
1105 4229 1934 4305 justumjudieemnullaestculpa.lustusautemope-

230 4318 338 4375 etenim
362 4325 461 4377 noster
483 4339 517 4378 eo
545 4320 669 4393 proficit,
686 4326 719 4377 ut
744 4338 808 4393 que
837 4323 948 4377 tributa
971 4327 1052 4388 sunt,
1108 4327 1187 4377 rator
1202 4321 1304 4376 mundi
1320 4335 1472 4391 nunquam
1482 4319 1638 4392 parvulum
1658 4324 1791 4377 vocasset
1812 4319 1843 4376 in
1868 4319 1934 4377 cul·

230 4422 427 4465 resumamus.
443 4411 574 4466 Tertium
591 4409 663 4466 illud
680 4411 757 4482 quod
787 4410 971 4484 propositum
996 4417 1051 4479 ast,
1107 4427 1185 4482 pam,
1214 4414 1331 4482 propter
1359 4408 1436 4481 qued
1465 4424 1523 4464 non
1550 4413 1723 4481 cognoverat
1750 4409 1861 4465 bonum
1906 4417 1936 4466 et

230 4492 576 4567 quiaquimortemnon
595 4503 773 4572 gustaverat,
802 4503 925 4555 mortem
947 4499 1051 4556 timere
1106 4499 1239 4566 malum,
1256 4498 1324 4570 quia
1339 4496 1478 4570 parvulus
1490 4497 1552 4553 sins
1569 4496 1629 4554 ullo
1644 4502 1688 4554 est
1703 4497 1827 4554 crimine
1855 4515 1932 4571 prae·

230 4597 288 4638 non
303 4586 519 4656 poterat,facile
534 4589 749 4645 excommunis
765 4592 876 4644 naturas
892 4605 946 4643 usu
966 4589 1051 4646 absc·
1066 4597 1091 4663 1)
1105 4586 1293 4645 varicationis
1309 4590 1337 4642 et
1352 4584 1454 4658 eulpae.
1470 4585 1578 4642 Verum
1592 4602 1660 4642 cum
1676 4585 1705 4642 in
1726 4585 1930 4659 superioribus

227 4667 370 4727 lotionem
386 4670 482 4729 habet.
499 4675 549 4730 Est
563 4676 639 4732 eninr
656 4681 770 4745 natura,
782 4676 904 4732 insitum
915 4677 1052 4734 omnibus
1107 4675 1267 4732 dixerimus
1277 4673 1424 4747 duplicem
1441 4689 1505 4730 esse
1521 4673 1701 4730 intellectum
1717 4673 1844 4730 scientie
1860 4674 1932 4731 boni

227 4760 439 4831 animantibus,
457 4769 488 4819 ut
512 4765 600 4820 etiam
626 4782 689 4837 que
719 4765 923 4821 nondumsibi
948 4783 1052 4823 nocere
1106 4769 1134 4822 et
1163 4763 1241 4834 mali,
1271 4763 1296 4832 si
1325 4761 1553 4836 perfunctoriam
1580 4763 1733 4819 scientiam
1757 4762 1931 4838 accipimus,

226 4854 344 4924 experta
358 4855 437 4920 sunt,
455 4854 540 4924 quasi
555 4854 642 4927 noxia
656 4854 855 4909 reformident.
865 4854 945 4910 Unde
960 4855 1049 4928 enim,
1106 4855 1207 4927 utique
1223 4852 1329 4909 falsum
1345 4851 1480 4923 estquod
1500 4850 1574 4906 nihil
1588 4851 1709 4908 distata
1731 4849 1861 4925 parvulo,
1878 4852 1933 4924 qui

225 4939 367 4996 columba
380 4940 409 4996 in
425 4941 488 5013 ipso
504 4941 550 4997 sui
564 4947 628 4998 ortu
642 4941 694 4997 visi
711 4948 803 4998 terror
811 4943 957 5015 accipitris
972 4945 1049 5017 (33)ι
1105 4961 1162 4998 non
1179 4939 1313 5015 coguovit
1327 4940 1438 4996 benum
1454 4945 1482 4996 ει
1497 4939 1620 4997 melum.
1637 4941 1667 4997 Si
1695 4945 1794 4997 autem
1818 4939 1928 4996 falsum

225 5025 305 5084 Unde
320 5028 382 5101 lupi
398 5031 501 5086 ovibus
518 5030 732 5100 formidabiles,
749 5031 838 5104 pullis
853 5031 952 5087 milvi‘l
966 5034 1046 5098 Quod
1105 5029 1236 5104 estquod
1251 5027 1323 5085 nibil
1337 5029 1454 5084 distata
1468 5027 1606 5101 parvulo;
1622 5045 1690 5103 ergo
1709 5047 1767 5086 non
1787 5027 1931 5102 parvulus

260 5167 317 5239 (30)
336 5170 406 5226 Μεε.
435 5188 536 5229 omnes
563 5178 624 5228 tam
653 5175 825 5246 depravatos
866 5175 1048 5232 characteres
1138 5174 1194 5244 (33)
1210 5171 1281 5228 Μεε.
1297 5174 1363 5226 Vat.
1376 5173 1405 5226 at
1418 5169 1448 5224 S.
1469 5169 1557 5227 Mioh.
1594 5170 1929 5239 rimamanu,nisoter-

224 5237 494 5321 Grecosexbibent,
511 5250 543 5300 ut
568 5244 623 5316 legi
652 5250 807 5317 nequeant.
834 5246 958 5310 Quidam
980 5263 1047 5304 vero
1102 5249 1198 5302 rentur
1225 5244 1365 5314 accipitre.
1392 5240 1447 5296 Alii
1464 5187 1610 5310 nonnulii,
1635 5245 1705 5306 ciac,
1731 5241 1776 5298 vel
1790 5243 1853 5310 uia,
1868 5250 1930 5300 ter-

225 5308 327 5364 Latrne
339 5312 481 5380 scribunt,
497 5317 610 5386 Apeiros
624 5319 698 5373 enirn
713 5318 881 5386 intelligitur
906 5319 937 5371 in
960 5333 1047 5375 ame·
1103 5333 1192 5372 rorem
1205 5314 1356 5385 accipiant.
1374 5313 1406 5367 lu
1418 5311 1540 5384 reliquis
1555 5313 1614 5368 fere
1629 5312 1701 5368 nibil
1717 5313 1792 5369 sani.

224 5381 406 5461 nonlldith.
436 5386 513 5450 Am,
543 5394 765 5461 ἐνμεσουροενυς.
788 5390 882 5452 Quare
922 5387 952 5442 in
982 5405 1045 5445 eor·
1138 5387 1289 5459 (Billlom.
1307 5383 1388 5452 edit,
1418 5399 1490 5438 tanin
1517 5384 1690 5440 nostremod
1717 5383 1857 5442 sciendum
1877 5385 1927 5442 to-

224 5466 257 5505 ru
280 5453 443 5508 tranctanta
451 5457 712 5515 satiusvideturab
719 5458 805 5514 editis
815 5475 873 5514 non
885 5459 1045 5530 discedere,
1099 5475 1167 5514 nam
1180 5461 1205 5513 et
1219 5457 1333 5511 naulum.

258 5466 316 5592 (31)
330 5520 432 5580 Ριιιιεε
447 5541 532 5597 mss,
546 5531 573 5582 et
584 5545 695 5586 concern
713 5532 810 5586 mertia
838 5529 961 5601 intellige
984 5547 1044 5603 qen
1135 5530 1192 5662 (3ο)
1203 5529 1286 5584 lium
1302 5526 1383 5598 edit,
1399 5527 1506 5584 Beiram
1524 5529 1617 5584 antem
1631 5526 1738 5600 lignum
1759 5527 1929 5597 cognitionis

1098 5608 1125 5660 ct

222 5595 303 5738 οἱἵιι)
318 5660 389 5722 Mes.
405 5679 495 5739 prope
509 5682 621 5740 omnes,
634 5678 744 5748 propter
761 5671 880 5746 liparem
907 5676 1043 5748 itteram,

1155 5601 1204 5660 oni
1217 5599 1297 5658 mcii.
