4159 6184
212 386 279 461 'ere

950 391 983 455 S.
1006 390 1196 456 insensu

1865 392 1925 455 376

220 526 317 605 potuit
329 523 404 587 alter
416 526 567 588 occideret
577 527 610 586 Si
623 540 746 585 accusas
761 530 906 600 parentes,
921 521 1046 599 parrici-
1058 525 1087 593 A
1100 523 1163 584 Non
1178 526 1223 583 est
1236 540 1305 600 ergo
1320 523 1445 584 dubium
1460 524 1537 600 quud
1551 542 1619 587 eum
1633 526 1662 585 et
1676 522 1828 603 superiora
1842 510 1925 590 dam·

221 620 290 680 (lam
305 619 422 693 probos.
434 619 532 676 Potuit
545 619 664 674 fratrem
680 615 822 685 occidere,
838 615 890 689 qui
905 633 962 672 non
978 632 1048 687 por·

221 709 263 767 uit
275 708 458 783 parentibus.
483 705 580 765 Potuit
603 705 749 779 parricide
763 707 841 765 220
855 722 929 775 csse,
945 704 996 779 qui
1011 706 1047 763 de

221 799 378 875 parricidis
387 815 419 855 so
431 801 527 854 ortum
541 795 666 868 probare
681 796 836 853 desiderat.

224 880 229 886 ’
257 889 303 945 60.
316 892 352 944 Et
365 888 438 944 bene
450 885 494 941 ait
508 899 515 939 ε
534 886 590 942 Vox
602 886 747 957 sanguinis
760 886 859 957 fratris
867 886 911 941 tut
933 886 1049 951 clamat,

223 994 282 1034 noa
297 978 388 1033 frater
401 972 518 1030 clamat.
542 973 602 1030 lloc
624 973 792 1030 innoeentia
815 978 845 1030 et
866 973 961 1046 gratia
982 988 1046 1047 ger-

222 1062 375 1123 manitatis
388 1060 477 1119 ctiam
489 1061 519 1118 in
534 1063 600 1135 ipsa
614 1066 707 1119 morte
722 1067 818 1119 servet
832 1062 899 1135 (68).
914 1062 978 1118 Non
998 1078 1046 1117 ac-

221 1156 307 1210 cuset
319 1153 409 1209 freter
422 1150 504 1219 Abel,
520 1167 557 1207 ne
579 1150 714 1208 videatur
739 1150 894 1225 parricida.
911 1150 974 1207 Non
999 1166 1046 1206 ac-

222 1246 307 1300 cusat
320 1258 374 1297 nux
389 1241 494 1313 ipsius,
510 1257 568 1297 non
582 1240 682 1297 anima
695 1242 770 1313 ejus,
787 1241 839 1298 sed
854 1257 908 1297 vox
927 1238 1046 1313 sangui-

1101 614 1243 685 ascedat,
1270 631 1359 688 quem
1383 614 1521 674 inferiora
1544 617 1731 675 damnarunt.
1753 616 1826 677 Nem
1852 633 1925 691 quo·

1102 704 1188 761 modo
1221 702 1383 761 absolvitur
1416 722 1490 784 pura
1522 704 1583 761 illic
1615 703 1781 781 coeleetique
1813 708 1927 763 senteu-

1100 792 1143 849 tia
1170 793 1227 865 (71)
1254 809 1342 867 quem
1374 810 1427 851 nec
1459 798 1541 851 terre
1575 797 1733 868 potueruut
1760 793 1928 853 absolvere?

1100 880 1136 938 ut
1150 880 1215 939 ideo
1229 897 1351 956 gemens
1367 886 1396 939 et
1409 886 1539 943 tremens
1550 884 1672 959 jubetur
1686 900 1750 942 esse
1765 900 1855 957 super
1869 888 1926 941 ter·

1102 986 1176 1028 ram.

1136 1060 1180 1115 32.
1198 1060 1321 1117 Evidens
1344 1061 1547 1135 generalisque
1571 1062 1656 1131 ratio,
1671 1062 1740 1137 quia
1768 1062 1849 1119 omni
1871 1064 1925 1121 im-

1101 1149 1191 1222 probo
1207 1148 1285 1206 mela
1299 1150 1417 1219 adeunt,
1432 1154 1460 1207 ct
1475 1152 1611 1209 adfutura
1627 1154 1706 1209 sunt.
1722 1154 1790 1219 oure
1806 1152 1926 1220 adsunt,

1100 1237 1251 1295 tristitiam
1284 1242 1458 1313 operantur,
1493 1257 1557 1313 qua
1591 1240 1699 1311 futura,
1728 1240 1926 1299 formidinem.

221 1332 270 1389 nis
296 1334 426 1397 accusat,
450 1346 539 1403 quom
566 1332 630 1405 ipse
658 1329 769 1387 fudisti.
794 1328 892 1386 'fuum
920 1332 949 1385 te
977 1344 1046 1403 ergo
1100 1326 1157 1386 Sed
1173 1326 1342 1400 improbum
1357 1327 1425 1403 plus
1440 1327 1602 1403 presentia,
1616 1346 1704 1406 quam
1726 1329 1828 1387 fotura
1850 1328 1924 1409 stt

220 1421 346 1488 facinus,
363 1437 420 1477 non
445 1420 534 1477 frater
557 1418 784 1477 accusatsimul
806 1417 925 1491 querela
948 1417 1046 1475 crimi-
1101 1413 1270 1473 sollicitant.
1287 1414 1368 1473 Unde
1392 1420 1422 1473 et
1442 1416 1511 1477 Gnin
1535 1416 1608 1474 dixit
1630 1417 1667 1475 ad
1692 1416 1783 1478 Deum
1810 1434 1818 1474 ι
1842 1418 1929 1491 lfojor

221 1526 296 1569 noso
309 1510 367 1584 (69)
383 1509 599 1566 adimitur.Non
615 1512 712 1582 potest
726 1508 761 1564 de
775 1508 869 1565 alieno
879 1506 1047 1565 testimonio
1101 1508 1421 1579 rememoraturum
1443 1514 1473 1563 ot
1492 1506 1648 1563 dimittatur
1661 1506 1741 1563 mibi.
1758 1504 1790 1564 Si
1807 1506 1927 1565 dereltw

222 1599 317 1673 queri,
347 1597 398 1671 qni
425 1596 536 1654 crimen
565 1597 682 1671 proprio
718 1596 847 1653 facinore
881 1596 1046 1653 confltetur.
1102 1608 1224 1666 querere
1238 1594 1329 1665 bodie,
1352 1612 1370 1652 o
1391 1595 1462 1666 tocie
1485 1598 1533 1652 toa
1557 1594 1719 1653 abscondam
1734 1594 1928 1669 me(Gco.1v,

222 1687 320 1747 ldinur
342 1690 388 1745 est
410 1702 517 1755 sermo,
534 1702 624 1760 qnam
642 1686 763 1742 factum.
779 1686 831 1742 list
845 1688 943 1742 tumen
959 1684 1047 1742 etiam
1102 1680 1147 1751 te,
1168 1682 1220 1755 tt).
1238 1680 1318 1739 Nihil
1333 1682 1412 1741 enim
1428 1684 1546 1759 gravius
1560 1701 1649 1759 quam
1665 1688 1811 1745 errantem
1835 1702 1852 1741 a
1869 1684 1930 1743 Duo

221 1781 301 1833 terra
314 1776 409 1844 testis,
426 1791 490 1847 qua
514 1774 590 1847 oepit
612 1773 798 1848 sanguinem.
816 1774 850 1829 lit
873 1773 947 1830 bens
971 1773 1013 1831 ait
1038 1790 1046 1832 ε
1102 1770 1209 1842 deseri,
1224 1776 1258 1829 nt
1272 1786 1303 1831 se
1318 1787 1452 1829 revocare
1476 1789 1534 1830 non
1556 1772 1660 1847 possit.
1676 1772 1754 1833 Mors
1767 1774 1931 1847 peccatorio

223 1865 280 1922 tce
300 1865 444 1936 sangoinis
472 1864 570 1937 [ratris
596 1864 640 1919 tui
664 1862 699 1918 de
726 1865 800 1918 terro
828 1862 932 1918 domm
953 1878 963 1917 :
988 1876 1046 1918 non
1062 1891 1087 1959 B
1103 1858 1192 1917 tinem
1207 1861 1347 1935 peccandi
1361 1862 1446 1923 affert
1467 1880 1474 1919 ε
1498 1862 1558 1919 vita
1582 1865 1682 1920 autem
1705 1861 1803 1921 divino
1821 1862 1931 1939 guber·

222 1952 306 2021 dixit,
323 1952 358 2009 de
372 1951 472 2009 fratris
485 1952 594 2009 clamat
615 1966 745 2025 corpore,
768 1950 819 2007 scd
839 1950 873 2007 de
886 1952 964 2006 terra
985 1951 1046 2007 clo·
1103 1949 1207 2007 naonlo
1232 1950 1373 2011 destituta
1395 1950 1602 2027 precipitatur,
1618 1954 1647 2008 et
1661 1950 1690 2007 in
1705 1950 1839 2025 graviora
1861 1969 1931 2027 pro-

220 2049 289 2099 met.
321 2038 358 2097 ttt
385 2040 413 2098 si
440 2039 531 2098 frater
558 2039 661 2114 parcit,
687 2043 765 2096 terra
792 2054 851 2095 non
880 2037 983 2112 parcit.
1016 2038 1048 2095 Si
1101 2036 1225 2109 labitnr;
1242 2041 1276 2095 ut
1296 2041 1321 2096 si
1342 2054 1461 2116 gregem
1482 2042 1582 2113 pastor
1606 2038 1762 2115 relinquat,
1776 2040 1933 2103 incursent

221 2131 314 2188 frater
327 2132 415 2197 tacet,
439 2134 518 2187 terra
539 2130 726 2186 condemnat.
749 2128 817 2206 ipsa
839 2129 894 2193 eet,
918 2128 948 2184 in
970 2131 999 2184 te
1020 2132 1049 2185 et
1102 2126 1201 2184 bestie
1219 2142 1226 2184 :
1243 2126 1285 2184 ita
1307 2143 1376 2184 curn
1401 2132 1478 2189 Deus
1502 2126 1612 2185 deserit
1632 2128 1794 2199 bominem,
1818 2128 1933 2204 ingruit

221 2218 308 2278 testis
322 2222 351 2276 et
361 2218 475 2291 judex:
491 2217 577 2275 testis
592 2217 696 2284 ocrim,
708 2233 773 2293 quta
787 2216 884 2273 adbuc
898 2216 1048 2291 parricidii
1103 2216 1248 2274 diabolus.
1270 2217 1362 2275 Grave
1385 2220 1429 2275 est
1450 2217 1613 2291 praesertim
1628 2218 1838 2292 insipientibus
1869 2237 1931 2277 uon

220 2308 424 2381 toisanguinc
444 2307 542 2364 madet
568 2322 576 2362 t
597 2306 691 2378 judex
712 2304 853 2379 asperior,
879 2322 943 2379 qua
966 2308 1048 2363 tanto
1102 2304 1211 2363 babere
1224 2308 1377 2363 rectorem.
1401 2305 1499 2379 Serpit
1524 2304 1646 2376 malitia,
1662 2306 1771 2365 vulnus
1791 2312 1931 2381 augetur,

222 2396 333 2457 scelere
348 2396 538 2470 coinquinata
565 2398 620 2467 est,
635 2397 669 2451 ut
693 2394 819 2468 aperiret
839 2410 874 2451 os
897 2410 997 2460 suum,
1019 2398 1049 2452 et
1102 2393 1154 2450 ubi
1182 2392 1327 2454 medicina
1351 2394 1486 2453 defuerit.
1513 2394 1676 2453 Abscondit
1700 2413 1731 2453 so
1757 2400 1856 2453 autem
1879 2396 1933 2471 qni

222 2486 369 2560 exciperet
383 2485 557 2559 sanguinem
581 2483 683 2543 fratria
705 2483 748 2540 tui
771 2483 807 2539 de
831 2499 922 2539 manu
936 2486 997 2540 tua.
1012 2482 1049 2541 Ε(
1101 2480 1199 2540 velere
1236 2483 1298 2540 vult
1331 2481 1458 2557 culpem,
1492 2488 1522 2540 et
1553 2487 1651 2559 tegere
1675 2488 1838 2560 peccatum.
1874 2484 1933 2553 Qut

222 2571 275 2633 illa
286 2574 406 2648 quidem
431 2574 545 2647 aperuit
568 2588 602 2630 os
623 2588 722 2641 suom,
739 2572 825 2646 quasi
843 2576 1000 2646 exceptura
1013 2572 1050 2629 de
1103 2572 1182 2629 enim
1209 2571 1284 2629 male
1300 2572 1361 2649 egit
1375 2574 1436 2630 odit
1450 2570 1594 2643 lucem,et
1607 2572 1744 2631 tenebras
1762 2576 1791 2631 et
1805 2591 1933 2633 suorum

222 2663 364 2722 fratribus
379 2663 468 2719 verba
481 2662 610 2735 pietatis,
626 2661 700 2718 nihil
722 2660 831 2718 timens
853 2677 921 2717 cum
944 2660 1049 2719 fratres
1104 2661 1209 2735 querit
1223 2660 1347 2719 latibula
1362 2659 1546 2719 delictorum.
1561 2662 1664 2721 Justus
1679 2666 1777 2720 sutem
1789 2680 1845 2721 non
1861 2664 1934 2723 abs-

222 2752 344 2822 videret,
362 2766 429 2825 quea
443 2750 531 2809 sciret
541 2752 593 2824 Jus
608 2749 812 2825 'germanitatis
824 2748 934 2806 amoris
948 2749 1048 2806 incen·
1105 2749 1230 2806 condere
1246 2764 1277 2805 se
1293 2767 1310 2806 a
1325 2748 1448 2807 Domino
1464 2752 1522 2807 Deo
1536 2768 1603 2819 suo,
1619 2751 1669 2808 sed
1691 2752 1756 2827 ipse
1779 2753 1876 2827 magis
1899 2770 1935 2813 se

218 2840 654 2913 etrumease,non0eit.1tam
679 2837 825 2912 quomodo
850 2840 963 2910 poterat
982 2855 1049 2911 par·
1106 2836 1211 2894 offerre
1224 2838 1376 2895 consuevit
1397 2839 1522 2896 dicens:
1544 2838 1694 2897 Ecceeum
1717 2856 1771 2919 ego
1795 2840 1845 2917 qni
1869 2859 1934 2901 non

220 2930 361 2988 ricidium
371 2933 550 3002 strepentem,
567 2944 630 3001 quo
645 2928 743 2984 adhuc
758 2944 816 2984 non
830 2926 943 2984 viderat
956 2926 1051 2984 homi·
1103 2924 1197 2982 babeo
1230 2926 1418 2984 criminosam
1445 2927 1665 2997 conscientiam,
1691 2945 1781 3003 quam
1808 2928 1933 2987 timeam

222 3010 357 3075 cldlumi
368 3016 426 3074 Sed
440 3021 474 3074 tu
486 3015 616 3073 effudisti
635 3015 821 3089 sauguinem,
837 3014 924 3087 cutus
946 3014 1050 3073 duleus
1104 3014 1293 3087 deprehendi.

223 3106 289 3181 ipsa
302 3104 471 3181 contagium
487 3120 494 3161 :
510 3106 569 3162 fico
581 3106 692 3177 augebit
705 3104 772 3177 (70),
791 3102 898 3177 inquit,
920 3104 1051 3162 uirtutem
1139 3103 1184 3160 63.
1201 3102 1303 3163 Merito
1318 3116 1386 3179 ergo
1412 3118 1443 3161 se
1467 3105 1621 3163 abscondit
1641 3104 1718 3163 male
1741 3106 1886 3177 conscius,
1902 3112 1934 3164 et

224 3212 304 3257 eoum
325 3195 393 3253 dare
415 3196 466 3252 tttt
487 3192 572 3267 (llid.
598 3194 654 3262 (2).
679 3194 773 3259 Quam
799 3192 941 3249 innocens
963 3193 1048 3265 ultio,
1106 3190 1147 3248 ait
1163 3209 1170 3247 ι
1189 3192 1284 3249 Omnis
1298 3192 1497 3269 quiiooencrt't
1519 3210 1571 3265 me,
1597 3192 1697 3251 occidet
1718 3210 1763 3253 me
1777 3192 1855 3269 (ibit.
1873 3194 1932 3271 tl),

225 3290 260 3344 ot
273 3301 338 3360 qus
353 3289 414 3342 tam
429 3284 556 3357 graviter
565 3281 673 3339 violata
687 3280 860 3351 fuerit,satis
871 3280 984 3340 habene
992 3260 1088 3340 uonG
1108 3280 1246 3355 Anguste
1268 3281 1376 3337 mentis
1402 3280 1490 3337 bomo
1515 3284 1688 3354 presentem
1704 3288 1828 3340 mortem
1847 3300 1932 3341 vere-

224 3375 375 3449 prodesse‚
392 3389 451 3430 non
466 3374 578 3445 querat
592 3386 706 3428 nocere.
1103 3371 1163 3439 tur,
1179 3373 1350 3442 perpetuam
1366 3368 1529 3444 negligit,et
1551 3370 1684 3429 divinum
1700 3369 1848 3444 judicium
1870 3389 1933 3435 non

262 3462 307 3518 et.
323 3462 387 3519 Non
406 3459 553 3517 mediocre
576 3458 665 3516 etiam
688 3458 796 3531 dogma
818 3459 896 3532 quod
916 3459 976 3517 ait:
995 3460 1051 3518 too
1103 3456 1275 3514 reformidat
1291 3474 1297 3515 :
1314 3457 1466 3516 interitum
1481 3458 1578 3518 solum
1594 3460 1724 3535 corporis
1745 3462 1932 3537 deprecetur.

224 3552 372 3621 amputate
398 3550 495 3623 fratria
521 3551 564 3605 tat
588 3546 624 3604 ud
648 3562 693 3604 me
721 3548 823 3605 ctrmot
846 3566 855 3604 :
880 3548 950 3621 quia
972 3548 1050 3607 Dens
1104 3546 1159 3603 Sed
1175 3562 1192 3603 a
1207 3562 1264 3620 quo
1279 3546 1403 3604 timebat
1417 3547 1521 3620 occidi,
1537 3548 1588 3622 qui
1614 3546 1692 3605 solos
1714 3554 1851 3621 parentes
1874 3548 1936 3607 bs·

221 3640 320 3713 iustm
341 3654 412 3696 suos
435 3638 519 3694 audit
541 3636 630 3694 etiam
649 3640 792 3708 mortuos,
821 3636 961 3710 quoniam
990 3637 1050 3696 Deo
1103 3635 1191 3692 bebat
1206 3634 1235 3693 iu
1250 3635 1356 3693 terris?
1369 3634 1468 3693 Potuit
1482 3636 1601 3710 quidem
1616 3642 1645 3695 et
1658 3638 1797 3695 incursus
1820 3638 1933 3697 bostia-

223 3728 334 3786 vivunt.
350 3728 386 3785 lit
410 3726 516 3784 merito
539 3742 591 3801 pro
614 3726 779 3787 viventibus
802 3726 964 3793 habentur;
981 3727 1052 3801 qnia
1103 3738 1171 3781 rum
1185 3724 1299 3793 timere,
1315 3724 1451 3801 quilegie
1466 3724 1569 3785 divine
1589 3726 1660 3803 jura
1681 3724 1854 3799 violaverat;
1875 3743 1934 3787 nec

222 3819 312 3876 etiam
327 3817 353 3875 si
368 3817 499 3891 corporis
509 3816 691 3890 gustaverint
706 3815 935 3883 mortem,vitam
949 3818 1049 3873 tamen
1103 3830 1281 3888 presumere
1306 3815 1342 3871 de
1366 3814 1509 3889 subjectis
1530 3814 1709 3875 animalibus
1733 3816 1855 3885 ceteris.
1879 3817 1935 3890 qui

222 3906 426 3981 incorpoream
442 3905 573 3979 capiunt,
612 3907 641 3960 et
679 3903 888 3960 illuminentur
927 3919 1049 3961 suorum
1103 3901 1255 3961 bominem
1268 3904 1408 3962 docuerat
1421 3904 1524 3963 occidi.
1540 3904 1639 3963 Potuit
1661 3908 1692 3963 et
1715 3909 1852 3977 parantes
1864 3920 1935 3979 par·

222 3994 575 4069 splendoromeritorum,
590 3991 785 4067 lucequoque
804 3992 943 4049 fruuntur
965 3996 1048 4049 eter—
1104 3989 1211 4048 rioidaa
1239 3991 1352 4059 timere,
1376 3992 1427 4064 qui
1456 3993 1596 4049 docuerat
1626 3992 1815 4066 parricidium
1842 4009 1933 4067 possa

222 4100 272 4143 na.
287 4085 439 4143 iustorum
464 4099 532 4158 ergo
554 4080 638 4138 audit
660 4080 834 4154 sanguinem
861 4096 868 4137 ε
895 4080 1000 4138 avertit
1017 4098 1050 4139 se
1103 4078 1259 4135 committi.
1276 4080 1436 4137 Potuerunt
1449 4079 1528 4139 enim
1548 4084 1577 4137 et
1600 4084 1735 4153 parentes
1751 4080 1787 4139 de
1801 4079 1863 4141 filio
1881 4082 1932 4138 di-

222 4177 322 4232 antem
345 4189 363 4230 a
384 4171 522 4245 precibus
540 4170 715 4243 impiorum
759 4168 899 4242 quoniam
931 4169 1049 4228 etiamsi
1104 4167 1284 4240 sccre,quod
1299 4168 1467 4226 didicerunt
1480 4167 1589 4243 posteri
1602 4170 1638 4227 de
1652 4172 1783 4244 parente.

222 4263 379 4320 rideantur
390 4260 496 4331 vivere,
513 4259 680 4316 miseriores
703 4263 802 4315 tamm
826 4262 896 4314 sunt
910 4258 1049 4317 omnibus
1432 4274 1547 4335 CAPUT
1566 4276 1600 4333 x,

123 4365 127 4372 ·
222 4350 359 4420 mortula,
375 4364 494 4407 earnem
518 4364 603 4406 suam
628 4347 707 4405 sicut
728 4346 877 4404 tumulum
891 4347 1049 4405 circumfc·
1102 4362 1153 4426 pei
1167 4364 1352 4421 comminatio,
1370 4362 1401 4423 sp
1416 4363 1483 4435 quis
1498 4364 1638 4423 oppidem
1652 4362 1733 4431 Cain,
1753 4367 1822 4433 ew,
1836 4380 1932 4427 mm,

223 4443 333 4510 rentes,
362 4438 409 4494 oui
429 4436 575 4495 infelicem
599 4435 770 4493 infuderunt
794 4435 924 4494 animem
951 4454 1047 4494 suam.
1139 4434 1203 4490 liter
1267 4436 1388 4503 licetur,·
1411 4436 1541 4507 insigne
1562 4438 1647 4508 posito
1670 4450 1753 4507 super
1772 4434 1867 4493 codem
1886 4438 1933 4495 dt-

220 4526 647 4599 ouidenimatiuuestquam
665 4524 871 4598 sepultaque
894 4523 972 4581 intra
993 4524 1048 4580 bu·
1138 4507 1205 4561 ”5¹²⁰
1231 4507 1377 4562 “mmm
1401 4504 1571 4574 fffffffmfr
1595 4510 1665 4563 ”W
1690 4508 1715 4563 θ)
1738 4507 1769 4561 fn
1791 4522 1822 4563 0⁰
1848 4506 1931 4565 caim

223 4612 307 4675 mum
323 4613 459 4687 volvitur,
475 4618 505 4671 et
527 4620 650 4671 terrenae
671 4613 800 4670 avaritie
825 4613 1048 4688 cupiditatibus,
1065 4626 1087 4695 p
1138 4576 1932 4721 mffigrmffmfflffwmm:

221 4703 483 4777 ueterisquevitiis
496 4703 668 4770 includitur,
685 4705 718 4760 ut
732 4702 832 4778 gratia
847 4702 973 4759 coelestis
992 4719 1047 4758 au·
1138 4720 1323 4791 ,upupam
1336 4721 1450 4789 mm,
1466 4736 1498 4776 Μ
1509 4722 1606 4792 swa
1630 4722 1696 4780 vua·
1713 4720 1831 4791 Taum
1849 4722 1933 4793 M·

219 4792 412 4868 ram'spfrare
421 4792 603 4865 nonpossitf
618 4792 712 4865 Hujus
727 4790 806 4847 modi
816 4795 951 4864 peccator
961 4808 978 4849 a
989 4795 1047 4848 ter·
1137 4792 1211 4846 mom
1224 4808 1280 4847 nou
1292 4807 1349 4863 pru
1378 4806 1462 4863 opere
1475 4790 1629 4865 toeneium,
1640 4806 1690 4849 nec
1703 4806 1799 4849 rursus
1807 4792 1932 4851 multam

220 4894 254 4943 re
268 4880 443 4941 maledictus
457 4884 581 4954 estune
597 4885 643 4937 est
655 4880 758 4937 infima
773 4883 802 4936 et
815 4883 965 4953 postrema
978 4896 1047 4953 pars
1136 4862 1243 4917 mmm
1255 4864 1333 4919 *Μ
1353 4878 1373 4917 ¹⁸
1415 4863 1650 4920 eoeooendtror.

218 4971 336 5031 mundi.
351 4970 495 5045 Superius
518 4969 621 5043 utique
643 4969 761 5042 ooelum,
781 4974 810 5026 ct
834 4986 898 5042 que
922 4969 951 5025 iu
975 4967 1048 5026 coelo

220 5059 465 5130 sunt,sol,lnne,
490 5062 519 5116 et
542 5058 644 5128 stelle,
669 5059 791 5126 Throui,
814 5057 1047 5127 Dominationss,

218 5151 416 5225 f’rincipatua
432 5154 463 5209 et
477 5149 649 5217 potestates,
665 5146 824 5205 Cherubim
839 5150 868 5204 et
881 5146 1047 5219 Seraphim.

258 5302 315 5377 (66)
328 5301 373 5358 ltu
386 5302 456 5357 edit.
471 5304 536 5358 tum
551 5300 665 5373 prisce,
680 5302 745 5353 tum
770 5297 955 5354 recentiores.
970 5296 1049 5353 Cou-

222 5374 270 5429 tra
293 5388 360 5429 vero
382 5388 454 5429 mss.
472 5388 584 5439 omnes,
609 5371 658 5427 boo
676 5374 726 5439 cst,
743 5368 930 5425 innocentium
943 5376 1048 5495 (Ἥρ-

223 5444 292 5499 tiam
306 5444 498 5514 peremnitatir
512 5446 596 5499 etium
611 5444 641 5498 in
656 5444 718 5515 ipsu
730 5444 817 5497 morte
830 5443 929 5496 emeat.
938 5439 970 5496 Dr
1007 5455 1048 5495 ct-

220 5512 250 5571 le
265 5514 306 5584 sit
333 5518 398 5568 utra
411 5514 498 5570 lectio
512 5514 626 5583 melior,
643 5512 843 5587 pronuntiare.

258 5556 316 5658 (69)
332 5584 406 5640 Edit.
423 5599 527 5641 omnes
541 5602 575 5642 ao
590 5601 661 5643 mss.
677 5585 753 5642 flor.
768 5589 796 5641 et
809 5583 874 5640 Vat.
892 5596 1048 5652 unusque-

222 5657 280 5740 rcte
298 5655 451 5738 minero
467 5674 475 5709 ε
490 5657 555 5713 Vct.
573 5656 670 5729 alter,
687 5657 748 5715 Div.
765 5672 799 5713 ec
818 5655 920 5725 Laud,
938 5653 1050 5728 querele

218 5742 375 5786 munnere.

1137 4968 1181 5023 at.
1198 4968 1282 5025 Nunc
1296 4968 1516 5025 consideremus
1531 4985 1589 5045 qua
1603 4984 1693 5027 causa
1707 4967 1814 5027 dixerit
1826 4966 1909 5035 Deos
1923 4988 1930 5026 :

1103 5054 1198 5112 Omnis
1221 5058 1270 5129 qui
1290 5056 1420 5115 occiderit
1442 5056 1511 5113 Cuia
1533 5059 1632 5131 septies
1660 5056 1811 5115 vindictam
1837 5059 1932 5117 exsut·

1102 5147 1145 5200 oct
1163 5144 1240 5213 (Gen.
1265 5145 1389 5218 1v,l5);
1416 5148 1446 5203 et
1467 5162 1526 5219 qua
1547 5147 1660 5203 ratione
1688 5144 1807 5220 siguum
1840 5164 1933 5221 super

1138 5295 1195 5421 (70)
1209 5293 1328 5379 (lodices
1341 5294 1405 5380 Vct.
1422 5311 1510 5369 nnus,
1533 5295 1597 5353 Diu.
1621 5312 1656 5351 ac
1680 5294 1768 5363 utor,
1793 5312 1851 5359 noes
1875 5314 1931 5357 eo·

1103 5365 1572 5511 tt.tt.ttt²t,tttt”·fb
1597 5368 1707 5425 m
1742 5368 1820 5441 “⁹¹¹⁶
1854 5368 1932 5428 '‘⁸'‘

1703 5462 1741 5501 nr
1807 5462 1821 5495 ν
1899 5452 1931 5499 (ν

1103 5515 1178 5577 αὐτῆς
1190 5516 1273 5566 δοῦναί
1287 5532 1334 5569 σοι.
1350 5508 1404 5565 Pro
1417 5526 1477 5583 qua
1489 5508 1614 5567 habetur
1628 5526 1658 5566 m
1673 5508 1759 5583 Vulg.
1774 5450 1834 5569 Rue
1852 5510 1891 5571 dn
1910 5516 1934 5571 tt

1102 5580 1155 5637 titt
1167 5583 1273 5651 traicias
1284 5595 1356 5636 soor.

1139 5650 1196 5734 (74)
1211 5650 1287 5707 ltdit.
1303 5667 1336 5707 eo
1351 5650 1437 5723 peuci
1452 5667 1537 5723 mss,
1550 5650 1703 5711 medetur
1714 5668 1794 5725 pere
1807 5652 1854 5711 t'ttr'
1871 5670 1931 5715 cee-

1105 5721 1219 5794 lcstrque
1233 5724 1386 5781 renuntio.
