4159 6184
210 311 272 374 173
848 328 1127 396 flexauuuaort
1147 336 1223 399 LlB.
1246 337 1300 400 lll.

1869 358 1927 422 ttt

209 446 447 521 circumscripta
459 448 548 523 igitur
561 450 700 523 imposito
717 456 776 514 fine
791 461 885 516 maria
903 461 1048 518 claudun·
1063 467 1091 532 Α
1105 467 1252 525 Oceanum
1268 487 1349 527 mare
1364 472 1499 544 dicimus,
1515 480 1544 532 et
1557 478 1787 553 Tyrrhenum,et
1799 490 1927 549 Adriati-

206 540 267 601 tur,
284 552 323 591 ne
338 536 495 609 superfusa
505 538 590 595 terris
603 540 774 601 innundent
787 550 898 617 omnia,
910 555 939 605 et
954 551 1047 607 desti·
1102 572 1182 624 rum,
1197 563 1225 612 et
1248 559 1392 624 Indicum,
1419 566 1449 616 el
1469 568 1649 639 AEgyptium,
1665 578 1695 628 et
1719 574 1884 647 Ponticum,
1898 587 1928 639 et

204 629 272 681 tuto
290 642 429 682 arvorum
453 626 543 691 cultu,
569 644 680 685 munus
707 637 833 693 terrene
856 638 1048 696 fecunditatis
1103 642 1321 714 Propontidem,
1365 652 1395 701 et
1436 648 1666 724 Hellespontum,
1710 665 1740 716 et
1769 664 1925 737 Euxinum,

204 713 390 785 impediant;
407 720 585 787 cognoscant
600 715 691 789 igitur
705 720 799 778 divini
815 742 881 782 esse
896 728 1046 799 praecepti,
1101 730 1242 803 AEgaeum,
1259 734 1383 802 lonium,
1407 735 1595 808 Atlanticum,
1616 744 1750 821 Plerique
1761 752 1848 810 etiam
1863 755 1928 813 cre.

203 801 446 875 operationisque
474 803 609 860 celestis.
634 806 683 862 Ait
713 811 796 867 enim
825 815 971 870 Dominus
995 832 1048 887 per
1101 818 1201 883 ticum,
1231 828 1258 876 et
1283 822 1516 893 septentrionale
1539 829 1676 903 Caspium
1699 840 1756 911 (77)
1777 844 1927 915 appellant

204 891 318 947 nubem
331 891 367 946 sd
381 892 437 948 lob
451 892 527 948 inter
541 892 597 947 alia
612 894 703 951 etiam
725 898 763 955 de
789 903 881 958 maris
897 903 1045 960 claustro:

205 981 328 1036 Poenici
341 981 559 1053 fineqopponeas
583 984 707 1039 clanstro
723 996 751 1043 et
762 998 867 1060 portae.
896 993 981 1046 Dixit
995 1009 1046 1047 on·

203 1071 261 1123 tem
275 1070 322 1123 ei:
337 1069 424 1139 ltaque
437 1068 488 1124 linc
511 1071 611 1137 sonim,
634 1088 684 1127 nec
709 1080 940 1149 nnaqredteris,
954 1081 1000 1135 sed
1015 1083 1046 1137 in
1137 1102 1180 1156 13,

201 1162 231 1213 tc
252 1158 312 1228 ipso
335 1162 508 1213 conterentur
527 1160 626 1228 {indm
650 1163 970 1235 tui(tobaxxv1u‚l0,
988 1170 1044 1241 11).

198 1244 309 1301 Nonne
324 1244 379 1316 ipsi
395 1245 525 1301 videmus
538 1262 617 1303 mere
633 1248 810 1321 frequenter
826 1255 988 1323 undosum,
1005 1258 1046 1313 ita
1099 1277 1150 1331 scd
1165 1278 1272 1336 divers,
1290 1280 1315 1335 55

198 1336 234 1387 ut
250 1332 284 1388 in
303 1332 396 1389 altum
412 1334 514 1389 lluctus
529 1335 593 1406 ejus
608 1339 755 1409 tanquam
773 1358 859 1397 mons
874 1360 960 1415 aquea
972 1362 1044 1417 prae-

197 1424 313 1493 ruptus
330 1421 469 1494 insurgat,
489 1423 535 1477 ubi
559 1424 708 1495 impetam
726 1444 817 1483 suum
834 1432 870 1485 ad
887 1432 973 1489 littus
987 1433 1044 1489 illi·

197 1509 284 1577 serit,
317 1509 348 1564 in
373 1526 491 1581 spumas
527 1510 643 1579 resolvi,
675 1515 832 1588 repagulis
860 1520 1044 1590 quibusdam

200 1614 303 1655 arenae
320 1598 439 1653 humilis
454 1616 670 1671 repercussum,
688 1606 857 1660 secundum
874 1610 954 1679 quod
969 1612 1042 1666 scri-

196 1690 287 1759 ptum
304 1691 368 1743 est:
384 1690 434 1741 Ant
451 1704 505 1742 uon
518 1691 653 1745 timebitis
670 1708 728 1757 me,
749 1693 819 1749 dicit
832 1696 979 1767 Poeninus,
994 1703 1044 1771 qui

195 1778 280 1847 possi
296 1792 411 1831 arenam
424 1776 489 1847 fines
502 1780 575 1833 tremi
591 1778 660 1849 (ter.
678 1797 709 1847 v,
735 1782 806 1853 22)(
830 1782 1040 1845 lufirmissimo

194 1866 303 1936 itaque
318 1864 448 1920 omniurn
462 1864 524 1923 vilis
544 1867 704 1925 sabulonis
733 1870 854 1941 pulvere
880 1872 924 1929 vis
948 1878 1039 1934 maris

195 1954 381 2025 intempesta
395 1952 541 2010 cohibetur
555 1956 626 2028 (74),
643 1961 674 2013 et
685 1956 901 2017 veluthabenis
916 1964 1039 2034 quibus·

196 2043 269 2098 dam
285 2040 410 2097 ooelestis
433 2042 545 2115 imperii
570 2046 751 2117 praescripto
777 2046 832 2101 sibi
849 2049 907 2105 line
923 2068 1039 2110 revoca-

196 2136 258 2198 tur,
274 2129 448 2202 violentique
470 2133 594 2204 equoris
624 2139 729 2190 motus
753 2135 782 2189 in
799 2151 863 2192 sose
878 2138 1035 2213 liungitur,

196 2224 288 2292 atque
304 2218 334 2273 in
349 2218 480 2276 reductos
495 2222 578 2278 sinus
595 2240 670 2279 suos
686 2223 834 2278 scinditur
848 2226 916 2298 (75).

235 2308 281 2363 ll.
298 2306 437 2363 Celerum
453 2308 506 2365 nisi
520 2310 563 2366 vis
590 2311 700 2367 statuti
727 2310 853 2369 coelestis
875 2314 1033 2387 inhiberet,

200 2396 274 2469 quid
289 2397 413 2452 obstaret
427 2398 495 2469 quin
509 2416 562 2471 per
576 2399 671 2472 plana
681 2400 807 2472 AEgypti,
825 2418 890 2473 quas
905 2408 1034 2463 maxime

200 2483 405 2541 humilioribus
416 2486 516 2556 jacens
530 2487 664 2544 vallibus
678 2491 854 2561 campestris
875 2494 1031 2563 asseritur,

197 2590 281 2629 nrare
299 2573 425 2629 Rubrum
440 2575 569 2649 AEgyplio
596 2577 705 2649 pelago
731 2576 924 2635 misceretur?
948 2582 1033 2639 Derri-

195 2679 256 2735 que
271 2662 376 2719 docent
389 2662 442 2719 hoc
456 2664 503 2736 qai
523 2664 687 2721 voluerunt
703 2664 763 2719 haeo
789 2667 848 2722 duo
863 2667 920 2723 sibi
936 2673 1032 2729 maria

194 2756 379 2817 connectere,
407 2757 492 2824 atque
516 2754 546 2809 in
573 2770 607 2809 se
643 2753 860 2811 transfundere.
887 2757 1030 2817 Sesostris

193 2839 361 2913 AEgyptius,
376 2839 424 2911 qui
438 2842 586 2914 antiquior
603 2842 671 2906 luit,
689 2844 718 2895 et
732 2841 838 2899 Darius
849 2844 962 2909 Medus.
978 2851 1029 2921 qui

193 2928 321 3003 majoris
335 2930 463 2985 contuitu
478 2930 615 3002 potentie
632 2930 663 2985 in
680 2930 815 2986 ellectum
832 2931 922 2988 voluit
938 2937 1030 2995 addu-

192 3034 274 3085 cere,
290 3017 368 3091 quod
382 3018 417 3073 eb
432 3016 569 3092 indigena
586 3020 687 3073 suerat
703 3022 771 3073 autc
784 3024 941 3077 tentatum.
958 3029 1028 3091 Quae

192 3122 243 3163 res
267 3103 376 3161 indicio
399 3108 450 3175 est,
475 3107 553 3179 quod
569 3105 711 3177 superius
725 3110 769 3159 est
784 3122 864 3162 mare
878 3108 1025 3182 Indicum,

192 3197 224 3251 in
250 3210 310 3267 quo
334 3208 412 3249 mars
443 3195 589 3263 Rubrum,
615 3209 707 3266 quam
732 3210 832 3264 sequor
855 3188 1062 3270 AEgyptiumC

192 3283 274 3357 quod
287 3282 408 3339 interius
423 3282 514 3340 alluit.
531 3284 567 3340 Et
583 3283 711 3339 sortasse
727 3298 763 3337 ne
777 3281 865 3339 latius
888 3302 919 3341 se
944 3305 1026 3347 rnare

191 3371 405 3439 effunderet,de
412 3373 617 3443 superioribus
628 3371 666 3426 ed
680 3370 818 3427 interiora
828 3374 1024 3449 precipilaus,

190 3461 259 3517 ideo
275 3458 425 3515 molimina
439 3477 489 3517 sua
505 3478 556 3517 rex
574 3465 701 3531 uterque
721 3460 872 3517 revocavit.

480 3559 531 3616 ⁸8
548 3556 673 3613 caret
694 3556 730 3613 lll

193 3649 387 3706 collectionem
409 3646 544 3719 equarum
563 3662 653 3702 nicom
674 3648 699 3700 et
721 3649 880 3704 continuom
894 3666 960 3717 ease,
975 3670 1024 3710 no-

229 3722 309 3775 mina
323 3734 384 3775 vero
405 3736 454 3791 pro
476 3720 640 3774 diuersitate
662 3719 807 3784 reqionum
821 3720 937 3777 diuersa.
956 3728 1024 3793 Quo·

232 3790 311 3847 modo
333 3790 419 3845 locem
443 3792 532 3862 laquis,
557 3794 611 3845 tolo
633 3790 698 3843 orbe
721 3787 839 3859 diffusis,
860 3792 928 3848 Deus
940 3812 1024 3865 poro·

229 3864 309 3917 verit.
331 3862 397 3916 llem
419 3860 451 3915 dc
479 3861 634 3917 lorobnaet
655 3861 823 3930 stupuisset
840 3879 895 3917 rem
910 3881 1025 3937 conpre-

230 3934 342 4000 petiene
354 3932 562 4002 cmnprchensia.

231 4022 276 4076 ⁴2.
307 4022 407 4086 Ouaero
429 4036 590 4089 annaeum
630 4018 759 4074 dixerit:
790 4022 941 4094 Colliqoler
969 4026 1024 4099 (76)

194 4126 269 4181 maso
290 4110 320 4163 in
347 4109 531 4165 collectionem
554 4124 643 4162 unum
657 4105 732 4177 (Gen.
762 4126 780 4176 1,
805 4111 852 4181 9);
879 4115 1024 4183 quomodo

194 4198 318 4253 diffusas
332 4212 384 4269 per
398 4196 489 4263 lacus,
507 4195 641 4269 paludes,
659 4198 772 4269 stagna,
796 4216 900 4271 aquas,
924 4206 954 4257 et
972 4220 1025 4257 su·

194 4286 330 4357 pertusas
343 4283 469 4340 vallibus
484 4284 1024 4359 etcampisomnibusqueplanioribus

195 4374 278 4439 locis,
304 4377 453 4429 currentes
479 4373 613 4428 tontibus
636 4377 725 4444 atque
753 4374 936 4444 fluminibus,
965 4396 1025 4436 una

195 4460 325 4534 potuerit
339 4461 467 4533 recipere
483 4461 634 4517 collectio:
650 4466 701 4516 aut
725 4465 870 4534 quomodo
885 4484 944 4522 una
964 4467 1023 4524 ool·

195 4550 283 4607 lectio
307 4565 374 4605 cum
393 4550 539 4623 hodieque
564 4549 679 4607 diverso
699 4550 759 4607 sint
778 4554 894 4609 marial
908 4556 982 4613 Nem
997 4563 1026 4615 et
1040 4554 1064 4620 D
1079 4559 1174 4630 magis
1189 4560 1318 4617 dubitari
1331 4580 1368 4619 no

232 4712 288 4784 (ll)
304 4711 380 4767 Edit.
404 4728 516 4779 omnes,
542 4714 606 4769 vilis
629 4714 722 4771 saluti
742 4718 855 4789 putrere
877 4718 918 4773 via
939 4720 1025 4775 neuris

195 4784 226 4839 iu
246 4785 300 4839 tem
319 4786 403 4839 estole
419 4784 568 4841 cohibetur.
596 4784 664 4841 lllss.
692 4804 804 4857 enerues,
828 4788 891 4844 vilis
905 4790 1025 4845 sallionis

196 4857 249 4910 aut
262 4801 436 4911 scholariis...
454 4856 551 4923 Carra,
573 4856 670 4925 Corb.,
692 4858 773 4927 lton,
800 4860 867 4925 Te,
884 4864 979 4916 Germ.
996 4866 1025 4917 et

196 4926 267 5011 lteg.
287 4927 468 4997 intempesta:
485 4926 532 4982 alii
549 4944 616 4983 vero
632 4933 664 4982 ul
678 4930 760 4995 edit,
776 4932 804 4985 in
821 4934 991 5016 tcnapeatute..

232 4996 290 5069 (15)
305 4996 389 5052 Dion.
407 4998 483 5067 cod,
500 5004 583 5069 alque
596 4999 721 5057 redactus
736 5004 767 5057 in
784 5004 861 5058 sinas
875 5020 936 5059 sem
950 5020 1022 5059 acin·

213 5070 281 5122 rtur.

194 5068 212 5123 d
231 5138 288 5211 (76)
305 5138 346 5193 lta
358 5142 414 5194 vet.
428 5137 530 5194 edil.et
546 5140 642 5195 cuncti
660 5141 718 5197 lere
735 5158 804 5198 mss.
818 5160 870 5199 nec
892 5160 948 5199 non
979 5144 1022 5199 in-

193 5210 240 5265 lra
256 5226 338 5264 num.
355 5210 398 5265 13.
415 5208 491 5265 Edit.
509 5216 606 5267 autem
626 5212 708 5268 Hom.
727 5230 792 5269 cum
811 5232 881 5271 mss.
900 5232 957 5270 rino
973 5220 1024 5271 aut

194 5281 298 5345 altero,
313 5284 501 5352 conprobetur,
527 5284 594 5351 eto,
622 5288 654 5338 ut
675 5284 757 5339 initio
782 5302 845 5358 cop,
861 5289 887 5355 2,
905 5290 933 5343 el
948 5286 1024 5343 intra

193 5369 258 5433 cap.
273 5352 300 5419 l,
317 5350 476 5477 inqnmns
500 5352 572 5410 locis
593 5353 688 5412 eidem
712 5372 815 5412 omncs
839 5374 910 5413 mss.
936 5362 1022 5431 atque

259 5464 266 5476 .
339 5440 363 5477 cr
408 5440 451 5478 n..

193 5425 477 5566 edffihhmhuedil.
502 5496 628 5568 plerique
646 5500 730 5555 etium
754 5498 890 5553 balticum
916 5503 1020 5571 septen·

191 5565 317 5625 trimralc
331 5568 355 5621 et
373 5566 510 5643 Cespima,
527 5572 581 5624 etc.

230 5637 290 5719 (78)
304 5636 380 5697 Edit.
395 5652 497 5700 omues
520 5644 549 5699 at
571 5654 643 5703 mss.
668 5638 810 5719 plerique,
824 5643 921 5715 portua
934 5644 1021 5705 moria

1102 922 1193 963 mare.
1210 909 1291 965 Unde
1320 911 1539 972 consideremus
1563 922 1718 994 scripture
1739 929 1837 999 verba,
1861 950 1926 1005 quae

1102 993 1207 1052 librato
1222 1002 1294 1052 sunt
1309 999 1452 1055 trutinata
1462 1005 1603 1063 examine.

1197 1105 1363 1173 Goltiqatar,
1378 1103 1483 1177 inquit,
1499 1128 1569 1182 aqna
1585 1116 1613 1170 in
1628 1119 1812 1180 collectionem
1830 1144 1925 1186 onom.

1100 1187 1163 1243 llna
1178 1192 1477 1266 aquarum,iugisquc
1487 1202 1515 1252 ct
1525 1202 1663 1261 continua
1677 1215 1926 1288 congregalioost,

1319 1297 1377 1335 nus
1392 1285 1491 1353 maris,
1508 1291 1672 1361 etquidem
1689 1298 1927 1373 descriptoribus

1290 1370 1334 1425 ait
1358 1370 1442 1441 (Plat.
1471 1375 1499 1430 in
1524 1379 1641 1453 Timeo).
1666 1385 1798 1460 Namque
1817 1398 1926 1463 pontus

1099 1455 1190 1510 maris
1205 1459 1298 1513 nostri
1315 1460 1373 1529 (78)
1387 1460 1469 1519 sinus
1482 1466 1695 1539 amplissimus,
1720 1478 1882 1554 meritoque
1894 1485 1925 1541 ia

1099 1541 1223 1598 diversis
1239 1544 1313 1601 locis
1336 1546 1451 1604 diversa
1473 1559 1543 1610 sunt
1558 1559 1687 1619 nrrmina.
1704 1564 1772 1634 quia
1784 1572 1925 1632 vocabula

1098 1632 1183 1700 aquis
1199 1650 1234 1688 ex
1247 1634 1403 1706 regionum
1418 1642 1567 1700 vocabulis
1581 1647 1775 1709 adheserunt
1798 1656 1861 1716 Una
1874 1678 1925 1717 au·-

1097 1722 1155 1773 tem
1172 1724 1364 1794 congregatio
1379 1743 1534 1800 aquarum,
1550 1750 1583 1789 eo
1598 1739 1675 1806 quod
1688 1740 1770 1813 jugis
1785 1748 1863 1805 unda
1877 1755 1924 1808 at-

1100 1364 1265 1425 lorensibus

1056 1826 1080 1891 B
1097 1822 1153 1878 que
1166 1812 1307 1868 continua
1321 1814 1358 1869 ab
1375 1814 1474 1873 Indico
1498 1822 1573 1876 mari
1590 1825 1647 1895 (79)
1670 1843 1764 1901 usque
1785 1834 1822 1888 ad
1837 1835 1923 1894 Gadi·

1087 1894 1155 1950 tani
1170 1912 1253 1953 oram
1268 1898 1419 1971 littoris‚et
1429 1906 1498 1963 inde
1513 1909 1542 1963 in
1559 1914 1780 1974 msrellubrum
1795 1927 1940 1986 extremo,

1093 1982 1273 2042 circumfusa
1286 1991 1388 2047 orbem
1410 1995 1468 2064 (80)
1481 2001 1627 2056 terrarum
1651 2002 1776 2063 includit
1789 2009 1921 2072 Oceano:

1092 2070 1218 2127 interius
1233 2090 1352 2149 quoque
1367 2081 1733 2158 Pyrrheuoddrias,ddriae
1747 2101 1851 2156 cetera
1862 2118 1923 2160 ms-

1092 2159 1136 2214 ria
1151 2160 1328 2235 miscentur,
1344 2171 1515 2229 nominibus
1531 2176 1679 2248 distincta,
1695 2199 1753 2240 non
1772 2185 1920 2248 fluctibus.

1092 2246 1174 2304 Unde
1201 2251 1324 2321 pulchre
1354 2256 1457 2327 habes,
1474 2264 1546 2333 quia
1574 2265 1653 2323 Deus
1681 2277 1920 2348 congregationes

1091 2352 1237 2408 aquarum
1251 2346 1365 2400 vocavit
1379 2348 1473 2404 maria
1487 2349 1564 2421 (Gen.
1590 2369 1610 2421 r,
1627 2357 1680 2429 10).
1705 2360 1748 2416 Ita
1762 2365 1791 2419 et
1804 2380 1863 2421 una
1876 2371 1922 2422 est

1089 2426 1237 2491 generalis
1261 2430 1405 2499 collectio,
1432 2454 1497 2508 que
1521 2441 1629 2499 dicitur
1656 2463 1746 2520 marc,
1774 2457 1804 2508 et
1821 2454 1920 2511 multas

1089 2514 1350 2589 collectionesque
1361 2525 1457 2580 maria
1467 2532 1917 2614 proregionibusnuncupautur.

1088 2600 1170 2656 Sicut
1184 2602 1263 2657 enlm
1280 2608 1382 2664 multae
1393 2616 1489 2680 terrae,
1504 2621 1536 2671 ut
1549 2620 1656 2691 Africa,
1672 2624 1918 2699 Hispania,Thra·

1087 2691 1141 2755 cia,
1159 2690 1342 2764 Macedonia,
1361 2698 1456 2769 Syria,
1472 2704 1618 2778 AEgyptus,
1635 2711 1739 2780 Gallia,
1761 2721 1849 2789 atque
1863 2720 1919 2777 lta-

1085 2778 1135 2841 lia,
1153 2795 1205 2850 pro
1220 2781 1378 2852 regionum
1395 2791 1577 2860 appellentur
1589 2800 1786 2871 vocabulis,et
1799 2823 1859 2865 una
1873 2813 1919 2867 est

1084 2870 1177 2922 terra:
1194 2867 1236 2921 ita
1249 2869 1345 2926 mulla
1360 2873 1501 2937 dicuntur
1522 2900 1573 2956 pre
1595 2886 1725 2947 locorum
1746 2896 1916 2968 appellatio-

1084 2956 1172 3011 nibus
1186 2955 1290 3024 maria,
1307 2966 1338 3014 et
1355 2978 1449 3022 unum
1461 2976 1505 3027 est
1519 2990 1607 3043 marc,
1624 2978 1701 3036 sicut
1715 2981 1759 3038 ait
1772 2967 1918 3060 Propheta

1083 3045 1200 3100 dicens:
1226 3046 1276 3099 Tei
1296 3059 1366 3105 aaut
1385 3056 1457 3124 ceti,
1478 3066 1504 3116 et
1526 3071 1573 3119 teo
1592 3073 1632 3122 eat
1651 3072 1738 3143 terro,
1753 3076 1846 3134 orbem
1861 3087 1915 3135 ter·

1081 3149 1179 3188 rernm
1202 3142 1228 3189 et
1251 3134 1459 3204 plenitudinem
1482 3153 1542 3219 ejus
1555 3157 1586 3209 tu
1603 3158 1738 3230 fundasti,
1754 3165 1916 3237 Aquilonem

1081 3225 1107 3276 et
1119 3238 1198 3277 more
1211 3227 1243 3277 te
1255 3229 1358 3282 creasti
1376 3230 1463 3299 (Psel.
1474 3256 1606 3312 ιιιιιιινιιι,
1623 3248 1668 3315 12,
1684 3249 1740 3323 (3).
1757 3254 1792 3309 tlt
1806 3258 1843 3313 ad
1856 3259 1912 3317 Joh

1081 3309 1145 3381 ipse
1158 3310 1303 3462 Βοιιέξιιιιε
1317 3315 1360 3369 ait
1376 3333 1382 3371 :
1401 3319 1530 3385 Conclosi
1542 3338 1635 3391 ouem
1648 3354 1725 3396 aiere
1743 3347 1832 3414 portu
1853 3348 1911 3420 (tob

1080 3416 1198 3463 xxxviii,
1247 3441 1253 3454 .

1117 3497 1161 3552 tt.
1180 3498 1263 3553 Nune
1277 3499 1347 3568 quia
1362 3517 1421 3561 uua
1435 3513 1605 3577 collectione
1620 3524 1758 3602 diximus,
1773 3534 1847 3594 illud
1861 3556 1914 3598 oo-

1081 3585 1191 3654 currit,
1208 3590 1307 3641 utrum
1323 3603 1390 3645 cum
1406 3611 1459 3665 per
1479 3618 1597 3665 emnem
1622 3614 1681 3673 lere
1696 3622 1804 3681 terram
1818 3632 1847 3683 et
1860 3646 1910 3685 su-

1080 3691 1133 3747 per
1147 3679 1253 3754 lepram
1271 3675 1380 3731 luerint
1395 3682 1508 3745 ditiusae
1523 3712 1605 3767 aque
1623 3718 1676 3773 per
1691 3708 1839 3772 vallestria
1854 3717 1911 3790 (aa)

1081 3778 1231 3835 agrorum,
1247 3779 1374 3819 corrosae
1395 3774 1541 3847 nentium,
1569 3783 1781 3867 planitiemque
1795 3818 1910 3875 campo-

1081 3868 1158 3919 rum,
1176 3854 1262 3907 medo
1277 3854 1404 3923 equoris
1420 3859 1486 3916 lusa
1506 3879 1692 3945 congregatio
1707 3898 1767 3938 una
1781 3891 1910 3959 poluerit

1080 3955 1183 3996 omncs
1198 3940 1264 3996 illas
1280 3957 1373 4012 aquas
1387 3948 1515 4022 recipere
1532 3962 1620 4030 atque
1639 3966 1787 4027 exinanire
1803 3979 1907 4046 terras,

1081 4044 1145 4098 quae
1159 4034 1226 4085 anto
1242 4031 1306 4085 tuso
1317 4035 1673 4109 peruniversumllumine
1683 4061 1907 4131 stagnabantur.

1079 4119 1154 4171 Nam
1170 4118 1194 4172 si
1210 4118 1250 4173 ita
1265 4123 1463 4190 oportuerant
1478 4134 1595 4205 omnia;
1619 4157 1676 4198 non
1692 4146 1770 4203 enim
1787 4151 1905 4224 diceret,

1078 4205 1143 4260 visa
1156 4210 1200 4261 cst
1216 4208 1357 4271 terram
1373 4213 1430 4269 nisi
1447 4224 1586 4279 retectam
1607 4229 1693 4287 vellet
1713 4232 1785 4293 locis
1809 4244 1905 4299 omni·

1080 4293 1136 4350 hus
1152 4296 1361 4354 demonstrare.
1380 4301 1408 4355 Si
1420 4303 1562 4365 diluvium
1574 4314 1633 4371 Noa
1643 4323 1775 4394 tempore
1785 4328 1906 4389 abscon-

1078 4381 1164 4437 ditet
1178 4388 1303 4452 montes,
1319 4392 1437 4456 quando
1448 4404 1660 4474 aquarumjam
1670 4415 1698 4465 et
1713 4429 1804 4487 super
1816 4422 1904 4481 coelos

1078 4474 1108 4524 et
1123 4471 1199 4526 intra
1214 4472 1431 4535 firmamentum
1448 4482 1542 4542 luerat
1554 4491 1630 4549 laeto
1644 4497 1905 4579 discretio;quanto

1370 4583 1390 4620 n
1405 4573 1501 4639 polest
1515 4577 1603 4635 etiam
1623 4588 1769 4649 montium
1784 4597 1905 4657 vertices
1919 4651 1922 4658 ,

1078 4723 1177 4792 nostri,
1194 4728 1248 4780 etc.
1266 4724 1464 4793 Corb.,tuuion
1479 4741 1508 4791 et
1523 4738 1571 4795 alii
1582 4743 1712 4818 quinque
1727 4755 1843 4823 optime
1852 4774 1903 4814 no·

1080 4798 1237 4864 tepentes.
1254 4796 1289 4851 at
1303 4798 1376 4855 forle
1392 4805 1494 4861 eodem
1509 4812 1598 4867 modo
1610 4815 1666 4871 dici
1685 4823 1788 4890 possit,
1803 4831 1902 4895 pontus

1078 4867 1175 4933 nitaris,
1188 4883 1245 4937 quo
1261 4876 1421 4941 usurpatur
1434 4878 1522 4933 solum
1541 4888 1635 4946 terree.
1651 4894 1679 4941 ct
1693 4890 1811 4949 similia.

1114 4936 1169 5005 (79)
1185 4937 1267 4993 Rom.
1285 4941 1366 5010 edit,
1383 4949 1543 5006 coritianos
1561 4956 1671 5011 Pontico
1684 4963 1767 5029 meri,
1783 4969 1837 5021 etc.

1115 5008 1171 5075 (ab)
1186 5008 1257 5064 Mss.
1272 5011 1383 5083 aliquot
1397 5020 1426 5071 ct
1440 5020 1508 5075 edit.
1524 5030 1684 5096 amatque
1699 5030 1762 5087 lira.
1779 5045 1901 5098 cebenna

1077 5078 1241 5149 mrcumsaso
1255 5083 1365 5153 orbern,
1383 5088 1501 5158 quidam
1517 5110 1601 5158 mss,
1615 5098 1686 5163 orbe,
1703 5105 1758 5157 etc.
1771 5105 1828 5163 Alii
1843 5111 1900 5167 ali-

1077 5152 1148 5219 quot
1163 5154 1191 5205 et
1206 5152 1274 5207 edil.
1291 5154 1374 5211 ltom.
1401 5164 1521 5219 extreme
1543 5167 1708 5236 circumfuso
1722 5174 1824 5248 orben,
1841 5187 1896 5239 eto.

1076 5218 1132 5275 Alii
1147 5221 1273 5295 denique
1288 5230 1316 5280 el
1331 5228 1398 5284 edit.
1417 5231 1482 5286 Gill.
1509 5238 1541 5286 nt
1564 5252 1616 5291 nos
1636 5237 1665 5293 in
1681 5245 1771 5302 textu.
1786 5249 1898 5311 lbidem

1077 5308 1149 5347 mss.
1166 5292 1240 5349 Vicl.
1259 5313 1344 5353 unus.
1357 5299 1435 5354 Colb.
1452 5307 1479 5357 cl
1491 5302 1564 5428 diff,
1583 5308 1700 5368 includit
1719 5317 1851 5380 Oceanus.

1113 5363 1168 5434 (8l)
1182 5365 1229 5421 Sic
1244 5367 1371 5439 antique
1386 5370 1454 5426 edit.
1471 5377 1530 5445 etp
1545 5393 1612 5434 ures
1632 5399 1703 5441 mss.
1729 5389 1828 5463 aliqui
1844 5395 1898 5452 ha-

1076 5432 1143 5489 bent
1159 5438 1222 5559 gne
1235 5443 1441 5509 correrepotioac
1454 5460 1521 5526 tene.
1537 5447 1620 5521 Reg,
1639 5457 1716 5526 smus
1727 5470 1899 5537 conqrcqotlo

1076 5520 1141 5560 una.
1184 5524 1221 5561 on
1236 5512 1419 5589 aspernanda
1433 5512 1525 5574 tectio.
1544 5518 1651 5582 Verum
1666 5530 1735 5588 edit.
1752 5533 1835 5591 Rom.
1856 5544 1898 5593 to-

1075 5579 1139 5634 tum
1154 5576 1249 5633 locam
1265 5583 1307 5635 ita
1320 5586 1505 5647 consaroiaat
1516 5606 1584 5667 :per
1592 5609 1700 5665 omnen
1707 5605 1781 5679 fors
1794 5610 1897 5679 terram

1072 5648 1348 5725 menesatem.
1413 5714 1417 5720 .
