4159 6184
280 230 362 325 anisa
1012 232 1044 295 s.
1067 226 1254 299 auaaosu
1437 289 1446 330 ,
1868 246 1923 313 rra

280 383 367 437 opera
383 380 436 420 sua
451 378 508 418 non
525 360 676 419 abscondit
692 366 721 420 et
735 361 869 436 crimina,
885 363 934 420 sed
951 366 1009 437 regi
1028 371 1107 437 pate·
1121 370 1149 433 A
1165 386 1221 423 non
1235 367 1342 439 repulit
1357 367 1484 440 plebem,
1500 366 1570 442 quia
1588 362 1711 441 reliquis
1737 377 1867 434 secundm
1882 384 1922 438 ele·

283 454 351 510 tecit
366 456 485 521 eterno,
501 451 530 505 in
547 450 592 509 dic
605 452 772 521 ambulans,
789 468 848 509 non
864 452 893 507 in
923 455 1109 529 terebrisue
1163 456 1288 512 ctionem
1304 457 1403 531 gratia
1431 456 1517 512 salvae
1542 456 1620 514 iacta
1648 464 1722 516 sunt.
1746 462 1777 517 ui
1797 464 1885 523 ridetur
1903 473 1923 527 ia

278 539 409 598 occultis.
421 538 503 595 Unde
516 544 544 596 et
559 540 737 613 Apostolus:
756 564 770 591 α
785 542 866 597 Sicut
881 541 909 597 in
926 542 971 598 dis
986 541 1109 599 honeste
1163 545 1265 617 paucis
1284 561 1342 602 non
1365 543 1510 618 repulisse
1538 546 1655 617 quidem
1683 547 1817 621 populum,
1839 558 1922 614 ansul

281 628 470 686 ambulemus
486 629 573 701 (Rom.
588 646 650 699 xni,
667 630 731 701 43),
747 651 761 681 a
779 630 832 685 hoc
848 633 903 701 est,
918 646 976 685 non
997 630 1025 686 in
1055 647 1107 705 ga·
1163 648 1219 687 non
1235 636 1328 688 totum
1346 632 1496 705 populum.
1511 633 1567 689 Sed
1582 650 1616 689 ex
1629 650 1661 690 eo
1675 634 1801 707 plurimos
1821 642 1923 714 repulisse

277 717 341 775 neis
357 722 447 790 atque
462 717 638 791 gurgustiis,
653 735 711 773 non
726 718 756 773 in
772 716 919 775 cubilibus
934 722 962 774 et
976 719 1108 791 impudi-
1162 718 1245 777 Unde
1259 721 1372 777 addidit
1386 722 1521 793 ponendo
1536 738 1706 794 responsum
1721 725 1774 794 Dei,
1798 730 1859 799 quod
1880 748 1920 787 non

276 804 402 875 uitiis,in
419 806 527 878 quibus
543 805 708 879 flagitiosus
724 823 754 863 se
769 810 854 879 putat
868 806 1028 879 parietibus
1043 825 1109 865 esse
1162 808 1258 866 solum
1274 809 1303 864 in
1320 811 1421 882 paucis
1434 810 1591 866 servaverit
1605 809 1724 883 plebem,
1739 814 1784 869 sed
1801 815 1869 871 etiam
1880 835 1915 892 sep

276 900 398 963 tectum,
415 899 447 950 ut
458 895 553 967 possit
566 894 616 951 Dei
632 895 786 951 scientiam
804 894 967 968 praeterire;
978 913 1046 953 cum
1062 896 1107 953 in·
1164 901 1221 953 tem
1238 897 1332 953 millia
1345 899 1474 954 virorum
1495 898 1552 954 sibi
1567 898 1721 971 reliquerit,
1734 901 1777 971 qui
1790 919 1835 958 non
1852 920 1924 961 cuns-

247 982 370 1040 »aelata
382 983 459 1055 apud
486 983 578 1039 Deum
605 982 810 1040 universorum
842 983 952 1057 flagitia
980 984 1050 1053 sint,
1080 989 1109 1041 et
1160 993 1375 1059 veruntgenua
1392 991 1458 1043 ante
1486 985 1556 1044 Baal
1584 988 1663 1060 (leid,
1693 988 1728 1061 l).
1752 988 1839 1047 Verum
1861 994 1924 1049 luerit

273 1068 509 1128 occultadivinee
525 1070 694 1147 cognitioni!
711 1077 830 1145 peccata
859 1071 1012 1128 hominum
1042 1089 1108 1129 esse
1161 1074 1924 1153 hoc(54)dictumabllpostolosecundumllsangeliun

274 1176 332 1216 non
345 1158 471 1233 possint.
490 1160 563 1233 Ergo
579 1166 700 1217 sanctus
725 1160 894 1217 laudabitur
907 1160 935 1215 in
953 1161 1106 1230 tuturum3
1161 1163 1299 1235 quoniam
1315 1163 1456 1220 Dominus
1471 1165 1628 1220 transierat
1645 1165 1783 1237 adgentes
1801 1184 1807 1221 :
1824 1170 1922 1240 responsi

274 1246 417 1322 quianon
434 1247 567 1321 quesivit
595 1249 787 1321 presentium
815 1247 1011 1317 laudem,sed
1040 1265 1106 1323 gra·
1162 1252 1925 1326 autemdivinitempusreleraiuradzelumadbucd·

272 1338 346 1394 tiam
361 1337 539 1394 futurorum.
1161 1340 1207 1397 dei
1223 1340 1393 1407 ferventem,
1409 1340 1528 1414 quando
1542 1340 1632 1397 etiam
1658 1339 1840 1413 prophetarum
1859 1344 1925 1415 gratia

308 1426 354 1482 23.
370 1426 443 1483 Vide
458 1431 557 1483 tuuien
575 1426 759 1483 distantiam.
782 1426 832 1483 llic
848 1428 918 1483 dum
934 1432 990 1495 est,
1005 1428 1035 1482 in
1053 1432 1107 1483 Do·
1161 1426 1346 1483 redundabat
1360 1426 1466 1501 populo
1478 1427 1658 1484 ludaeorum.
1673 1426 1749 1484 Unde
1765 1428 1786 1485 si
1800 1428 1853 1485 alis
1874 1434 1924 1485 teu·

273 1516 354 1573 mino
369 1515 530 1589 gloriatur;
548 1514 608 1572 illic
624 1517 653 1571 in
668 1516 790 1573 Domino
803 1514 980 1584 laudabitur,
994 1520 1024 1571 et
1037 1532 1107 1587 pro·
1161 1531 1231 1588 pore
1259 1516 1376 1589 negavit
1399 1516 1542 1572 Dominus
1569 1533 1586 1571 a
1616 1532 1647 1571 se
1673 1514 1777 1589 plebem
1807 1518 1923 1591 repulsam,

273 1604 674 1677 brevitemporemerredam
683 1602 1108 1676 aeternitatisaccipietdquils
1161 1602 1365 1677 multomagis
1392 1608 1523 1676 tempore
1551 1603 1653 1674 David,
1681 1603 1722 1660 vel
1741 1604 1847 1661 liliorum
1867 1605 1922 1677 iore,

273 1699 372 1749 tomen
387 1694 505 1765 posuit:
526 1717 536 1741 a
555 1692 585 1747 ln
600 1692 725 1748 Domino
740 1674 933 1764 gloriabimur
943 1696 1004 1747 tota
1018 1691 1074 1747 die.
1091 1714 1143 1800 »B
1160 1708 1218 1764 quo
1234 1691 1329 1748 adbuc
1344 1692 1416 1750 fides
1431 1692 1514 1749 electi
1531 1692 1634 1765 populi
1648 1692 1811 1766 praenitebat.

272 1780 468 1850 Symmachus
497 1780 555 1835 ait:
594 1802 608 1830 α
640 1780 698 1836 Deo
728 1778 870 1852 hymnum
894 1780 1026 1835 dicemus
1050 1794 1102 1851 per
1192 1780 1565 1854 aerumnosissimum
1583 1787 1717 1837 sanctum
1738 1780 1816 1836 David
1839 1780 1922 1838 intem

273 1885 390 1925 omnem
406 1869 494 1925 diem.
509 1892 523 1919 »
535 1868 699 1925 Concordat
713 1868 845 1924 omnium
863 1884 978 1935 sensus,
994 1872 1027 1923 ut
1043 1884 1100 1923 non
1155 1885 1269 1942 gemus,
1283 1869 1429 1941 quomodo
1443 1868 1586 1926 Dominus
1604 1868 1715 1942 plebem
1724 1885 1799 1925 suam
1810 1886 1856 1926 non
1863 1887 1920 1943 repu-

272 1958 444 2043 desinamus
459 1958 536 2013 circa
553 1958 600 2013 Dei
616 1955 729 2022 laudes,
745 1956 804 2013 sive
819 1955 962 2029 hymnum
978 1956 1100 2012 dicendo
1156 1958 1232 2027 lerit,
1248 1956 1432 2029 colligamus.
1444 1958 1517 2013 Nam
1524 1974 1591 2014 cum
1602 1959 1721 2014 sitDeus
1731 1956 1923 2031 appropinquans,

272 2046 338 2119 (53),
362 2046 423 2102 sive
449 2044 577 2101 divinam
601 2062 652 2118 per
677 2046 777 2101 omnia
801 2048 949 2102 momenta
976 2044 1099 2119 gloriam
1155 2063 1213 2102 non
1228 2045 1453 2119 elonginquans,
1484 2045 1559 2101 sieut
1589 2046 1679 2102 habet
1701 2046 1825 2119 scriptura
1844 2046 1923 2101 Veteris

272 2135 464 2191 concinendo.
478 2134 533 2199 Oui
548 2134 626 2190 enim
643 2134 787 2206 hymnum
802 2134 883 2201 dicit,
913 2150 985 2206 puro
1014 2134 1100 2190 eorde
1153 2134 1333 2191 Testamenti
1349 2135 1459 2205 (tueor.
1483 2152 1564 2202 xxiii,
1593 2136 1652 2206 23),
1676 2135 1771 2207 utique
1793 2135 1922 2207 quiappro·

272 2228 301 2279 et
316 2221 486 2296 spiritaliter
503 2222 583 2291 dicit,
602 2226 630 2277 at
646 2238 731 2278 omne
746 2238 840 2296 genus
855 2222 985 2295 passioni
1001 2221 1098 2278 exclu—
1156 2224 1226 2296 piat,
1242 2240 1300 2279 non
1316 2221 1440 2296 repellit.
1455 2224 1507 2279 Est
1526 2224 1608 2279 onim
1637 2223 1824 2281 misericordie
1843 2220 1922 2283 dirius,

272 2312 316 2367 dit
342 2312 499 2379 humanae,
522 2314 555 2365 ut
584 2309 664 2366 nullo
693 2327 825 2380 moerore,
848 2310 960 2367 nullius
992 2310 1100 2367 doloris
1155 2310 1788 2383 utnullicauseaitmortisq55tctomnes
1807 2314 1923 2383 putatese

272 2398 430 2457 acerbitate
444 2398 623 2473 impediatur
649 2400 713 2471 ejus
741 2399 881 2466 olllclum,
912 2404 1101 2473 exasperetur
1154 2400 1351 2456 redimendos.
1367 2400 1423 2456 Sed
1446 2400 1511 2455 vids
1536 2416 1572 2455 ne
1599 2400 1650 2456 ille
1676 2392 1825 2473 repellatur,
1849 2398 1884 2470 qul
1904 2413 1923 2452 se

272 2488 336 2561 ejus
351 2488 493 2544 allectus:
512 2489 562 2544 ssd
579 2488 720 2560 hymnum
737 2493 793 2544 Deo
809 2488 943 2557 dicendo,
960 2488 1099 2545 immobi-
1154 2488 1271 2561 elongat
1285 2506 1302 2544 e
1314 2488 1449 2552 Domino,
1467 2489 1545 2545 sieut
1567 2489 1641 2545 dicit
1655 2489 1761 2546 David:
1788 2510 1801 2537 α
1823 2486 1922 2553 Quoniam

272 2575 308 2632 lis
322 2571 409 2649 atque
424 2575 622 2653 irreuocabilis
637 2582 803 2650 perseveret
815 2594 821 2645 ;
835 2576 911 2633 sicut
926 2577 987 2650 ipse
1010 2576 1099 2633 David
1154 2593 1219 2633 ecce
1235 2578 1285 2650 qui
1300 2594 1332 2633 se
1347 2576 1468 2649 elongat
1483 2595 1500 2633 a
1514 2582 1543 2633 te
1557 2569 1718 2649 peribunt:
1738 2574 1864 2650 perdidisti
1883 2590 1922 2629 ou·

271 2664 320 2737 qui
337 2665 421 2720 citt«
433 2664 608 2721 Benedicam
622 2664 781 2720 Dominum
797 2664 826 2720 in
848 2665 928 2721 omni
957 2672 1098 2737 tempere,
1154 2666 1678 2738 uesquifornicanturabste(Psul.
1703 2661 1922 2736 axamitum

188 2768 191 2773 '
272 2769 388 2825 semper
403 2752 467 2809 laus
482 2753 545 2825 ejus
569 2754 598 2808 in
616 2770 664 2810 ore
692 2770 756 2809 meo
782 2754 867 2824 (Deci.
893 2772 991 2823 xxxm,
1018 2756 1066 2825 2);
1084 2778 1098 2804 »
1154 2759 1209 2825 est,
1224 2754 1276 2811 abs
1291 2758 1319 2809 te
1335 2754 1535 2810 tornicantur?
1557 2753 1634 2819 Ouia
1647 2752 1826 2828 turpitudinis
1838 2748 1923 2808 saelu-

249 2869 261 2891 .
273 2842 349 2898 sicut
362 2840 427 2907 lob,
444 2841 494 2910 qui
511 2840 630 2897 amissis
647 2841 727 2910 llliis,
752 2842 935 2915 interemptis
963 2842 1100 2898 omnibus
1148 2842 1258 2898 dibriis
1273 2846 1302 2898 te
1325 2841 1507 2915 relinquunt,
1532 2847 1560 2899 et
1575 2859 1592 2899 a
1609 2851 1639 2901 te
1659 2844 1799 2911 recedunt,
1818 2846 1842 2897 et
1855 2854 1924 2910 apra

272 2930 346 2999 suis,
364 2930 487 3002 direptis
502 2930 691 2987 facultatibus
707 2930 764 2986 ait:
799 2954 809 2981 ι
836 2930 980 2987 Dominus
1009 2932 1098 2998 dedit,
1154 2931 1247 3003 ceptis
1263 2931 1404 2988 tuisdevii
1415 2936 1495 2987 sunt.
1509 2928 1923 3005 Deniquealibibabesecriptuu:

271 3018 413 3076 Dominus
430 3018 585 3075 abstulit...
602 3018 640 3075 sit
654 3036 762 3077 nomen
777 3020 891 3076 Domini
913 3019 1098 3076 benedic-tum
1155 3043 1169 3070 a
1181 3020 1338 3077 Adulteros
1352 3018 1569 3091 autsmjudicat
1582 3020 1924 3094 Deus,disperdenseosase

271 3109 328 3177 (roo
344 3126 364 3175 1,
375 3108 431 3181 2t).
445 3130 459 3157 >r
1113 3096 1135 3163 C
1154 3109 1246 3182 (Helu.
1262 3125 1325 3174 xiii,
1341 3108 1380 3179 t).
1397 3129 1411 3156 »
1428 3108 1572 3180 Repulistl
1582 3126 1665 3183 ergo,
1681 3110 1791 3176 hocest,
1812 3101 1923 3163 alienando

306 3194 446 3268 2l.(Vers.
465 3197 520 3265 10.)
536 3219 549 3245 u
567 3196 649 3251 Nunc
663 3200 761 3251 autem
777 3194 910 3267 repulisti
940 3198 968 3250 et
996 3196 1097 3252 consu·
1152 3200 1205 3253 abs
1234 3202 1262 3252 te
1292 3196 1444 3269 perdidisti
1471 3213 1532 3254 eos.
1558 3198 1637 3271 Ergo
1666 3199 1715 3271 qni
1737 3214 1767 3254 sa
1801 3190 1922 3252 omniu

271 3283 339 3341 disti
355 3300 419 3340 nos.
437 3284 471 3339 llt
486 3301 543 3339 non
558 3283 754 3355 progredieris
778 3283 855 3339 Deus
884 3285 912 3339 in
940 3285 1098 3340 virtutibus
1153 3284 1923 3359 separat,ipssallominoseparaturtisqulnoneogut

271 3373 391 3429 nostris.
410 3393 424 3422 »
440 3374 511 3427 Cum
528 3372 591 3443 ipse
607 3374 727 3426 sanutus
747 3373 834 3428 David
855 3372 910 3429 alio
926 3373 988 3429 loco
1018 3374 1097 3430 dixe·
1153 3374 1209 3430 scit
1223 3374 1389 3447 Dominum,
1406 3373 1559 3431 eDomino
1577 3392 1640 3432 uon
1655 3374 1839 3450 cognoscitur:
1850 3374 1872 3426 et
1887 3363 1920 3438 qui

271 3461 327 3516 rit:
345 3459 444 3527 «Quia
469 3476 526 3515 non
556 3460 676 3531 repellet
707 3460 846 3517 [lominus
875 3461 988 3533 plebem
1012 3480 1096 3518 suam
1151 3465 1277 3537 ignorat,
1303 3463 1474 3535 ignoratur;
1502 3464 1580 3520 sieut
1610 3467 1674 3538 ipse
1708 3464 1834 3522 Dominus
1856 3455 1919 3512 dixit:

271 3549 356 3620 (Psct.
374 3565 454 3614 acan,
472 3547 1096 3623 llis·quomodoboclocoartzultepulisti
1153 3578 1166 3604 a
1199 3552 1340 3608 Discedite
1369 3568 1459 3621 nme,
1473 3568 1577 3611 omues
1592 3554 1719 3627 operarii
1733 3548 1877 3625 iniquilatis,
1888 3558 1922 3599 ne·

272 3654 336 3703 nos,
354 3659 368 3687 »
382 3638 544 3710 presertim
560 3654 626 3693 eum
644 3636 704 3693 hec
719 3640 754 3694 dc
770 3637 853 3711 plebs
867 3638 954 3707 dicat,
972 3639 1018 3695 cui
1038 3657 1095 3694 non
1152 3642 1212 3696 ecio
1228 3657 1279 3695 vos
1290 3639 1394 3710 (satit.
1409 3657 1460 3707 vu,
1475 3642 1532 3711 23).
1550 3664 1564 3691 »
1580 3642 1646 3700 Non
1662 3644 1739 3699 enim
1764 3642 1828 3697 scire
1849 3636 1922 3705 digne·

272 3726 430 3781 mediocria
459 3725 586 3799 insignia
623 3725 745 3798 Propriae
773 3726 889 3781 virtutis
919 3726 1097 3781 enrimereti
1151 3734 1199 3785 tur
1228 3728 1354 3800 injustia
1383 3728 1534 3787 ministros
1560 3735 1591 3786 et
1633 3730 1791 3804 iniquitatis
1819 3730 1920 3783 aarum·

270 3814 461 3897 Nequeenim
478 3815 623 3871 mediocre
637 3818 681 3870 est
695 3815 790 3871 dicere
805 3815 884 3889 quod
908 3820 1097 3887 tempestates
1152 3818 1288 3874 Peccator
1300 3833 1369 3890 ergo
1385 3834 1443 3874 non
1458 3818 1630 3892 repellitur3
1647 3822 1716 3893 quia
1730 3821 1787 3893 ipse
1799 3806 1920 3883 serepdlil·

271 3904 397 3959 etruria
414 3903 590 3959 tentationes
614 3918 704 3975 super
731 3920 761 3959 se
788 3904 929 3968 venerint,
959 3908 987 3959 et
1014 3903 1096 3960 obliti
1153 3908 1212 3964 lloc
1227 3906 1318 3981 igitur
1332 3922 1437 3979 genere
1448 3907 1537 3964 dicit:
1557 3931 1571 3959 a
1585 3908 1672 3965 Nunc
1686 3914 1779 3965 autem
1791 3895 1923 3977 repulistiel

270 4009 328 4049 uon
344 3992 405 4048 sint
419 3991 574 4047 Dominum
591 3991 683 4048 Deum
695 4008 793 4059 suum,
809 3996 837 4048 et
852 3991 1016 4063 iniqucnon
1033 4009 1097 4065 ege·
1151 3994 1308 4053 confudisti
1320 4012 1382 4051 nos.
1394 4019 1408 4046 »

269 4082 329 4137 rint
344 4080 373 4137 in
386 4082 606 4137 Testamentum
622 4081 687 4151 ejus
702 4081 801 4152 (latro,
816 4096 890 4135 vers.
919 4082 973 4153 18),
999 4088 1028 4137 et
1043 4098 1096 4136 ca·
1185 4086 1230 4140 26.
1247 4084 1396 4148 Quomodo
1410 4088 1509 4141 tamen
1524 4084 1648 4160 repellat
1666 4087 1753 4156 Deus,
1766 4083 1809 4158 qui
1828 4073 1926 4149 seqnitur

269 4176 332 4227 tera
351 4187 415 4243 quae
441 4174 615 4241 sequuntur.
632 4169 714 4226 Unde
728 4168 828 4243 etiam,
846 4168 1003 4241 Apostolus
1028 4187 1096 4225 son·
1150 4171 1314 4229 versiculus
1328 4172 1455 4246 exponit.
1467 4173 1541 4238 Quia
1552 4198 1566 4225 «ι
1584 4172 1836 4251 nonprogredeis,
1847 4160 1925 4235 inullis

270 4264 333 4315 ctus
349 4260 568 4331 interpretetur,
584 4262 613 4314 et
628 4258 700 4314 dicit
715 4258 792 4329 quod
813 4274 846 4313 eo
864 4274 956 4328 usque
972 4276 1029 4313 nou
1052 4274 1097 4315 re·
1153 4268 1237 4327 Deus,
1258 4262 1287 4315 iu
1302 4260 1461 4318 virtutibus
1476 4263 1596 4319 nostris.
1606 4288 1621 4316 »
1634 4265 1711 4321 Deus
1726 4259 1824 4337 quaudo
1834 4246 1926 4309 nonad-

191 4351 193 4357 ’
271 4346 378 4420 pularit
391 4346 505 4419 plebem
519 4364 602 4404 suam
620 4347 772 4416 Dominus,
789 4352 821 4403 ut
836 4346 964 4421 posuerit
975 4346 1096 4419 loquen-
1147 4352 1241 4424 juvat,
1258 4350 1396 4423 repellere
1406 4351 1529 4407 videtur.
1548 4352 1754 4427 Unusquisque
1764 4347 1830 4407 euim
1843 4335 1928 4414 quiad-

271 4440 330 4490 tem
346 4450 428 4489 eum:
446 4458 459 4483 o
474 4436 547 4491 Toto
561 4437 608 4492 die
622 4436 747 4509 expandi
763 4452 868 4491 monus
884 4452 964 4491 meas
977 4437 1013 4492 od
1038 4436 1097 4509 ple
1112 4460 1134 4525 q,
1146 4440 1286 4513 jumenta
1314 4456 1371 4496 uon
1402 4439 1492 4495 sentit
1516 4440 1681 4499 divinitatis
1705 4442 1759 4499 sibi
1781 4428 1927 4511 opitulatione

269 4524 334 4581 bem
352 4538 409 4579 uon
426 4524 602 4593 credentem,
616 4530 644 4580 et
667 4524 912 4581 contradicentem
940 4526 1003 4597 (lso.
1033 4542 1095 4593 cxv,
1152 4528 1288 4596 conferri,
1304 4527 1455 4601 repulsum
1472 4546 1503 4587 se
1516 4533 1599 4603 putat
1615 4536 1703 4603 atque
1714 4531 1853 4586 desertum.
1875 4510 1928 4582 Quid

268 4615 297 4680 2,
313 4614 388 4669 Rom.
399 4629 427 4680 x,
444 4612 499 4684 21).
518 4634 531 4661 »
548 4612 638 4683 Cujus
654 4614 799 4669 sermonis
820 4614 1000 4671 'auctoritate
1030 4616 1097 4671 sub·
1151 4621 1195 4673 esi
1210 4622 1308 4674 autem
1324 4618 1402 4688 quod
1418 4618 1477 4674 ait:
1494 4642 1508 4669 «
1524 4619 1588 4675 Non
1610 4617 1807 4694 progredieris,
1831 4601 1928 4696 Densis

270 4701 465 4759 nixusaltza
484 4702 550 4758 Dico
568 4702 677 4775 igitur:
705 4702 782 4758 898
811 4702 960 4775 Numquid
990 4703 1098 4776 repulit
1152 4706 1185 4761 tlt
1199 4707 1271 4779 quid
1284 4707 1340 4763 sibi
1354 4706 1504 4780 vultquod
1520 4708 1598 4766 Deus
1614 4710 1759 4766 interdum
1773 4687 1929 4773 autprogredl

269 4792 346 4849 Deus
362 4791 560 4848 hereditatem
577 4807 661 4846 suam
673 4790 792 4847 ‘l-Absit.
810 4792 882 4846 Nam
901 4797 991 4865 etcgo
1009 4794 1096 4849 lsrae·
1152 4794 1270 4864 dicitur,
1286 4800 1337 4851 eut
1351 4797 1459 4870 egredi,
1476 4802 1526 4853 out
1542 4814 1709 4873 exsurgere,
1723 4799 1771 4853 aut
1783 4775 1929 4848 descendere?
1987 4841 1988 4844 Ἴ

182 4876 189 4883 “
269 4879 813 4950 litesum,exseminortbrabam,de
835 4880 912 4935 tribu
944 4882 1095 4952 benjamin
1155 4884 1218 4939 Non
1235 4884 1598 4956 enimcorporaliterDeus
1613 4890 1744 4944 movetur
1756 4881 1840 4939 autde
1859 4871 1928 4963 alique

221 5022 224 5029 .
270 4970 411 5043 (xr,l,2).
426 4992 440 5019 u
456 4969 518 5025 Nun
534 4968 642 5041 repulit
660 4978 732 5024 Deus
749 4967 863 5041 plebem
880 4988 976 5036 suurn,
1007 4988 1096 5043 quam
1151 4971 1212 5028 loco
1228 4972 1296 5042 exit,
1312 4976 1363 5028 aut
1377 4973 1413 5027 ad
1429 4972 1552 5030 alterum
1569 4977 1686 5045 transit,
1701 4974 1749 5046 qui
1765 4984 1843 5043 supra
1861 4967 1929 5019 omi¹⁸

270 5058 425 5130 prescivit.
442 5058 497 5114 Sed
512 5060 609 5132 potest
620 5057 678 5137 boc
696 5057 758 5114 loco
785 5056 842 5112 dici
871 5058 1009 5128 quoniam
1031 5058 1097 5115 ideo
1151 5065 1213 5118 est:
1230 5063 1282 5117 eut
1296 5077 1360 5117 vere
1375 5064 1515 5137 exsurgit,
1531 5066 1616 5137 quasi
1630 5063 1662 5121 in
1685 5063 1776 5137 aliquo
1794 5057 1875 5131 jaceat
1896 5059 1928 5101 ct·

304 5181 368 5307 (533
378 5180 509 5255 Hymnus
529 5198 563 5237 ex
590 5182 675 5254 Greg.
700 5182 785 5254 Nyss.
815 5185 899 5238 tract.
916 5182 934 5237 5
949 5182 977 5238 in
1008 5183 1096 5253 Paul„
1151 5184 1345 5257 permiserit
1369 5185 1492 5254 boceto.
1509 5192 1622 5246 statuat
1637 5183 1863 5263 prudenslector,
1880 5182 1927 5229 ⁰⁰³¹

271 5268 334 5324 cup.
392 5258 447 5321 est,
495 5262 512 5322 ἡ
554 5264 592 5309 trel
629 5262 678 5321 τοῖς
718 5261 869 5327 ὑπάρχουσιν
900 5261 959 5326 ἡμῖν
1000 5263 1097 5339 &pabule
1152 5255 1395 5313 sorlehaecleclio
1410 5257 1708 5332 uliipl‘aeserendasit.
1770 5330 1775 5341 Ι
1923 5308 1927 5315 ,

270 5329 431 5395 &aaronitae
457 5334 491 5396 τῷ
519 5335 570 5398 sip
585 5332 702 5399 ιύφημιι.
718 5321 773 5381 Sed
802 5342 856 5381 nos
883 5325 919 5382 da
947 5325 1002 5382 boe
1025 5325 1097 5382 alibi
1186 5328 1243 5401 (55)
1257 5327 1353 5385 Codex
1378 5329 1460 5403 ch.,
1484 5335 1646 5405 utequequi
1662 5330 1810 5405 appropiet,
1835 5325 1860 5376 ¹⁸l
1877 5310 1926 5397 ’Ψ

234 5391 363 5533 ‚plu-'izi
378 5462 437 5520 Mss
484 5467 534 5523 uin
558 5482 594 5523 ue
609 5466 671 5525 (tall
729 5467 781 5525 uod
797 5468 955 5525 luceolum
979 5470 1009 5525 in
1150 5392 1925 5533 cawi‘mrfft’ta517aliiauwmqmmor’uw

270 5467 802 5615 ea(reruaver'u‘}qotqncnsordidarunt
823 5554 913 5621 genus
926 5548 991 5601 aas
1003 5485 1095 5606 Bw:
1152 5488 1199 5547 qm
1212 5487 1366 5547 ΨΜ
1420 5490 1460 5532 w
1482 5489 1568 5544 m·
