4159 6184
119 358 185 425 ,pr
792 336 1230 407 sensumsensurn
1360 359 1366 369 ·
1798 336 1860 406 ns
1965 321 1969 325 “

121 494 203 553 laeta
216 476 519 551 minuuntusoutum
534 474 656 535 enimet
671 476 760 531 terra
777 475 976 547 pretorianae
992 473 1021 542 Α
1036 475 1076 531 tio
1101 474 1190 547 pacis,
1215 462 1312 544 elorico*¹
1324 472 1437 533 tollatur
1459 476 1527 534 tenu
1548 476 1634 551 (Prot.
1659 488 1735 545 mar,
1755 466 1796 552 7).
1823 476 1860 535 ar

121 562 178 643 eur
192 596 254 638 non
266 575 298 634 id
317 566 529 631 moderationis
551 564 758 634 assumimus,
777 566 810 620 ut
829 580 923 641 nequo
946 566 977 622 in
1034 563 1065 620 in
1080 561 1209 620 canticis
1220 562 1363 620 Dominus
1385 563 1421 623 de
1444 580 1499 621 sua
1522 584 1631 642 sponsa
1646 570 1686 627 ait
1702 587 1709 626 τ
1726 571 1860 641 Quaeaum

122 668 260 733 adversis
276 662 456 738 abjiciamus
472 654 617 725 animum,
630 646 688 729 qui
703 650 789 711 enim
801 656 899 713 omnia
911 654 980 713 lecit
1034 661 1075 709 est
1101 652 1161 710 taec
1184 652 1356 724 prospiciens
1382 654 1516 725 tunquam
1549 658 1713 725 diluculum,
1740 662 1862 734 speciosa

122 775 161 823 ex
175 756 282 824 nihilo,
299 750 386 811 facile
409 750 438 805 te
462 759 582 819 quoque
597 746 706 815 potens
723 745 775 801 est
797 744 833 799 ad
859 759 981 801 summa
1035 742 1107 797 sicet
1130 740 1207 809 lunc,
1232 741 1317 798 eiecto
1339 750 1370 798 ut
1392 744 1432 799 sol
1456 743 1544 813 (Cant.
1569 765 1609 817 vr,
1631 748 1681 819 e)‘l
1703 752 1737 806 at
1758 750 1861 810 merito

123 858 155 912 at
170 838 494 926 perleclaprovehere;
516 836 546 889 et
564 846 688 888 rursum
713 845 777 886 non
801 832 982 889 extollamur
1037 830 1170 905 speciosa
1184 831 1262 888 siout
1275 829 1346 887 luna
1358 831 1498 904 Ecclesia,
1519 852 1582 909 quas
1605 841 1667 895 toto
1690 841 1862 901 mundone·

122 942 158 1000 ln
182 934 342 1014 prosperis,
359 942 454 1002 neque
478 920 510 979 in
536 924 685 993 potestate
699 918 802 993 aliqua
818 937 888 989 nos,
904 920 982 977 divi·
1038 918 1132 991 fulsit,
1147 923 1176 975 et
1190 921 1326 976 tenebras
1349 920 1447 978 saculi
1467 922 1556 996 huius
1578 925 1753 987 illuminans
1768 931 1862 988 dicit:

122 1030 239 1101 piisque
262 1025 421 1095 jactemus,
438 1026 537 1086 neque
566 1006 598 1065 in
625 1008 744 1066 viribus
760 1008 908 1082 corporis,
932 1011 984 1065 aut
1038 1007 1099 1067 Noc
1114 1010 1264 1081 precessit,
1279 1007 1336 1064 dies
1350 1014 1443 1067 cutem
1455 1017 1684 1088 appropinquavit
1698 1018 1786 1091 (Rom.
1802 1038 1864 1089 ιιιι,

124 1112 350 1195 pulchritudine
365 1104 538 1182 gloriemur,
555 1098 667 1172 inquo
683 1102 728 1155 est
742 1096 842 1153 facilis
858 1112 982 1170 corrup·
1040 1098 1097 1170 12).
1113 1096 1238 1153 Pulchre
1254 1097 1304 1166 ait,
1320 1099 1500 1173 Prospicien,
1516 1104 1600 1177 qnasi
1625 1122 1696 1163 suos
1718 1107 1754 1164 do
1776 1125 1864 1183 sups-

124 1208 181 1275 tio,
203 1202 309 1262 crebra
336 1193 469 1260 mutatio,
494 1188 545 1246 sed
574 1190 753 1244 manentem
781 1186 813 1241 in
841 1184 984 1242 futurum
1038 1186 1117 1242 riors
1139 1188 1339 1257 prospectans,
1366 1188 1443 1245 sicut
1464 1189 1554 1248 habes
1581 1210 1588 1249 :
1616 1195 1666 1253 78
1681 1199 1816 1255 Dominus
1833 1199 1866 1257 de

124 1294 219 1358 animi
235 1288 365 1367 gratiam
380 1292 603 1360 persequamur.
620 1276 699 1332 Nam
726 1274 753 1331 si
767 1277 795 1329 ta
809 1271 898 1329 lunae
914 1290 983 1330 con·
1038 1274 1106 1329 caelo
1118 1276 1259 1346 prospexit
1278 1291 1359 1349 super
1377 1278 1453 1349 ‚filios
1476 1280 1620 1339 bominum
1640 1283 1726 1357 (Psoi.
1747 1304 1808 1354 1111,
1823 1292 1866 1358 2).

125 1384 376 1443 tristatoooasus,
391 1387 453 1445 que
475 1384 507 1424 se
531 1380 660 1437 semper
682 1364 802 1435 reparat
823 1376 865 1418 ac
892 1363 984 1419 relor·
1040 1361 1227 1435 Prospiciens
1241 1378 1310 1437 ergo
1325 1365 1461 1436 Ecclesia,
1478 1369 1554 1426 sicut
1576 1371 1646 1429 luna
1670 1376 1867 1436 (1616616616-

127 1476 206 1543 mut3
223 1465 320 1525 multo
345 1460 437 1537 magis
460 1454 644 1512 contristare
666 1454 696 1508 ts
717 1450 819 1517 debet,
837 1450 866 1505 si
885 1450 985 1508 anima
1039 1450 1092 1506 bet
1107 1453 1135 1507 et
1150 1454 1232 1507 ortus
1247 1452 1413 1527 trequentes
1429 1471 1436 1511 :
1453 1458 1503 1516 sed
1515 1459 1751 1523 defectibussuis
1762 1468 1867 1536 mevit,

126 1561 263 1639 proiectu
277 1550 395 1611 virtutis
408 1545 526 1619 impleta
542 1558 617 1598 eum
638 1539 740 1608 tuerit,
749 1542 859 1611 postea
873 1556 925 1613 per
938 1541 985 1596 in·
1039 1542 1072 1595 st
1086 1538 1135 1595 his
1151 1540 1258 1596 meruit
1286 1542 1433 1617 ampliari,
1448 1546 1517 1602 dum
1544 1552 1797 1621 persecutionibus
1811 1556 1868 1615 mi·

129 1644 333 1713 mutantium
350 1635 463 1703 mentis,
479 1637 566 1705 atquc
578 1629 744 1688 incuriam
762 1644 781 1683 a
797 1644 853 1699 suo
874 1629 986 1685 deflexa
1039 1626 1146 1683 nuitur
1166 1632 1195 1683 et
1213 1631 1414 1689 consessorum
1437 1636 1586 1707 nramyriis
1612 1646 1777 1700 coronatur.
1801 1645 1869 1703 liaeo

128 1736 284 1819 proposito
307 1727 405 1787 studia
431 1739 483 1781 sua
511 1736 586 1793 sepe
622 1720 822 1776 commutet:
840 1717 919 1789 quod
940 1721 987 1775 ast
1040 1718 1091 1772 est
1107 1731 1176 1772 vera
1198 1716 1280 1788 luna,
1296 1738 1361 1794 qua
1387 1722 1423 1779 de
1447 1724 1546 1782 fratris
1570 1726 1616 1783 sul
1638 1728 1704 1787 luoa
1728 1739 1871 1808 perpetue

130 1823 312 1903 insipientie
334 1822 364 1876 et
386 1810 550 1873 inscientis.
566 1808 662 1866 Unde
687 1810 721 1865 et
741 1806 897 1880 scriptura
915 1805 957 1862 ait
977 1824 984 1863 ε
1040 1803 1145 1860 lumen
1161 1804 1216 1862 sibi
1231 1808 1461 1868 immortalitatis
1475 1816 1505 1869 et
1519 1814 1619 1887 gratiss
1630 1822 1872 1880 mutuaturliul·

132 1920 239 1982 diuites
261 1916 292 1971 ut
314 1910 382 1967 isne
404 1899 643 1973 mulcturfflccii.
667 1896 986 1969 xxvrrr,12).lltideo
1043 1896 1096 1966 get
1110 1893 1188 1951 enim
1201 1896 1332 1955 Ecclesia
1346 1916 1404 1955 non
1419 1916 1484 1970 suo,
1500 1904 1551 1959 sed
1568 1903 1676 1962 Christi
1693 1906 1823 1979 lumine;
1840 1916 1872 1969 et

134 2009 254 2086 sapiens
281 2018 341 2060 non
365 2010 430 2054 cum
452 1991 521 2047 luna
535 1989 693 2055 mutatur,
717 1986 776 2042 sed
804 1984 989 2058 permanebit
1045 1980 1232 2067 splendorem
1245 1985 1300 2043 sihi
1315 1989 1437 2045 arcessit
1451 1990 1487 2048 de
1501 1990 1708 2065 Solejustitie,
1722 1998 1845 2058 utdicat
1862 2018 1870 2059 τ

135 2116 206 2161 „um
221 2093 283 2155 sola
296 2088 383 2161 (Paul.
400 2098 471 2149 cxxi,
485 2078 522 2153 5).
537 2076 629 2135 Unde
654 2092 720 2133 non
744 2073 829 2130 luna
853 2076 897 2130 est
924 2090 990 2145 par·
1048 2070 1113 2127 Viuo
1128 2080 1216 2131 autem
1227 2077 1289 2148 jam
1311 2092 1367 2133 non
1380 2092 1439 2149 epo,
1454 2080 1523 2136 vivit
1537 2086 1628 2139 uatem
1642 2086 1674 2141 in
1690 2088 1872 2149 riedirierum

135 2192 232 2264 ticeps
245 2171 476 2250 stultitisrquia
488 2184 545 2226 non
557 2165 638 2226 iuna
651 2166 805 2222 mutatur
820 2166 854 2217 ut
869 2159 989 2231 stultus,
1046 2158 1149 2229 (Galat.
1163 2180 1194 2232 u,
1208 2164 1265 2236 20).
1290 2165 1380 2223 Reate
1404 2166 1490 2239 plane
1519 2186 1583 2244 que
1611 2176 1727 2233 matum
1754 2178 1873 2254 insigna

140 2276 195 2341 aad
210 2274 321 2334 stultus
335 2271 370 2325 nt
380 2264 461 2321 luna.
472 2256 602 2329 lienique
615 2268 724 2321 semen
735 2250 825 2325 justi
836 2249 993 2307 sicutluna
1048 2252 1200 2310 meruistll
1215 2250 1298 2311 Unde
1320 2258 1349 2310 ts
1373 2271 1431 2311 non
1455 2258 1514 2314 tuis
1539 2262 1711 2337 neomeniis,
1728 2266 1779 2324 sad
1802 2273 1873 2344 typo

143 2361 318 2446 perlectain
332 2362 476 2416 aternum
490 2348 597 2413 manet,
614 2345 643 2397 et
655 2338 751 2399 testis
770 2340 807 2396 in
822 2338 895 2396 coelo
919 2338 992 2399 iide-
1049 2340 1181 2399 Feelesie
1206 2342 1320 2401 beatam
1347 2343 1481 2402 dixerim.
1507 2347 1540 2405 Iu
1554 2348 1613 2408 illis
1636 2352 1715 2412 enim
1734 2358 1825 2416 servis
1841 2360 1872 2417 ln

146 2438 505 2530 propanismum).
520 2432 605 2492 eliud
630 2428 715 2485 enim
740 2432 796 2485 est
825 2426 907 2501 ΐυιιςί
936 2427 991 2484 mi·
1047 2428 1257 2505 hocdrligsris.

147 2542 281 2607 ammeio.
298 2535 381 2596 alind
407 2520 586 2588 circumlarri
608 2517 742 2590 ingenio,
763 2522 796 2573 st
816 2532 921 2573 sensus
944 2515 994 2573 in·
1083 2518 1129 2574 33.
1143 2521 1238 2587 Quam
1256 2519 1412 2578 ridiculum
1436 2526 1533 2582 autem
1557 2530 1636 2599 quod
1651 2533 1679 2587 te
1698 2532 1874 2612 plerumque

148 2635 293 2699 firmitate
305 2630 401 2685 lixam
415 2634 475 2677 non
488 2614 597 2677 habere
623 2606 818 2663 sententiam.
837 2606 919 2666 Luna
940 2622 993 2679 pro
1049 2607 1173 2664 eredunt
1185 2607 1320 2666 homines
1331 2609 1455 2684 magicis
1469 2614 1648 2674 carminibus
1658 2635 1745 2693 posse
1755 2624 1871 2684 deducit

149 2732 181 2785 ts
198 2718 361 2785 laborat,et
384 2711 505 2785 propter
526 2699 707 2759 voluntatem
722 2695 777 2751 liei
793 2694 912 2752 subdita
937 2698 993 2757 est.
1048 2695 1224 2755 Anilesista
1238 2696 1354 2765 tabula,
1370 2699 1498 2775 acvulgi
1513 2702 1676 2776 opiniones.
1698 2711 1769 2775 Quis
1793 2714 1872 2773 enim
1914 2755 1921 2763 -

151 2809 285 2871 Vanitati
301 2804 384 2863 enim
407 2798 543 2855 creature
567 2784 700 2857 subjecta
722 2788 768 2842 ost
793 2800 852 2843 non
878 2788 993 2857 sponte,
1051 2800 1126 2859 opus
1140 2786 1192 2843 liei
1206 2789 1288 2845 tanto
1303 2787 1467 2847 ministerio
1484 2792 1657 2865 deputatum
1681 2798 1875 2862 arbitraretur

153 2902 207 2961 „d
223 2900 346 2975 propter
360 2902 429 2947 cum
446 2882 497 2957 qui
513 2874 639 2950 subjecit
653 2873 684 2930 in
700 2887 751 2945 spe
767 2872 856 2946 (Rom.
872 2874 993 2942 v111,20).
1049 2872 1214 2933 Chaldaicis
1222 2876 1480 2949 superstitionibus
1488 2897 1574 2954 posse
1581 2886 1703 2943 tentari?
1711 2889 1824 2964 Lapsns
1834 2895 1875 2953 sit

154 2990 211 3050 llla
224 3000 296 3059 ergo
310 2994 374 3055 non
390 2976 498 3048 sponte
512 2966 646 3027 mutatur
661 2977 668 3017 :
684 2964 716 3018 tu
736 2965 840 3037 sponte
858 2962 994 3020 mutaris.
1049 2963 1109 3031 ills,
1123 2964 1175 3037 qui
1195 2981 1229 3021 se
1251 2964 1443 3039 transfigurat
1466 2968 1496 3025 in
1521 2972 1656 3047 angelum
1679 2973 1874 3047 1661661116-

155 3078 211 3139 illa
225 3060 424 3147 congemiscit
438 3064 468 3118 et
482 3050 676 3127 comparturit
701 3049 731 3106 in
756 3066 811 3111 sua
832 3050 996 3108 mutatione
1050 3052 1157 3110 ductus
1170 3054 1321 3111 voluntate
1335 3056 1521 3129 propria,non
1539 3064 1704 3124 carminum
1719 3073 1873 3145 potestate,

157 3160 301 3241 (roman
319 3160 377 3215 :tu
392 3166 452 3208 non
468 3139 621 3214 intelligis,
636 3140 665 3194 et
679 3137 837 3211 gratularis
861 3138 996 3211 frequen·
1052 3141 1128 3201 Sans
1148 3148 1178 3200 at
1199 3144 1230 3199 in
1255 3142 1311 3199 hoo
1335 3145 1419 3216 quasi
1443 3145 1572 3209 Ecclesia
1593 3155 1707 3227 putaris
1730 3176 1817 3232 posse
1838 3163 1876 3223 de

158 3262 214 3314 ter.
231 3250 286 3309 llls
301 3250 387 3303 tuam
403 3231 638 3307 redemptionem
652 3226 818 3299 frequenter
839 3214 1034 3301 exspectati}
1051 3231 1114 3289 loco
1142 3235 1194 3290 tuo
1222 3235 1252 3289 et
1266 3231 1392 3289 statione
1417 3232 1532 3295 deduci.
1549 3233 1633 3297 lliulti
1647 3248 1763 3304 tentant
1776 3249 1874 3310 liceis-

159 3348 194 3403 ut
214 3358 232 3398 a
255 3328 411 3395 communi
432 3323 526 3383 totius
551 3320 689 3377 creature
704 3314 821 3371 servitio
835 3314 993 3375 liberetur:
1051 3320 1126 3378 siam
1152 3339 1158 3378 :
1186 3322 1238 3378 sed
1266 3336 1344 3394 saga
1371 3321 1444 3379 artis
1472 3324 1528 3400 sis)
1555 3330 1582 3386 si
1610 3334 1742 3392 earmina
1769 3352 1875 3401 now„

160 3438 194 3491 tu
210 3430 239 3487 et
251 3430 311 3484 tna
327 3408 537 3489 redemptioni,
554 3410 584 3464 et
597 3402 677 3460 illius
692 3400 818 3462 libertati
835 3404 920 3461 affers
939 3406 995 3463 im·
1050 3423 1109 3466 non
1124 3412 1259 3485 possunt.
1275 3407 1353 3465 Nihil
1367 3409 1564 3475 incantatores
1578 3416 1685 3490 valent,
1701 3425 1752 3481 ubi
1767 3419 1875 3488 Christi

159 3514 380 3596 pedimentum.
396 3506 466 3563 'iuss
481 3510 625 3573 ergo,non
640 3508 700 3549 sus
716 3490 846 3549 stultitia
857 3497 994 3568 estquod
1050 3499 1196 3556 oantlcum
1212 3496 1343 3571 quotidie
1357 3498 1539 3563 decantatur.
1555 3505 1648 3567 Habet
1662 3512 1874 3579 incantatorem

159 3606 234 3667 dum
248 3590 485 3674 tuexspoctaris,
500 3592 530 3645 et
544 3600 599 3642 nec
613 3596 677 3640 sero
697 3581 882 3651 converteris,
898 3582 996 3642 adhuc
1050 3601 1139 3645 suum
1153 3587 1312 3646 Dominum
1335 3586 1448 3660 lesum,
1464 3606 1517 3664 per
1540 3612 1626 3669 quam
1649 3616 1802 3677 magorum
1828 3607 1874 3667 in.

161 3692 261 3756 stilla
275 3689 444 3747 mutantur.
1050 3677 1232 3735 oanmntium
1254 3674 1396 3742 carmine.
1419 3681 1449 3734 et
1470 3690 1640 3757 serpentum
1668 3706 1780 3751 venena
1808 3712 1874 3756 evas

196 3782 244 3842 32
255 3776 322 3838 lloli
337 3790 407 3849 argo
421 3770 524 3828 lunam
540 3760 625 3823 oculo
637 3760 680 3817 tui
695 3760 826 3833 corporis
839 3758 995 3833 estimare,
1050 3766 1196 3823 cnautmt
1209 3765 1276 3839 ipsa
1289 3762 1366 3821 siout
1380 3779 1502 3841 serpens
1516 3771 1659 3834 exuimus
1667 3776 1786 3840 devorat
1795 3786 1874 3843 colu.

163 3872 216 3934 aad
231 3867 342 3929 mentis
364 3858 526 3921 vivacitate.
541 3850 685 3911 Minuitur
706 3847 777 3905 lune
799 3853 832 3906 ut
853 3846 997 3909 elementa
1049 3855 1120 3913 bros
1134 3853 1334 3929 AEgyptlorum
1343 3851 1441 3921 ;terale
1450 3856 1517 3915 licet
1527 3877 1645 3921 carmen
1655 3866 1864 3934 immurmuret

162 3960 286 4037 repleat.
302 3956 363 4027 Hoc
386 3954 431 4008 est
452 3962 520 4003 vere
543 3940 655 4017 grande
670 3937 852 4012 mysterium.
873 3938 997 3997 Donavit
1050 3944 1204 4002 habetatur
1227 3942 1258 3999 in
1282 3940 1389 3998 tlhristi
1405 3945 1534 4005 nomina.
1551 3950 1599 4009 Sic
1620 3957 1648 4011 st
1671 3955 1804 4031 Elymum
1819 3920 1876 4036 (itti

163 4038 464 4120 boceiquiomnibus
479 4024 995 4103 donavitgratiamdxinanlvitsam,
1051 4045 1173 4109 magum
1188 4029 1298 4090 Paulus
1322 4046 1380 4087 non
1394 4032 1490 4093 solum
1514 4056 1591 4115 saga
1606 4043 1678 4101 artis
1693 4044 1864 4111 infirmitate

167 4146 203 4199 nt
217 4134 330 4211 repleat
354 4128 405 4205 qui
419 4124 506 4184 etiam
532 4134 564 4178 se
588 4114 757 4184 exinanivit,
773 4116 806 4173 ut
829 4132 932 4174 omnes
952 4136 995 4176 re·
1051 4124 1102 4180 sed
1117 4122 1206 4179 otiam
1222 4120 1373 4177 oculorum
1385 4122 1545 4185 amissione
1558 4132 1673 4189 cacavit
1683 4100 1874 4216 (rictmudlli

164 4225 270 4306 ploret.
294 4215 460 4280 Fixinanivit
473 4211 553 4269 enim
569 4222 601 4265 se
616 4208 649 4262 ut
665 4206 854 4263 descenderet
876 4206 962 4265 nobis
987 4227 994 4266 ε
1050 4211 1098 4268 Sic
1113 4212 1215 4268 Petrus
1230 4209 1380 4266 Simonem
1396 4210 1454 4269 alia
1468 4215 1533 4273 oceli
1544 4221 1657 4294 magico
1667 4223 1764 4283 volatu
1776 4236 1876 4304 petan-

167 4312 322 4377 dcsoendit
340 4304 426 4365 nobis
449 4306 483 4359 ut
506 4297 677 4357 ascenderet
700 4294 848 4353 omnibus.
870 4296 998 4353 Ascendit
1049 4297 1874 4384 tem,dissolutacarminumpotastate,deJ'eoitetstravit,

165 4404 260 4473 enim,
275 4384 383 4475 inquit,
399 4408 481 4466 super
495 4402 588 4447 omnes
603 4384 681 4443 colos
703 4386 733 4440 ut
756 4385 882 4457 implerot
902 4388 997 4443 omnia
1372 4406 1488 4466 ggpgp
1506 4412 1553 4470 [Χ.

167 4494 277 4572 (Epioe.
299 4507 338 4559 iv,
362 4484 418 4557 t⁰)·
443 4483 550 4554 11111118-
569 4474 621 4554 ‘1¹¹¹
644 4472 808 4575 ⁰¹i⁰³¹iii⁰⁵
827 4472 994 4544 minimis
1051 4494 1193 4552 Conclusio
1208 4494 1302 4567 quarti
1315 4492 1379 4550 dici.
1398 4496 1486 4564 Quum
1507 4517 1611 4561 eonem
1632 4508 1669 4564 cit
1682 4525 1746 4569 eum
1759 4531 1876 4573 cavera

153 4587 207 4644 ,ns
231 4575 416 4657 916611υῶ116
443 4586 497 4628 sua
525 4562 674 4641 apostolos
704 4561 884 4636 adimplevit.
912 4560 1035 4651 UndeD
1086 4564 1198 4622 stende
1212 4566 1240 4620 in
1256 4562 1381 4622 eumdem
1392 4566 1549 4630 monum
1569 4593 1602 4633 cc
1623 4582 1772 4648 gentilium
1790 4560 1875 4661 offen:

168 4688 250 4734 unns
261 4686 296 4729 ex
307 4667 357 4725 his
370 4661 441 4721 dicit
455 4677 463 4717 ι
478 4658 553 4717 Nam
580 4654 612 4711 ds
632 4652 807 4727 ptesttndiae
821 4652 881 4725 ejus
905 4669 998 4711 omum
1086 4638 1129 4696 sie
1142 4636 1276 4693 omium.

168 4778 222 4823 nos
250 4753 492 4831 occepimusicun.
508 4764 530 4820 1,
552 4746 565 4801 l
588 4745 606 4819 l.
631 4739 705 4815 drgo
734 4741 921 4798 annuntiavit
948 4741 997 4799 lu·
1087 4743 1132 4799 31.
1156 4740 1289 4816 Pulchre,
1314 4748 1347 4801 ut
1373 4746 1509 4821 arbitror,
1534 4754 1622 4812 cessit
1649 4755 1711 4814 dies
1740 4764 1875 4834 quartus.

169 4835 605 4924 mmysterlumtihrlsti.lton
621 4830 776 4888 mediocris
800 4830 830 4887 in
855 4846 914 4901 qua
936 4830 996 4905 sig·
1052 4832 1202 4899 Quomodo
1229 4848 1298 4907 argo
1330 4839 1470 4907 quartum
1505 4839 1635 4916 plerique
1663 4855 1876 4908 consueverunt

170 4956 246 5001 num
261 4934 361 5013 posuit
374 4944 476 4998 suum;
494 4942 552 4983 non
566 4919 720 4979 mediocris
737 4933 800 4993 que
823 4922 928 4993 typum
952 4920 997 4977 di-·
1052 4924 1195 4987 cavarent
1208 4918 1312 4977 inutile
1325 4927 1430 4995 putant
1444 4924 1499 4983 hoc
1514 4945 1636 4988 numam
1645 4932 1757 5005 aliquid
1773 4935 1873 5008 ordiri,

169 5032 255 5091 lecta
281 5024 380 5084 habet'
396 5016 541 5083 Ecclesia,
566 5010 643 5087 quod
676 5008 825 5081 significat
851 5008 997 5083 Propheta
1052 5007 1130 5079 quod
1140 5010 1221 5065 totus
1234 5025 1310 5067 nova
1319 5009 1385 5069 lues
1395 5016 1525 5074 mundus
1535 5018 1732 5079 emicuitibn
1745 5024 1875 5086 sinistris

171 5120 277 5179 diosus
293 5114 418 5173 :orielem
432 5112 462 5165 io
476 5104 568 5163 dietas
593 5102 651 5173 ejus
669 5100 788 5173 justitia,
804 5100 830 5154 et
853 5098 996 5155 edendus-
1052 5096 1095 5153 sol
1110 5096 1197 5172 erepit
1211 5099 1370 5172 auspiciis?
1385 5102 1419 5158 lit
1433 5106 1579 5178 quomodo
1594 5105 1660 5165 aliis
1680 5113 1776 5183 potest
1797 5114 1875 5175 bona

173 5266 288 5327 ime,
302 5251 443 5319 6161111.
460 5263 536 5317 vero,
551 5245 617 5319 quia
634 5242 729 5301 omnio
749 5256 785 5301 sa
803 5240 903 5310 eruo,
928 5244 995 5309 ato,
1052 5241 1224 5323 Hymessos:
1239 5240 1324 5299 Corb.
1341 5260 1429 5310 unus,-
1449 5247 1552 5319 ch'ea
1574 5265 1584 5303 .·
1607 5248 1716 5309 Elimas
1731 5259 1795 5313 Act.
1811 5273 1873 5330 xnr,

173 5334 255 5393 utin
271 5328 416 5387 contextu,
592 5386 598 5397 ι
644 5386 649 5396 Ι
730 5381 746 5397 ..
889 5381 895 5393 .
978 5384 983 5397 ⁸
1051 5305 1872 5399 alronomrnsvocuaturBarJesu,veljuxtaaliquosmss‚

214 5403 272 5477 (75)
288 5400 357 5457 llas.
371 5394 490 5466 aliquot,
505 5386 683 5460 mpucdctss:
699 5380 749 5465 alu
762 5380 995 5464 nonaullrsucrs-
1050 5381 1167 5453 Barpeu.
1181 5386 1218 5439 at
1233 5383 1338 5440 nullibi
1354 5384 1480 5456 legimus
1494 5404 1562 5445 sum
1582 5393 1761 5465 appellatum
1782 5400 1875 5461 luisse

177 5478 248 5549 109ae
262 5457 648 5548 urtmpluresffiapsestits.
665 5450 754 5525 didit,
773 5468 889 5524 mqprcae
907 5456 997 5523 anis,-
1050 5454 1235 5537 Hymumlvel
1251 5454 1448 5536 erroreum:
1464 5459 1632 5542 lltquidsm
1651 5469 1761 5525 mantio
1785 5474 1875 5531 unius
1926 5476 1931 5484 '

176 5540 371 5623 quodeodam
387 5534 496 5597 recidit·
906 5596 911 5605 ,
1050 5526 1203 5606 flymena,
1219 5524 1251 5607 1,
1283 5541 1334 5581 ¹11¹·
1350 5544 1370 5596 ¹,
1386 5531 1415 5582 et
1442 5532 1468 5585 11
1495 5532 1569 5588 lim.
1599 5552 1629 5604 u,
1652 5539 1702 5598 oui
1729 5540 1876 5601 hereseos

214 5615 274 5692 (76)
288 5613 342 5670 lde.
366 5610 440 5675 Gan,
464 5600 590 5677 romu,
614 5596 694 5667 Rea..
716 5593 854 5667 hiemum,
880 5594 943 5671 Brg.
968 5600 997 5654 et
1051 5602 1151 5665 notam
1174 5597 1268 5679 inurit
1290 5598 1449 5670 Apostolus
1473 5618 1481 5658 ε
1506 5604 1558 5661 aad
1581 5605 1665 5666 illum
1689 5611 1830 5675 eumdem
1845 5630 1877 5674 ac

179 5690 278 5757 flam„
301 5686 372 5753 lau„
386 5672 461 5737 Gen.
478 5673 573 5749 prima
594 5672 622 5727 61
646 5663 726 5726 aem.
743 5662 873 5726 secunda
894 5683 994 5738 manu,
1050 5667 1178 5728 illimem
1195 5666 1288 5727 fuisse
1302 5670 1402 5731 nullus
1417 5668 1532 5733 dixerit.
