4159 6184
175 220 214 287 27
917 216 1141 285 essetne.
1841 221 1882 290 ΞΒ

175 356 441 443 quemadmodum
463 376 534 442 que
564 355 603 423 de
631 352 817 441 patriarchis
845 350 1017 449 Abraham,
1049 352 1147 449 isaac,
1179 358 1211 419 et
1234 351 1332 449 iacob
1362 358 1470 420 narrat
1500 352 1672 442 Scriptura,
1704 372 1742 422 eo
1763 356 1881 425 Hector

174 446 300 505 sanctus
321 440 454 515 reierat,
469 445 502 503 01
523 439 556 502 10
576 440 678 523 primo
698 436 837 501 debitam
858 436 1014 497 mandatis
1036 436 1150 497 drvmrs
1170 436 1393 511 obedientiam,
1415 436 1449 499 in
1476 436 1577 503 altero
1604 438 1760 503 sinceram
1782 441 1881 505 animi

171 522 352 603 puritatem,
385 522 528 583 laborum
558 519 756 584 tolerantiam
786 515 819 576 10
847 516 952 588 tertio,
984 522 1136 596 tanquam
1167 516 1199 576 in
1229 517 1361 580 totidem
1390 517 1471 579 vivis
1499 519 1692 600 imaginibus
1718 539 1882 600 expressas

172 609 267 683 atque
298 602 439 665 omnium
473 600 640 664 imitationi
671 596 847 678 propositas
877 614 943 657 esse
973 596 1079 676 palam
1109 596 1213 659 iaciat.
1247 598 1308 660 Sed
1339 599 1393 679 qui
1422 598 1514 679 plura
1535 601 1654 663 dehac
1675 617 1709 662 re
1730 602 1878 675 voluerit,

173 684 266 746 adeat
287 683 433 744 eumdem
455 682 617 744 Sinensem
638 679 707 739 loeo
729 677 836 739 citato.

211 764 268 825 Hic
290 765 370 825 forte
392 762 542 825 lectorum
574 758 753 839 quempiam
785 762 920 829 moveat,
954 759 1038 837 quod
1069 775 1140 819 eum
1163 776 1235 833 ¹uon
1263 775 1374 837 pauca,
1407 760 1453 820 uti
1474 761 1592 821 dietum
1614 767 1671 831 est,
1694 761 1821 841 petierit
1841 781 1880 824 ex

171 843 286 905 Graeois
317 842 509 912 Ambrosius,
541 840 580 900 ab
607 838 651 899 eis
680 844 786 899 tamen
816 837 949 899 citandis
980 837 1220 901 nominandisve
1250 838 1348 900 ierme
1379 841 1545 902 abstineat.
1580 840 1639 903 Sed
1667 848 1882 922 preterquam

170 924 255 1003 quod
278 924 361 985 haud
383 922 595 999 infrequenter
615 935 781 998 suppresso
803 918 930 979 nomine
951 924 1127 990 auctorum,
1150 917 1287 979 alienam
1308 921 1497 981 sententiam
1528 940 1547 981 a
1577 940 1610 982 se
1640 924 1774 1001 proponi
1795 923 1879 984 clare

168 1008 313 1076 testatur,
337 1006 481 1065 Erasmus
502 998 660 1078 geminam
682 998 749 1077 ejus
771 998 815 1058 rei
837 999 990 1059 rationem
1012 998 1116 1070 allent,
1138 998 1288 1059 nimirum
1319 1001 1403 1080 quod
1434 1000 1561 1063 eosdem
1591 1001 1709 1063 imitari
1732 1002 1878 1076 voluerit,

170 1102 234 1145 000
255 1080 463 1161 interpretari,
487 1080 634 1158 quodque
656 1098 711 1157 per
740 1078 771 1139 id
803 1080 953 1159 temporis
984 1079 1152 1158 scriptores
1181 1078 1281 1140 Graeci
1311 1079 1393 1141 male
1424 1080 1595 1142 audiebant
1623 1081 1706 1161 apud
1739 1083 1877 1144 Latinos.

170 1161 233 1226 Nee
256 1160 404 1228 Cr'sermd,
426 1159 470 1219 ait
491 1160 544 1220 ille
566 1158 674 1238 (Epist.
698 1159 771 1220 edit.
796 1177 861 1219 suae
892 1157 1058 1239 praelixa),
1080 1160 1238 1241 quisquam
1273 1160 1345 1221 ritib
1365 1160 1464 1237 vertit,
1503 1159 1587 1243 qnod
1618 1162 1650 1223 in
1667 1160 1882 1244 philosophicis

169 1241 350 1323 argumentis
387 1237 504 1302 Graecos
537 1248 709 1321 sequeretur
741 1257 801 1299 non
835 1246 868 1299 et
901 1239 1057 1321 interpres,
1079 1237 1130 1300 sed
1148 1249 1182 1300 et
1216 1239 1372 1301 imitator:
1396 1258 1448 1302 sec
1468 1249 1535 1302 erat
1554 1241 1714 1303 cornicula
1747 1242 1878 1322 sertum,

169 1320 250 1405 quod
272 1320 438 1381 Graecorum
460 1320 590 1392 nomino,
627 1338 692 1401 quse
724 1318 870 1401 pleraque
903 1328 965 1379 tum
1000 1317 1084 1400 apud
1115 1318 1239 1380 Letr'nos
1272 1339 1321 1380 mn
1363 1338 1382 1381 a
1417 1319 1596 1382 luborabunt
1623 1321 1794 1402 dogmatum
1822 1325 1879 1383 aba·

162 1400 361 1484 probatarum
403 1400 528 1471 invidiis,
570 1400 709 1481 pressit:
750 1398 800 1460 sed
842 1400 927 1461 canti
946 1399 1089 1481 pastores,
1130 1418 1243 1460 omnern
1286 1399 1458 1461 oendiseli
1496 1400 1680 1483 dissidiique,
1722 1404 1880 1464 materiam

167 1481 360 1543 excluderetis.
387 1482 454 1540 Non
485 1498 595 1558 parum
628 1479 833 1559 probabiliter
863 1480 894 1541 id
927 1479 1080 1559 quidem3
1114 1497 1207 1542 nemo
1238 1480 1321 1541 enim
1351 1487 1398 1541 est
1425 1481 1478 1560 qui
1509 1481 1628 1542 nesciat
1658 1500 1737 1561 quas
1757 1483 1878 1552 turbas,

167 1580 237 1714 guse
257 1559 362 1640 jurgia
383 1560 447 1621 illis
476 1560 670 1639 temporibus
691 1560 834 1621 doctrine
858 1560 1001 1638 Origenis
1023 1560 1105 1620 inter
1125 1558 1194 1636 ejus
1213 1560 1352 1621 lautores
1373 1566 1468 1639 atque
1489 1562 1686 1623 adversarios
1715 1563 1875 1624 concierit.

195 1641 248 1701 nin
269 1641 363 1701 etiam
394 1640 474 1700 torte
504 1641 654 1718 suspicari
683 1640 782 1719 possit
811 1639 926 1719 aliquis
956 1639 1158 1701 Ambrosium
1189 1658 1253 1700 non
1283 1639 1347 1702 alio
1377 1640 1516 1714 nomine,
1549 1660 1643 1720 quam
1665 1643 1750 1721 quod
1771 1643 1881 1721 Orige-
1979 1646 1983 1652 ’

165 1722 333 1783 nianorum
354 1737 484 1799 operum
510 1721 667 1781 studiosus
698 1716 803 1791 esset,
822 1720 937 1781 alicubi
968 1720 1161 1797 Hieronymo
1192 1720 1398 1798 displicuisse.
1428 1720 1558 1781 Rufinus
1587 1728 1670 1782 certe
1701 1727 1880 1783 auctorest

168 1800 268 1881 [Apol.
299 1798 332 1880 11]
372 1800 518 1861 eumdem
549 1800 774 1878 Hieronymum
814 1800 937 1861 duobus
967 1799 1108 1860 tribusve
1141 1798 1294 1860 librorum
1325 1818 1455 1862 auorum
1490 1800 1568 1862 locis
1597 1802 1636 1862 de
1661 1802 1879 1863 Ambmsianis

165 1880 256 1941 tibris
278 1878 418 1942 locutum
441 1898 506 1940 esse
527 1879 730 1959 petulantius,
754 1898 849 1958 quam
879 1877 959 1948 tanti
989 1879 1048 1939 viri
1078 1879 1227 1939 sanctitas
1256 1885 1352 1959 atque
1383 1880 1522 1958 dignitas
1583 1886 1734 1942 terentur.
1758 1883 1879 1944 lithos

165 1960 219 2021 isti
239 1959 515 2043 accusationiwvim
537 1961 707 2039 quamdam
728 1959 827 2030 addit,
858 1977 922 2022 non
953 1960 1049 2021 modo
1079 1960 1163 2039 quod
1194 1977 1263 2021 eam
1293 1960 1406 2022 tacitus
1428 1962 1460 2021 in
1480 1961 1550 2041 Apo
1566 1961 1638 2039 ogia
1659 1981 1717 2023 sua
1737 1962 1879 2040 praeterit

165 2041 385 2121 Hieronymus,
410 2057 510 2119 neque
532 2040 644 2101 Rufino
666 2038 831 2101 calumniae
853 2056 968 2099 nomen
990 2039 1165 2118 impingit:
1188 2040 1241 2099 sed
1262 2040 1400 2102 maxime
1422 2041 1507 2121 quod
1529 2041 1562 2102 10
1583 2040 1665 2103 libro
1691 2040 1737 2103 De
1758 2059 1765 2101 :
1789 2042 1878 2104 Scri-

159 2119 300 2203 ptoribns
330 2118 547 2182 Ecclesiasticis
575 2120 851 2181 Ambrosianarum
883 2119 1184 2181 commentationum
1214 2120 1398 2199 catalogum
1427 2127 1545 2193 texere,
1578 2140 1614 2181 au
1645 2140 1733 2183 suam
1754 2122 1794 2183 de
1815 2120 1879 2182 illis

165 2202 355 2263 sententiam
384 2202 523 2281 prolerre
553 2200 791 2261 detrectaverit:
823 2216 860 2259 rte
890 2200 921 2259 in
950 2199 1129 2261 alterutram
1158 2208 1289 2279 yrortem,
1321 2200 1435 2281 inquit,
1468 2211 1521 2261 aet
1549 2200 1682 2262 ademtis
1713 2202 1744 2261 ira
1764 2220 1810 2261 me
1830 2221 1879 2261 re-

186 2280 377 2353 redendnter,
402 2290 456 2342 net
475 2282 595 2343 neritus.
619 2282 707 2342 Unde
728 2299 792 2341 non
813 2280 948 2341 absurde
978 2279 1086 2358 colligi
1118 2280 1217 2359 possit
1247 2280 1275 2340 ei
1308 2282 1454 2359 quaedam
1485 2282 1517 2341 in
1547 2282 1656 2342 iisdem
1685 2281 1749 2341 illis
1778 2282 1879 2360 operi·

162 2301 416 2502 busfoocurrilspe
437 2380 507 2439 quae
529 2380 592 2423 non
622 2360 778 2439 preberet,
811 2379 902 2420 suum
931 2366 1036 2421 tamen
1063 2359 1218 2438 judicium
1246 2366 1375 2440 propter
1402 2360 1557 2441 insignem
1581 2361 1641 2423 viri
1661 2361 1877 2424 auctoritatem

189 2460 224 2503 ro
239 2460 306 2502 erre
329 2460 364 2503 su
388 2440 533 2502 veritum.

165 2460 332 2583 pMinime
352 2526 458 2581 tamen
479 2526 626 2599 putamus
648 2519 771 2581 unicam
793 2518 861 2597 ejus
882 2520 927 2581 rei
954 2537 1081 2580 causam
1111 2519 1207 2581 luisse
1236 2519 1334 2599 ipsius
1364 2527 1474 2582 contra
1504 2521 1708 2600 Origeniauos
1729 2520 1876 2582 offensio-

166 2617 258 2674 nem;
281 2602 397 2662 ibidem
420 2600 503 2661 enim
524 2600 603 2661 alios
623 2600 677 2661 ille
698 2600 783 2660 haud
805 2598 900 2678 paulo
922 2599 1180 2662 honorificentius
1209 2605 1323 2662 tractat
1342 2619 1350 2674 ;
1384 2620 1462 2679 quos
1491 2601 1588 2680 probe
1618 2605 1710 2662 norat
1729 2619 1794 2661 non
1814 2600 1875 2661 mi-

165 2699 224 2742 nus
246 2699 341 2759 quam
362 2680 574 2752 Ambrosium,
598 2679 739 2757 Origenis
767 2680 937 2741 imitationi
967 2680 1110 2741 addictos
1141 2698 1236 2741 esse:
1264 2681 1328 2742 imo
1357 2698 1433 2742 vero
1454 2681 1520 2760 ipse
1541 2682 1708 2742 Ductorem
1729 2686 1874 2741 nostrum

165 2766 196 2821 et
216 2760 249 2821 in
270 2760 482 2841 superioribus
504 2760 568 2820 suis
587 2760 677 2821 libris
699 2764 771 2820 ante
801 2760 995 2831 laudaverat,
1028 2765 1058 2821 et
1088 2764 1197 2838 postea
1228 2779 1353 2841 quoque
1383 2760 1415 2821 10
1445 2760 1571 2841 proprie
1592 2764 1702 2821 contra
1724 2760 1871 2821 Rufinum

165 2840 319 2919 Apologia
349 2858 412 2901 non
442 2839 539 2901 semel
573 2839 710 2901 laudat:
743 2858 805 2918 quo
835 2840 930 2900 etiam
960 2838 1029 2901 loeo
1059 2858 1124 2901 non
1152 2839 1276 2901 dubitat
1305 2858 1420 2903 nomen
1447 2859 1538 2902 suum
1558 2842 1641 2902 inter
1660 2839 1866 2918 origenianos

165 2919 338 2981 imitatores
359 2919 509 2998 profiteri.
533 2918 695 2991 Quocirca,
719 2918 744 2979 si
766 2937 838 2979 vera
869 2925 915 2981 est
946 2920 1050 2981 Hulini
1079 2918 1226 2999 objectio,
1259 2921 1339 2983 forte
1368 2922 1555 2983 sententiam
1586 2939 1674 2981 suam
1704 2920 1775 2982 ideo
1795 2939 1866 2999 pro-

166 3000 245 3059 ferre
267 2997 413 3069 uoluerit,
437 3016 475 3059 ne
497 2999 523 3059 si
544 3000 583 3059 de
603 2997 691 3059 libris
712 3017 730 3058 a
751 2999 902 3078 seprius,
935 2996 1088 3061 incertum
1117 3019 1179 3080 qua
1209 3019 1314 3073 causa,
1345 3002 1530 3080 vituperatis
1550 3019 1622 3061 curn
1642 3001 1737 3062 laude
1758 3001 1867 3079 loque-

164 3084 262 3149 retur,
285 3084 467 3157 argueretur
496 3078 632 3139 levitatis
652 3092 660 3150 ;
684 3078 731 3139 010
762 3085 867 3140 autem
898 3081 1023 3141 eosdem
1055 3079 1249 3159 contemptui
1277 3081 1393 3143 habere
1422 3086 1577 3160 pergeret,
1609 3080 1780 3143 offenderet
1800 3099 1867 3142 om·

165 3159 252 3219 nium
274 3159 448 3228 animosa
480 3159 593 3238 quibus
623 3165 748 3219 sanctus
778 3160 896 3221 Praesul
926 3161 1066 3222 maximo
1095 3161 1216 3222 bonore
1246 3178 1283 3221 ac
1314 3162 1487 3222 reverentia
1517 3160 1688 3221 colebatur.
1721 3160 1809 3232 Ouod
1839 3160 1868 3221 ai

164 3238 279 3299 falsum
300 3234 489 3310 idversario,
514 3245 548 3299 ut
569 3256 641 3299 eum
661 3245 788 3301 vocaret
809 3240 841 3300 in
862 3240 1025 3312 invidiam,
1060 3240 1189 3301 Hutinus
1218 3240 1379 3318 imposuit,
1409 3258 1475 3301 non
1500 3240 1591 3301 100110
1612 3240 1705 3301 luerit
1725 3240 1867 3301 divinare

165 3336 259 3398 quam
280 3318 478 3398 potissimum
500 3319 541 3380 ob
562 3336 687 3379 causam
709 3326 834 3381 sanctus
855 3320 908 3382 ille
929 3321 1040 3383 doctor
1060 3321 1099 3382 de
1121 3319 1201 3381 tanti
1221 3320 1360 3381 doctoris
1381 3320 1527 3399 operibus
1548 3338 1612 3380 non
1633 3319 1701 3381 sine
1730 3320 1867 3399 quodam

165 3398 289 3459 fastidio
311 3398 402 3459 silere
423 3397 568 3459 voluerit.
591 3397 655 3460 Nee
683 3399 760 3461 seire
789 3400 836 3478 sas
865 3410 906 3461 est
933 3402 1045 3471 ananeli,
1077 3399 1180 3479 inquit
1200 3397 1254 3459 ille
1277 3416 1284 3458 ε
1308 3417 1410 3479 neque
1435 3400 1497 3461 hoc
1526 3417 1717 3481 magnopere
1738 3401 1779 3461 ad
1800 3417 1867 3460 rem

164 3478 319 3539 credimus
340 3478 504 3557 pertinere.
529 3479 569 3539 Ut
591 3485 624 3540 ut
645 3480 695 3552 sit,
718 3480 884 3543 Ambrosio
906 3487 1013 3543 nostro
1044 3498 1108 3541 000
1138 3482 1242 3559 potest
1271 3478 1482 3542 honorificum
1502 3498 1567 3541 non
1588 3498 1666 3552 esse,
1690 3479 1774 3559 quod
1795 3498 1867 3540 cum

164 3558 325 3619 sententia
347 3558 386 3619 de
416 3558 547 3638 singulis
583 3559 757 3641 quibusque
788 3562 882 3622 rebus
916 3579 1040 3641 semper
1074 3566 1139 3620 tum
1174 3558 1306 3620 diversae
1342 3560 1466 3632 abeam,
1504 3560 1590 3621 solus
1609 3565 1750 3640 repertus
1774 3559 1868 3621 luerit

164 3638 373 3718 Hieronymus
406 3639 460 3717 qui
493 3658 591 3699 unum
627 3640 799 3701 alterumve
834 3642 918 3702 illius
952 3642 1069 3703 librum
1103 3638 1207 3700 minus
1263 3639 1398 3700 robaret.
1436 3639 1517 3701 Sane
1546 3640 1632 3719 pleni
1653 3645 1725 3701 0001
1746 3639 1868 3701 codices

166 3735 274 3780 omnes
295 3736 366 3779 oum
387 3719 577 3790 Graecorum,
600 3725 667 3780 tum
690 3720 871 3782 Latinorum
892 3721 1039 3782 laudibus
1060 3719 1159 3780 sancti
1180 3658 1338 3780 Ambrosii
1358 3737 1366 3779 ε
1389 3720 1443 3781 sed
1464 3720 1588 3780 etiamsi
1616 3722 1655 3781 de
1685 3720 1742 3781 illo
1762 3720 1869 3780 caeteri

164 3803 303 3859 tacerent
324 3798 500 3880 scriptores,
524 3800 623 3861 instar
644 3801 782 3862 omnium
806 3807 885 3862 esset
907 3819 988 3861 unus
1010 3801 1212 3878 Augustinus.
1236 3799 1294 3859 Hic
1314 3798 1399 3861 enirn
1419 3799 1540 3861 nullam
1562 3800 1644 3862 elabi
1671 3800 1731 3862 sibi
1750 3800 1870 3878 patitur

165 3878 373 3949 occasionem,
410 3880 484 3957 quin
521 3880 721 3941 Ambrosium
742 3887 772 3941 et
793 3882 883 3959 quasi
903 3886 1065 3959 parentem
1092 3880 1187 3948 colat,
1224 3883 1255 3939 et
1289 3878 1380 3957 quasi
1413 3880 1576 3941 doctorem
1609 3899 1647 3941 00
1682 3881 1868 3958 magistrum

165 3963 323 4037 sequatur.
360 3960 520 4021 Contende
554 3962 716 4039 utriusque
750 3962 938 4031 doctrinam,
975 3966 1006 4021 et
1040 3959 1188 4020 fateberis
1222 3976 1286 4019 non
1320 3963 1437 4020 temere
1475 3961 1595 4022 dictum
1628 3979 1647 4021 a
1681 3959 1870 4021 doctissimis

165 4039 352 4117 quibusdam
372 4039 459 4109 viris,
482 4040 546 4101 iere
568 4041 709 4101 omnium
755 4058 801 4099 uae
823 4041 915 4101 docet
936 4045 1062 4101 sanetus
1092 4037 1301 4118 Augustinus,
1328 4039 1448 4100 semina
1477 4039 1606 4120 reperiri
1631 4041 1714 4119 apud
1736 4039 1870 4101 Ambro-

165 4119 245 4179 sium
268 4118 393 4199 [Anton.
417 4120 536 4181 Godell.
562 4119 632 4181 1000
650 4058 893 4200 10οἹ0000101,
917 4119 1006 4199 cujus
1028 4119 1082 4181 ille
1102 4119 1230 4181 brevius
1250 4124 1345 4198 atque
1366 4120 1504 4182 strictius
1531 4120 1627 4193 dieta,
1659 4119 1871 4192 100100,ἀίΙο-

164 4203 231 4259 tare
253 4199 507 4279 amplificareque
528 4199 644 4280 passim
666 4200 837 4262 consuevit.
