4159 6184
799 330 850 393 bb
872 328 1065 407 insellati
1086 328 1163 392 tin.
1184 327 1210 391 1.

160 506 1856 545 ww

480 708 892 871 sonori
989 634 1534 869 ,iuuaosu
1639 856 1650 869 .

781 974 1099 1039 Muulounnnrtsts
1120 974 1300 1037 EPlSGOPl

669 1169 789 1297 llll
850 1167 1344 1297 ABRAHAM

878 1409 1005 1485 LIBRI
1026 1410 1064 1473 (ί)
1089 1410 1186 1485 DUO

754 1696 952 1785 LIBER
995 1694 1259 1784 PRIMUS.

378 2040 452 2099 281
474 2040 590 2098 CAPUT
609 2040 764 2097 PRIMUM.
993 2038 1128 2115 proluit
1139 2039 1299 2097 informare
1313 2041 1456 2113 sepientis
1469 2042 1500 2098 in
1519 2060 1552 2100 eo
1573 2042 1648 2101 libro
1676 2060 1764 2117 quem
1780 2046 1861 2112 Κύρου

158 2147 234 2205 ΗΜ
260 2147 358 2203 litotes
385 2164 417 2203 oc
428 2146 566 2203 tractandi
576 2148 648 2203 ratio
655 2148 822 2219 exponitur:
840 2152 897 2204 tom
918 2164 979 2219 pne
1034 2128 1144 2179 mestar
1158 2129 1294 2187 inflffl'ihst
1309 2147 1316 2187 ²
1334 2136 1366 2187 ⁰¹·
1380 2147 1414 2187 0¹
1441 2131 1547 2189 infimi>
1572 2132 1761 2207 l>¹¹i¹⁰⁸⁰l³hioe
1791 2136 1860 2194 ⁸511ss

192 2218 299 2283 stililrn
309 2234 345 2275 ee
354 2220 505 2276 Abrabam·
517 2218 653 2290 esemplis
666 2219 780 2291 petendo
794 2221 831 2275 sit
860 2219 979 2275 aeetort-
1031 2218 1106 2289 justi
1120 2219 1199 2292 regis
1221 2222 1252 2275 et
1264 2218 1406 2291 sepientis
1413 2219 1569 2293 discipline
1579 2225 1758 2295 procederet:
1771 2241 1861 2297 quam

193 2293 248 2347 ἰαὶ(
258 2289 363 2361 divim,
378 2294 404 2347 ⁶²
416 2289 643 2363 Phi²⁰³0l³h⁰t¹⁴m
660 2290 979 2349 COllflimdssmnW‘l·
1036 2307 1130 2380 magis
1150 2324 1203 2363 nos
1219 2325 1277 2364 non
1292 2310 1485 2381 compositam
1500 2309 1625 2383 liguram
1641 2311 1782 2385 sapientis
1795 2314 1860 2385 viri,

193 2365 248 2417 ω’·
1036 2395 1088 2452 scd
1103 2411 1273 2467 expressam
1287 2397 1436 2467 virtutem,
1457 2403 1486 2455 et
1500 2400 1597 2456 divino
1614 2400 1778 2460 institutam
1803 2420 1863 2460 me·

194 2487 220 2541 1.
230 2484 379 2543 Abrabam
393 2482 460 2540 libri
476 2484 567 2556 hujus
581 2485 686 2543 titulus
701 2490 755 2552 est,
773 2486 912 2558 quoniam
931 2501 983 2558 per
1036 2483 1156 2556 gisterio
1170 2500 1322 2541 recensere
1335 2486 1487 2557 intentius,
1498 2493 1527 2544 et
1540 2488 1603 2546 vies
1624 2491 1689 2561 ejus
1719 2484 1862 2549 debemus

154 2574 289 2633 ordinem
305 2574 395 2646 hujus
409 2590 525 2648 qunque
539 2574 710 2647 patriarche
721 2578 804 2647 geste
813 2573 982 2631 considere·
1037 2572 1183 2645 persequi,
1215 2589 1301 2646 quem
1317 2575 1431 2648 Moyses
1445 2575 1486 2632 ite
1520 2578 1685 2651 descripsit,
1719 2584 1753 2637 ut
1784 2585 1862 2638 retro

153 2662 329 2721 resnimum
339 2662 439 2719 subiit.
458 2668 496 2719 De
507 2680 565 2736 quo
580 2663 665 2723 nobis
680 2663 799 2720 morulis
815 2661 909 2735 primo
928 2662 984 2719 erit
1037 2662 1222 2734 quodamodo
1237 2678 1269 2719 se
1282 2662 1346 2735 ipse
1361 2664 1543 2736 respiceret?

152 2757 300 2813 tractatus
314 2755 344 2807 et
358 2750 491 2823 simplex.
508 2751 581 2809 Nem
594 2750 649 2809 etei
668 2752 764 2809 altiori
786 2750 983 2825 disputatione
1357 2770 1475 2827 gppprp
1494 2772 1532 2827 ῃ,

152 2856 315 2913 l¹f⁰⁰⁰³⁸¹¹⁸
325 2838 481 2914 quidemst
492 2839 721 2909 ffflfflflliliutib
732 2844 761 2897 ‘it
771 2840 883 2915 ⁵P⁰⁰i⁰⁸
905 2858 983 2913 ‘lum'
1037 2855 1145 2911 Decotio
1159 2856 1278 2915 serane
1292 2858 1422 2930 quomodo
1437 2858 1527 2915 diuini
1542 2864 1674 2933 precepti
1687 2863 1777 2920 verbis
1799 2880 1862 2937 pro·

153 2932 226 2988 dam
239 2930 424 3003 exprimatur
439 2946 446 2985 τ
461 2935 560 2986 tamon
589 2930 716 2986 lorensis
731 2946 848 3004 quoque
863 2935 983 2987 actuum
1074 2927 1147 2982 boto.
1169 2928 1289 2997 cetero
1316 2931 1394 2985 exire
1421 2930 1453 2986 de
1479 2934 1648 3003 oopnmione,
1676 2950 1759 3005 peuce
1785 2939 1863 3007 poeto

152 3022 222 3093 ejus
236 3018 406 3093 vestigia&
417 3024 558 3089 spectare,
573 3018 689 3075 virtutis
711 3020 857 3091 protectus
869 3023 923 3075 est.
939 3020 984 3075 Et
1072 2998 1864 3151 Ξῧέᾗθᾞΐξξῑ(ἔξῑῗὲῗαῗθὲἶηωῑὲῒῗῑᾶξῑοῗθῧῖἶίἕὅςοῦ-

34 3148 35 3151 ,
151 3108 528 3181 enimsiesqueneture
546 3108 582 3164 ed
606 3106 982 3181 vietumgenernvitbomi-
1072 3141 1260 3198 comacinam
1275 3145 1510 3215 mmmm
1526 3146 1559 3201 Α)
1573 3147 1684 3203 Pham,
1716 3151 1806 3221 mppr
1825 3151 1863 3205 ἰ),

152 3214 226 3254 unm
243 3212 306 3255 non
320 3196 481 3263 uuius‚ssd
502 3196 624 3270 gemine
652 3200 703 3253 aut
728 3198 816 3254 etiam
841 3196 984 3253 uberioris
1075 3212 1131 3268 lius
1145 3218 1257 3286 raptem
1272 3216 1430 3283 obstipatus,
1467 3218 1632 3273 uantnmstt
1696 3220 1861 3276 ertatem.

152 3286 261 3360 grstiae
279 3289 360 3352 sunt,
373 3289 484 3358 quanto
493 3285 587 3358 megis
601 3285 914 3359 eaquibusepulautur
923 3286 985 3341 eui·
1073 3300 1137 3338 mere
1151 3284 1253 3341 indicio
1267 3289 1306 3341 cst
1320 3286 1446 3343 :ended
1481 3288 1544 3346 ubae
1557 3290 1679 3361 ecernple
1693 3290 1865 3347 aristodium

154 3376 209 3445 mi,
225 3391 287 3431 non
303 3374 431 3447 angusti,
456 3374 506 3431 sed
522 3374 746 3431 abundantioris
764 3391 848 3445 usus,
863 3377 891 3431 ct
907 3373 983 3430 mol·
1074 3353 1224 3413 dmum
1235 3372 1422 3429 firmamur·
1826 3361 1832 3373 ⁸

151 3464 268 3539 tiplicis
281 3462 340 3519 cibi
356 3479 420 3519 csse
439 3461 577 3519 estimari
596 3463 739 3523 convenit.
1071 3461 1098 3515 3.
1110 3460 1235 3534 Magnus
1248 3462 1334 3535 plone
1343 3463 1397 3532 vir,
1414 3467 1443 3519 st
1461 3464 1622 3522 multarum
1635 3467 1778 3525 virtutum
1804 3467 1864 3526 cln-

190 3558 219 3610 2.
235 3552 300 3609 Non
320 3551 464 3609 mediocre
479 3558 577 3608 sutem
592 3558 643 3609 eut
657 3552 785 3611 otiosum
818 3552 979 3625 negotium.
1037 3566 1089 3605 rus
1103 3550 1281 3622 insignibus,
1299 3568 1387 3623 quem
1406 3554 1481 3610 votis
1501 3554 1564 3610 suis
1583 3554 1770 3630 philosophia
1801 3574 1859 3615 non

156 3642 273 3700 Etenim
294 3658 361 3698 cum
374 3640 515 3699 Dominus
527 3641 605 3698 Deus
625 3646 724 3698 noster
737 3640 817 3697 huuc
844 3640 982 3714 locupleti
1036 3639 1163 3713 potuerit
1173 3655 1298 3711 equare.
1314 3639 1446 3713 Denique
1460 3641 1617 3700 minasset
1631 3646 1710 3716 quod
1732 3644 1788 3701 illa·
1807 3647 1862 3702 lin·

160 3729 371 3789 benedictionis
385 3747 445 3788 sure
460 3730 527 3787 dote
546 3731 719 3800 donaverit;
750 3731 861 3804 utejus
890 3730 984 3804 gratia
1036 3728 1089 3796 xit,
1104 3744 1195 3800 qnam
1206 3730 1283 3802 quod
1297 3728 1353 3785 istc
1367 3730 1467 3802 gessit,
1485 3732 1596 3802 meiere
1622 3734 1779 3791 ambitioso
1802 3734 1864 3791 elo·

163 3823 329 3895 provocaret
343 3823 471 3889 ceteros,
492 3818 638 3877 institutio
667 3820 847 3893 corrigeret:
870 3820 984 3892 Moyses
1037 3816 1164 3889 quentin
1177 3817 1330 3873 mendesio
1345 3817 1469 3891 simplex
1487 3818 1617 3876 veritatis
1645 3821 1728 3878 fides.
1758 3823 1860 3895 ltaque

166 3925 276 3983 qnoque
288 3907 465 3965 imitandum
495 3908 580 3965 nobis
608 3908 797 3981 descripserit
812 3925 819 3977 ;
835 3912 869 3965 ut
897 3907 984 3965 corda
1038 3906 1204 3976 cujusmodi
1220 3905 1352 3963 fueritin
1368 3922 1402 3962 ee
1415 3906 1477 3962 viro
1492 3906 1617 3975 devotio,
1634 3910 1864 3967 consideremus.

167 3996 315 4055 bominum
331 3997 476 4053 invitium
488 3995 628 4065 labentis,
640 3998 730 4069 hujus
756 3996 809 4053 viri
840 3997 983 4063 contuitu,
1038 3994 1078 4050 lte
1091 3994 1169 4051 enim
1180 3996 1273 4051 virtus
1289 3995 1391 4052 ordine
1406 3996 1502 4069 prime
1524 4000 1579 4065 est,
1596 4014 1660 4069 qua
1688 4002 1734 4055 est
1759 3999 1865 4055 lunde-

167 4086 268 4143 sslnte
287 4086 415 4159 quodem
439 4089 554 4143 terreno
582 4084 670 4143 busto
698 4086 896 4154 resuscitaret,
926 4102 984 4142 non
1039 4087 1172 4139 mentum
1188 4088 1376 4141 caeterarum:
1394 4085 1557 4157 meritoque
1585 4085 1661 4142 hene
1689 4087 1772 4144 ebeo
1802 4088 1865 4160 pri-

169 4174 392 4247 perlunctnrium
406 4174 493 4231 debet
502 4174 603 4243 videri,
620 4174 645 4231 si
665 4192 719 4231 nos
734 4190 850 4248 quoque
864 4190 985 4247 serupu-
1038 4188 1118 4227 mern
1133 4172 1228 4245 exegit
1243 4173 1330 4241 Deus,
1346 4173 1447 4229 dicens
1463 4190 1470 4228 :
1488 4175 1541 4229 Exi
1554 4174 1587 4230 de
1600 4177 1678 4231 terro
1700 4184 1758 4243 ten,
1785 4176 1811 4232 et
1833 4176 1866 4233 de

168 4261 392 4337 lesiusejusdem
403 4262 457 4319 viri
471 4280 620 4321 versemus
634 4264 766 4339 vestigia.
795 4264 869 4321 Nem
885 4264 909 4320 si
937 4280 984 4321 sa·
1038 4262 1200 4330 repectione
1215 4266 1273 4329 tec,
1288 4262 1547 4335 ctdcdomcpotrr's
1580 4266 1623 4319 tei
1653 4266 1731 4334 (Gen.
1745 4282 1794 4333 xn,
1823 4266 1860 4337 1).

167 4353 271 4425 pientes
286 4352 377 4425 hujus
394 4352 506 4421 mundi,
523 4356 556 4408 ut
571 4352 651 4409 Plato
666 4353 729 4425 ipse
752 4353 890 4427 princeps
916 4351 984 4426 phi·
1039 4350 1117 4407 Satis
1132 4350 1226 4406 tuerat
1239 4350 1348 4408 dixisse
1361 4352 1394 4409 de
1408 4356 1483 4409 terra
1497 4357 1555 4408 teo.
1573 4352 1616 4409 lbi
1630 4353 1711 4409 eninr
1726 4358 1790 4410 eret
1805 4354 1864 4411 exi-

167 4440 362 4516 lcsopbnrum,
382 4458 440 4497 non
450 4456 548 4498 veram
560 4441 701 4515 aliquem,
714 4442 765 4499 sed
785 4442 882 4498 lictum
892 4445 922 4499 et
933 4442 984 4498 ed·
1039 4457 1070 4496 re
1084 4440 1121 4496 de
1134 4440 1315 4513 cognatione,
1332 4441 1408 4497 exire
1423 4442 1459 4498 de
1473 4447 1596 4513 paterna
1608 4442 1695 4499 domo
1711 4460 1717 4497 :
1732 4444 1784 4500 scd
1800 4444 1865 4501 ideo

166 4532 327 4588 umbretnm
360 4529 416 4587 sihi
448 4546 514 4587 earn
544 4546 633 4603 quem
662 4530 787 4605 legimus
802 4528 927 4579 πολιτείαν
946 4530 984 4603 (3)
1039 4528 1291 4601 addiditsingule,
1314 4535 1346 4586 ut
1369 4531 1433 4602 ejus
1461 4530 1599 4587 ellectum
1628 4532 1705 4590 28³
1730 4534 1867 4606 probaret

165 4620 313 4693 proposuit
331 4618 675 4693 persequendamtllato,
707 4619 817 4677 l.1vde
847 4621 983 4692 ltepctl];
1039 4634 1076 4674 ne
1103 4618 1177 4673 torte
1191 4621 1243 4673 eut
1256 4617 1473 4691 imprudentem
1489 4620 1602 4694 cepisse
1634 4623 1673 4694 (5)
1705 4623 1864 4688 videretur,

163 4708 455 4781 utdoceretqualem
477 4708 687 4781 rempublicam
720 4718 785 4765 esso
814 4712 982 4782 oporteret:
1038 4706 1864 4782 autfrausaliquemandatisparareturooelestibus.Sed

163 4798 304 4871 atqueite
316 4814 406 4871 quem
422 4814 475 4854 neo
491 4796 632 4866 audieret,
650 4816 702 4855 neo
731 4799 844 4855 viderat
861 4797 939 4855 202
954 4798 985 4854 in
1002 4776 1023 4846 G
1039 4797 1117 4853 siout
1131 4795 1328 4853 coacervanda
1349 4797 1467 4855 luerunt
1486 4805 1640 4873 precepta,
1655 4818 1691 4857 ne
1707 4800 1777 4872 quid
1792 4798 1862 4854 lete-

161 4887 343 4960 nliquaurbe
358 4886 579 4947 describendam
594 4888 716 4960 putavit,
734 4892 766 4943 ut
781 4888 800 4943 ii
816 4886 986 4961 quibnsboc
1041 4889 1084 4940 ret
1100 4901 1107 4938 :
1124 4884 1164 4941 ita
1178 4884 1266 4941 etiem
1282 4887 1470 4959 proponendo
1484 4888 1615 4961 premis,
1626 4904 1662 4944 ne
1677 4887 1750 4944 torte
1764 4887 1866 4959 despe-

161 4993 270 5035 munus
288 4981 346 5046 est,
356 4976 605 5049 quemadmodum
623 4976 834 5051 rempublicam
854 4980 987 5050 regerent
1041 4978 1119 5030 reret
1135 4990 1141 5028 ε
1160 4974 1301 5031 'lentatur
1316 4978 1348 5031 ut
1362 4975 1457 5045 tortis,
1473 4976 1614 5033 incitatur
1629 4979 1662 5031 ut
1675 4974 1780 5043 fidelis,
1797 4991 1865 5047 pro·

160 5066 200 5138 (4)
211 5064 324 5129 institui
336 5069 457 5138 possent
469 5068 516 5121 :et
526 5064 781 5139 sicondiscipulus
791 5064 921 5125 Platonis
931 5066 985 5121 Xe·
1040 5066 1160 5121 vocetur
1174 5067 1207 5119 ut
1217 5062 1319 5135 justus
1328 5065 1377 5137 (6),
1394 5065 1555 5138 meritoque
1570 5063 1657 5121 exivit
1673 5065 1863 5135 quemadmo-

160 5152 279 5227 sephon
293 5152 344 5210 ille
352 5152 517 5211 Socraticus
527 5154 603 5211 fictis
613 5159 642 5211 et
652 5155 714 5228 ipse
722 5156 810 5212 rebus
831 5170 985 5229 personam
1041 5152 1112 5209 dum
1126 5152 1244 5210 locutus
1257 5156 1303 5210 est
1318 5152 1361 5209 illi
1374 5152 1527 5210 Dominus.

208 5297 222 5352 t
252 5295 341 5381 septi
356 5296 425 5353 circ.
442 5312 488 5353 an.
505 5296 567 5352 387.
1086 5297 1113 5367 l)
1124 5298 1194 5353 Mss.
1211 5296 1271 5352 lere
1286 5295 1322 5351 sd
1334 5310 1438 5365 unum,
1453 5294 1651 5366 rempublicam
1659 5297 1793 5366 gererent.

206 5370 225 5423 2
253 5368 325 5424 lldrt.
341 5368 406 5424 Am.
423 5384 490 5425 eum
500 5382 572 5425 mss.
589 5372 726 5441 quatuor,
738 5371 861 5440 [creneio
874 5384 987 5451 pesque
1086 5370 1115 5438 5)
1130 5366 1204 5424 lldit.
1220 5382 1331 5435 omnes,
1344 5382 1377 5422 ec
1393 5365 1477 5438 ponci
1491 5382 1563 5421 mss.
1573 5366 1759 5438 imprudenter
1771 5369 1864 5441 eoepis-

159 5438 322 5497 llicentem
337 5442 462 5511 [cremia
476 5442 599 5511 veetipic,
616 5454 798 5513 premorum
816 5440 909 5513 signis
937 5456 984 5495 ex·
1039 5456 1079 5495 se.
1096 5438 1153 5494 Alii
1168 5454 1234 5494 vere
1254 5435 1487 5508 mejerinumero
1502 5440 1531 5494 et
1545 5436 1727 5507 auctoritate,
1758 5439 1865 5511 impru-

159 5510 320 5568 tsrion'bes
334 5514 504 5569 sumuntur.
1039 5511 1146 5568 denum
1161 5510 1270 5581 cepisse,
1287 5507 1341 5563 boc
1360 5510 1414 5575 est,
1425 5508 1585 5581 decepisse,
1723 5512 1726 5516 '

194 5582 236 5663 (3)
252 5580 295 5639 lte
315 5598 387 5640 mss.
402 5583 531 5656 quinque
546 5582 597 5639 evi
625 5582 763 5640 melioris.
785 5583 840 5642 Alii
869 5599 935 5640 vero
958 5586 986 5639 et
1075 5584 1114 5655 (6)
1125 5582 1188 5638 ses.
1205 5580 1236 5635 in
1251 5580 1341 5646 textu,
1357 5584 1385 5635 st
1399 5578 1466 5637 Gill.
1483 5582 1513 5638 in
1528 5582 1670 5655 margine,
1685 5582 1818 5657 probator
1837 5594 1867 5643 nt

158 5653 231 5723 edet,
247 5662 320 5713 πόλιν
331 5656 470 5728 prooessit
484 5652 686 5728 aedifiocndnm.
1035 5656 1136 5727 instro.
