4159 6184
141 374 198 437 rae
782 356 1055 422 hexaemeron
1077 355 1150 418 us
1174 355 1197 416 1.
1788 352 1842 414 isi

138 507 198 566 brar
211 521 301 580 super
321 518 465 579 aquarum
484 502 606 579 abyssos
626 505 719 560 erant.
734 497 796 558 Non
819 499 959 573 abyssum
974 491 1002 559 Α
1015 487 1240 564 explicariouid
1257 487 1401 546 miramur
1415 487 1439 546 si
1451 489 1527 548 Deus
1542 486 1657 547 loeutus
1672 491 1717 546 est
1731 485 1842 556 luoem,

139 595 360 655 multitudinem
375 599 404 652 et
418 593 597 668 profundum
621 608 766 666 aquarum
796 588 962 655 didi,leotio
1017 585 1046 637 et
1060 579 1196 654 caliganti
1213 579 1323 637 mundo
1336 578 1435 636 lumen
1457 580 1585 649 emicuit,
1601 581 1717 654 quando
1734 579 1758 638 sl
1774 579 1842 652 quis

139 685 285 760 Evangelii
301 686 385 742 dooet
399 686 477 758 (Luc,
501 700 564 752 vm,
579 683 636 756 31),
660 682 711 738 ubi
734 681 877 754 rogabant
900 679 961 735 sn]-
1018 670 1094 725 inter
1108 686 1200 742 squas
1216 686 1340 736 mersus,
1357 668 1455 726 oleum
1487 687 1536 727 ore
1564 669 1703 740 emiserit,
1720 669 1844 727 clariora

137 781 266 834 retorem
282 775 438 842 demonia,
453 791 490 830 ne
500 774 618 846 juberet
631 771 690 829 illis
714 776 748 828 ut
769 771 800 827 in
822 771 963 843 abyssum
1017 758 1105 814 faciet
1120 775 1154 814 ea
1169 775 1233 830 quae
1249 758 1385 830 profundi
1410 759 1583 830 tegebantur
1607 758 1753 816 occultis?
1765 759 1844 816 Dixit

139 866 224 922 irent,
247 865 303 921 Sed
330 863 381 936 qui
408 864 532 920 docebat
553 861 719 920 voluntates
751 860 963 918 daemoniorum
1017 849 1115 916 Deus;
1133 865 1189 904 uon
1206 852 1238 902 ut
1253 863 1304 920 per
1320 848 1397 904 vocis
1413 864 1524 922 organa
1538 847 1659 921 quidam
1675 865 1766 906 sonus
1782 866 1842 906 ser-

140 953 445 1022 nongentesimum,
462 952 600 1026 praeoepst
617 951 677 1008 1111„
698 956 733 1008 ut
757 951 833 1008 irent
850 950 881 1006 in
897 967 963 1021 por.
1018 937 1116 994 monis
1129 937 1229 1004 exiret,
1245 953 1298 994 nec
1315 940 1348 992 ut
1361 937 1468 1010 liuguae
1485 942 1583 994 motus
1602 938 1720 994 caeleste
1733 937 1843 996 forma-

142 1062 203 1102 ως,
219 1043 298 1101 pomi
313 1047 412 1099 autem
428 1059 460 1100 30
475 1042 505 1098 in
521 1047 659 1116 stagnum
675 1058 820 1115 aquarum
832 1039 963 1114 praecipi.
1019 1032 1063 1085 rot
1077 1027 1340 1100 alloquium,etque
1351 1043 1448 1082 aerem
1459 1027 1549 1084 istum
1558 1027 1678 1100 quidam
1689 1029 1844 1085 verborum

139 1137 249 1201 terunt,
296 1135 331 1188 ut
375 1132 453 1206 quod
495 1131 671 1188 recusabant
707 1129 871 1198 damonia,
905 1146 964 1186 non
1019 1117 1359 1191 strepitusverheraret:
1376 1117 1476 1174 sodut
1497 1117 1846 1192 uoluntatissuacogui-

139 1224 305 1290 evaderent,
326 1222 377 1279 sed
409 1221 498 1294 digno
531 1220 690 1294 precipitio
714 1220 963 1294 demergerentur.
1019 1209 1129 1264 tionem
1145 1205 1202 1278 (39)
1219 1205 1546 1279 limittit⁰Pflli¹ll¹³¹¹is
1561 1207 1675 1262 effesslll·

136 1313 207 1370 erat
238 1328 308 1387 ergo
340 1310 403 1366 heo
435 1310 539 1367 mundi
577 1309 773 1383 incomposita
805 1308 918 1382 species
936 1310 965 1363 et
1054 1296 1493 1353 seditiosissimorum
1520 1304 1546 1352 et
1573 1299 1718 1360 taretros:
1734 1301 1760 1354 et
1777 1299 1846 1355 cidit

137 1402 245 1458 forma.
1019 1387 1089 1442 Deae
1105 1387 1193 1442 lacem
1207 1387 1273 1457 quio
1288 1387 1359 1440 hono
1370 1388 1408 1441 eat
1423 1383 1499 1456 (Gon.
1516 1402 1535 1453 1,
1552 1385 1589 1454 t).
1604 1386 1682 1442 Dixit
1695 1389 1845 1458 etsonum

460 1505 576 1564 CAPUT
595 1506 640 1562 tx.
1019 1474 1098 1532 vocis
1113 1473 1212 1530 nullus
1234 1474 1362 1530 audivit:
1378 1474 1523 1542 discrevit,
1539 1478 1568 1531 et
1592 1476 1768 1547 operationis
1780 1494 1845 1534 mo·

135 1599 259 1656 emm
272 1597 344 1653 lux,
358 1596 452 1653 mm
466 1613 484 1651 a
499 1595 618 1652 ‘mm
640 1594 807 1652 dammim,
821 1599 902 1664 mm,
915 1609 965 1664 ap,
1019 1564 1124 1622 limina
1139 1580 1226 1620 nemo
1242 1563 1451 1663 deprehendit:
1468 1564 1550 1632 vidit,
1567 1570 1595 1620 et
1616 1565 1766 1622 octriorum
1781 1568 1846 1638 ejus

167 1670 326 1743 probatur:
340 1671 367 1726 at
380 1685 434 1742 qua
448 1684 530 1724 causa
553 1668 604 1723 lux
626 1668 694 1737 dies,
710 1682 742 1722 ac
761 1665 881 1723 tenebrae
899 1681 964 1732 nox,
1020 1653 1212 1710 intentionem
1229 1652 1329 1709 nullu!
1344 1656 1468 1725 dspexit.
1484 1656 1521 1709 El
1545 1654 1637 1728 vidit„
1652 1655 1758 1728 inquit,
1774 1658 1846 1714 Deus

169 1741 333 1814 appellatae.
1021 1744 1191 1816 iecemqoio
1207 1743 1275 1800 hono
1300 1747 1350 1798 est.
1381 1743 1439 1800 Nec
1468 1744 1545 1815 quod
1574 1743 1738 1816 ignorabat,
1753 1745 1845 1814 vidit;

167 1848 218 1904 33.
235 1850 271 1904 st
284 1846 417 1918 Spiritus,
439 1845 547 1919 inquit,
572 1847 624 1902 Dei
639 1847 862 1918 mpcrscretotur
884 1859 967 1916 saper
981 1867 1006 1932 B
1021 1850 1074 1890 nec
1091 1834 1120 1890 id
1136 1834 1213 1906 quod
1230 1833 1380 1890 nesciebat
1394 1837 1470 1901 ente,
1487 1837 1538 1890 sut
1557 1850 1616 1890 non
1631 1835 1753 1902 viderat,
1767 1851 1847 1892 com-

133 1953 234 2010 mas,
250 1940 277 1992 a
299 1935 372 1992 dms
391 1936 477 1992 pem:
489 1937 554 1993 pm
577 1935 628 1992 too
651 1935 728 2006 (Gen,
750 1951 769 2000 1,
797 1935 825 2001 2,
850 1934 887 2006 3)
906 1933 965 1990 Me.
1023 1923 1172 1996 probavit:
1190 1924 1240 1980 sed
1255 1923 1399 1979 bonorum
1423 1939 1545 1996 operum
1569 1923 1720 1996 proprium
1744 1927 1799 1996 est,
1816 1929 1849 1982 ut

70 2010 75 2019 ’
134 2027 190 2083 rito
208 2025 384 2099 praemissus
408 2028 454 2082 est
478 2024 606 2098 Spiritus
627 2023 689 2095 Dei,
705 2023 755 2080 uhi
781 2021 967 2080 diviuainci·
1022 2018 1140 2070 extem
1165 2013 1403 2070 dommdssddlorss
1427 2029 1484 2069 ¹¹0⁰
1513 2017 1627 2087 egem,
1644 2013 1847 2086 defgffllldm

134 2131 204 2188 pere
220 2113 349 2171 habehat
376 2113 517 2186 operatio.
532 2115 604 2183 Fiat,
620 2113 728 2186 inquit,
744 2114 804 2170 tux.
820 2112 969 2170 Undavox
1022 2119 1119 2172 suam,
1135 2119 1202 2158 cum
1217 2103 1363 2169 videntur,
1379 2101 1444 2175 ipsa
1459 2106 1611 2159 testentur.
1625 2102 1695 2159 Pius
1708 2108 1753 2160 est
1768 2105 1847 2178 quod

135 2205 185 2260 nei
202 2203 237 2258 sn
265 2202 417 2275 scriptura
443 2201 542 2258 diens
569 2200 671 2259 uetuit
698 2201 848 2270 inchoare,
865 2200 921 2256 nisi
950 2218 969 2257 a
1022 2193 1163 2265 probatur
1178 2196 1308 2265 asnede,
1326 2209 1415 2264 quam
1442 2192 1520 2264 quoa
1541 2209 1675 2250 sermone
1699 2193 1845 2252 laudatur·

135 2291 279 2349 lumine?
297 2291 377 2347 unde
401 2291 505 2347 mundi
529 2298 660 2358 ornatus,
676 2290 734 2346 nisi
758 2307 776 2346 a
799 2289 864 2346 luce
888 2306 967 2346 οχον.
1021 2282 1082 2339 Suo
1096 2281 1174 2338 enim
1192 2283 1283 2338 ulitur
1297 2282 1476 2350 testimonio,
1493 2299 1552 2340 non
1576 2281 1671 2340 alieno
1696 2285 1845 2358 suffragio.

134 2382 218 2438 dium
235 2383 375 2438 sumere?
388 2381 507 2436 Frustra
521 2379 600 2436 enim
622 2384 710 2448 esset,
726 2378 751 2436 ai
777 2396 835 2436 non
856 2379 967 2436 videre-
1022 2372 1143 2436 Quodsi
1160 2372 1237 2445 apud
1254 2388 1307 2427 nos
1322 2370 1847 2448 oculisjudioiumemittitur,quibue

132 2475 189 2527 tur,
206 2470 279 2526 [strat
293 2469 412 2542 quidem
426 2471 502 2526 neus
516 2469 581 2542 ipso
601 2468 770 2539 inlumina,
787 2467 856 2542 quia
870 2466 967 2524 lucem
1023 2459 1112 2517 simul
1127 2465 1156 2517 et
1170 2460 1265 2534 gratia
1278 2461 1483 2527 venustatie,et
1499 2478 1596 2518 rorum
1613 2479 1753 2520 mensura
1766 2481 1845 2522 com-

133 2559 254 2616 haeitat
267 2557 514 2624 inaccessibilem,
530 2563 560 2614 st
574 2562 636 2614 erat
650 2557 749 2614 lumen
764 2558 967 2630 rerumquae
1022 2550 1224 2622 prehenditur:
1236 2553 1345 2622 quanto
1356 2549 1450 2622 magis
1460 2551 1535 2606 usus
1546 2551 1645 2608 omnia
1655 2569 1719 2624 qus
1732 2554 1846 2626 probet.

133 2648 288 2704 illuminat
305 2664 423 2704 omnem
452 2648 603 2704 hominem
636 2647 799 2704 venientem
830 2648 858 2703 in
888 2646 968 2702 huno
1021 2639 1110 2708 videt,
1127 2643 1235 2711 etqua
1258 2638 1652 2710 videt,probat,seoundum
1677 2644 1755 2714 quod
1778 2645 1847 2699 scri-

136 2737 305 2795 mnndum:
321 2737 372 2794 sed
388 2753 453 2793 eam
467 2736 562 2793 iucem
587 2737 649 2793 fleri
677 2737 780 2803 uoluit,
795 2752 860 2809 que
874 2735 968 2792 oculis
1021 2733 1106 2802 ptum
1117 2728 1244 2801 estquis
1260 2727 1338 2784 orutz·
1351 2729 1462 2784 Domini
1474 2744 1558 2801 saper
1567 2730 1844 2802 jmtosffsotaxxur.

134 2826 344 2900 corporalibus
387 2825 692 2898 comprehenderetur.
721 2825 776 2890 Dui
809 2826 968 2883 editicium
1022 2817 1193 2890 ldiiLucis
1209 2822 1316 2874 natura
1330 2817 1500 2890 hujusmodi
1524 2824 1579 2888 est,
1595 2825 1628 2877 ut
1652 2837 1710 2878 non
1735 2821 1765 2878 in
1791 2840 1846 2879 nu-

135 2915 261 2990 aliquod
277 2915 400 2989 dignum
416 2914 584 2970 habitaculo
612 2913 834 2986 patrisfamiliae
856 2920 968 2972 struere
1022 2925 1114 2976 mero,
1132 2925 1191 2966 nou
1206 2907 1235 2964 iu
1252 2923 1401 2978 mansues,
1418 2924 1477 2964 non
1492 2909 1522 2964 in
1537 2909 1711 2982 ponderent
1725 2910 1845 2978 alia,sed

134 3006 300 3071 desiderat,
315 3009 475 3077 antequam
499 3004 692 3061 fundamenta
713 3008 812 3076 ponat,
830 3005 907 3061 unde
922 3004 967 3060 lu·
1022 2998 1119 3055 omnis
1133 2998 1196 3070 ejus
1210 2997 1242 3054 in
1266 2999 1385 3070 aspectu
1410 2998 1504 3070 gratie
1532 2998 1580 3054 sit.
1598 2999 1724 3074 Propriis
1747 3001 1847 3076 itaque

132 3112 196 3152 cem
214 3094 242 3150 ei
257 3094 397 3151 infundat
414 3090 556 3166 explorat,
571 3098 601 3149 ct
623 3109 658 3149 ea
681 3091 779 3165 prims
801 3097 847 3150 eet
860 3093 966 3167 gratia,
1022 3088 1209 3145 sermonibus
1224 3091 1360 3144 naturam
1376 3087 1451 3144 lucie
1475 3089 1627 3161 expressit,
1642 3105 1706 3163 que
1721 3091 1846 3149 videndo
1901 3143 1907 3154 .

134 3201 202 3257 quse
219 3182 246 3239 si
262 3182 349 3252 desit,
365 3186 428 3238 tota
442 3181 550 3238 domus
572 3181 695 3238 deformi
724 3181 824 3240 horret
840 3183 964 3240 incultu.
1021 3178 1196 3252 complacet,
1211 3177 1350 3250 quoniam
1366 3177 1431 3250 ipsa
1445 3176 1562 3234 videndi
1584 3179 1714 3236 officium
1730 3182 1845 3238 submi-

132 3272 194 3328 Lux
212 3275 261 3328 est
275 3287 340 3344 que
354 3268 485 3343 reliquos
499 3271 606 3326 domus
630 3271 819 3328 commendat
832 3277 964 3332 ornatus.
981 3239 1003 3308 G
1022 3268 1138 3326 nistret.
1155 3267 1213 3324 Nec
1233 3266 1381 3324 immerito
1405 3271 1521 3324 tentum
1545 3268 1602 3324 sibi
1625 3269 1844 3341 predicatorem

133 3363 207 3429 fest,
224 3359 332 3433 inquit,
352 3361 413 3416 toa.
430 3358 519 3416 Plena
540 3375 595 3416 vox
612 3358 735 3418 luminis
759 3378 817 3418 non
839 3361 968 3435 disposi·
1021 3359 1118 3430 potuit
1132 3356 1272 3424 invenire,
1289 3373 1305 3413 e
1320 3373 1378 3429 quo
1390 3357 1458 3428 jure
1481 3357 1577 3430 prima
1599 3356 1754 3429 laudatur;
1770 3376 1845 3433 quo-

133 3449 228 3506 tionis
253 3455 430 3523 apparatum
458 3448 617 3523 significat,
646 3451 696 3506 sed
724 3450 903 3524 operationis
926 3469 968 3509 ra·
1021 3447 1101 3504 niam
1119 3446 1272 3519 ipsaieoit,
1288 3449 1320 3503 ut
1343 3445 1432 3503 etiam
1461 3450 1573 3516 cetere,
1590 3449 1692 3504 mundi
1712 3451 1846 3508 membra

132 3538 275 3612 splendet
287 3538 402 3595 effectu.
417 3542 534 3595 Nature
548 3537 644 3611 opifex
663 3537 759 3595 lucem
781 3539 897 3599 locutus
911 3546 965 3610 est,
1022 3536 1112 3611 digna
1132 3536 1192 3592 sint
1220 3535 1367 3593 laudibus.
1383 3535 1464 3592 Vidit
1491 3553 1560 3611 ergo
1589 3537 1667 3594 Deus
1694 3538 1800 3605 lucem,
1817 3545 1846 3597 et

133 3633 162 3684 et
174 3627 301 3684 creavit.
319 3627 421 3684 Sermo
434 3627 485 3684 Dei
496 3627 633 3684 voluntas
647 3633 780 3702 est,opus
794 3629 845 3686 Dei
860 3634 968 3688 natura
1020 3627 1103 3684 vultu
1118 3643 1172 3683 suo
1186 3625 1373 3690 illuminavit,
1389 3629 1417 3681 et
1439 3625 1514 3682 vidit
1537 3627 1606 3699 quie
1620 3629 1695 3684 hona
1710 3634 1765 3686 ost.
1782 3631 1844 3687 Non

132 3722 196 3774 est:
217 3715 315 3772 lucem
339 3717 458 3784 oreavit,
487 3715 623 3773 tenebras
651 3716 881 3774 illuminavitlit
894 3719 966 3777 dicit
1021 3733 1057 3773 ex
1077 3720 1159 3789 perte
1185 3714 1246 3784 Dei,
1263 3713 1313 3771 sed
1340 3715 1474 3786 generale
1499 3715 1647 3788 judicium
1672 3723 1726 3775 est.
1743 3721 1845 3792 ltaque

131 3811 222 3874 Deus,
235 3807 302 3862 Fiat
330 3806 389 3874 tae,
405 3813 432 3862 et
453 3807 529 3878 fecto
551 3811 592 3860 est
620 3807 680 3862 loc.
696 3806 759 3862 Non
787 3805 853 3864 ideo
882 3808 965 3878 dixit,
1020 3823 1079 3862 non
1095 3806 1125 3861 in
1141 3803 1295 3877 splendore
1317 3805 1533 3872 tantummodo,
1549 3805 1599 3861 sad
1623 3805 1652 3862 in
1667 3808 1747 3864 omni
1762 3809 1845 3865 utili·

132 3899 165 3952 ut
178 3894 504 3968 sequereturoperatio‚
517 3895 566 3950 sed
579 3893 657 3950 dicto
668 3893 794 3951 absolvit
804 3896 964 3970 negotium.
1019 3897 1080 3950 tete
1094 3892 1189 3968 gratia
1203 3891 1277 3949 lucie
1293 3891 1529 3965 probatumUnde
1540 3899 1569 3950 et
1579 3893 1715 3951 diseretio
1726 3897 1758 3951 iit
1770 3898 1845 3954 inter

132 3981 358 4057 Undepulohrs
375 3981 967 4056 Dauidicumillud:Dicitetfoctssant
1019 3982 1116 4039 lucem
1132 3982 1328 4052 ettenehras;
1345 3985 1377 4036 ut
1401 3985 1535 4054 seperate
1562 3982 1636 4040 lucis
1665 3987 1771 4042 nature
1789 3987 1843 4058 (to)

131 4070 493 4145 (Psat.axav111,5),quie
520 4071 632 4128 dictum
661 4073 713 4129 2⁰
740 4071 872 4146 implevit
894 4074 964 4130 elie·
1019 4077 1108 4145 atque
1123 4071 1322 4138 tenebrarum,
1338 4070 1411 4127 nihil
1426 4071 1559 4129 videatur
1587 4072 1664 4130 intra
1691 4091 1723 4131 se
1736 4073 1844 4132 hebere

132 4167 210 4220 ctus.
223 4163 412 4234 Auctorergo
426 4159 501 4217 lucis
510 4161 588 4218 Deus
600 4178 607 4218 :
618 4160 701 4218 locus
717 4166 815 4218 autem
829 4165 858 4218 et
872 4177 962 4219 causa
1019 4163 1185 4218 confusum.

130 4251 324 4308 tenebrarum
332 4249 522 4306 mundusest.
537 4250 593 4306 Sed
600 4251 694 4306 bonus
706 4250 960 4309 auotoritaluosm
1053 4251 1098 4306 35.
1113 4252 1147 4307 Et
1162 4251 1343 4307 sociandam
1355 4251 1444 4306 iucem
1457 4249 1541 4318 diem,
1557 4255 1584 4307 et
1601 4254 1725 4309 leuctrae
1739 4257 1844 4312 noctem

131 4340 207 4396 dixit
217 4341 324 4408 (38),ut
336 4338 962 4412 mundumipsuminfusoaperiretlumine,
1017 4340 1121 4396 vooooit
1135 4339 1212 4412 (Gen.
1231 4355 1250 4407 ι,
1265 4339 1293 4412 5)
1305 4356 1312 4406 ς
1326 4344 1358 4396 ut
1368 4343 1397 4395 et
1411 4337 1529 4397 nomine
1542 4339 1607 4412 ipso
1618 4341 1694 4398 diem
1713 4348 1843 4401 noctem·

130 4433 223 4502 etque
236 4428 302 4499 ejus
327 4428 647 4500 speciemvsnustaret.
664 4428 963 4502 Reepleuduitigitur
1017 4444 1074 4500 que
1103 4427 1306 4502 distingueret.
1322 4428 1510 4485 advertimus
1538 4428 1637 4502 itaque
1661 4433 1739 4504 quod
1768 4432 1843 4491 lucis

132 4517 233 4574 subito
264 4533 324 4584 aar,
340 4519 370 4573 st
394 4521 573 4589 expaverunt
594 4516 719 4573 tenebre
744 4516 810 4574 novi
838 4517 961 4576 luminis
1016 4521 1100 4574 ortus
1121 4521 1279 4590 antequam
1307 4516 1351 4573 sol
1377 4517 1465 4586 diem,
1482 4517 1616 4576 videatur
1645 4522 1775 4593 aporire;
1792 4525 1838 4581 21

131 4605 431 4678 claritatelieprsssit
445 4621 505 4674 eas,
521 4609 551 4662 ct
565 4605 650 4679 quasi
665 4606 695 4660 in
710 4606 832 4679 abyssos
845 4607 960 4664 demer·
977 4613 1000 4680 υ
1015 4605 1160 4679 principia
1174 4605 1254 4662 enim
1269 4605 1338 4674 diei,
1356 4605 1450 4662 noctis
1464 4606 1575 4664 exitum
1595 4607 1749 4681 claudunt,
1765 4613 1845 4670 linie-

131 4696 171 4751 sit
185 4698 310 4768 repente
320 4711 373 4766 per
382 4695 629 4752 uniuerssmundi
640 4694 736 4769 fulgor
743 4695 817 4752 lucis
830 4697 958 4754 infu'sus.
1016 4710 1072 4767 que
1088 4695 1227 4768 temporis
1242 4700 1271 4752 et
1283 4699 1379 4751 status
1394 4695 1479 4752 limes
1494 4697 1573 4753 nocti
1592 4702 1620 4753 et
1639 4697 1696 4756 diei
1710 4699 1844 4756 videatur

130 4783 259 4840 Pulchre
287 4783 388 4857 itaque
416 4788 445 4840 et
472 4783 589 4858 proprie
615 4783 705 4840 dixit:
723 4787 805 4841 Facto
833 4793 873 4843 ost
900 4787 959 4844 tux.
1016 4783 1292 4857 esscprescriptus.
1320 4783 1403 4840 Diem
1432 4784 1474 4842 sol
1505 4783 1655 4854 clarificat,
1685 4786 1735 4842 lux
1763 4787 1839 4844 facit.

131 4873 215 4930 Sicut
229 4872 311 4930 enim
323 4873 380 4929 cito
391 4872 441 4930 lux
452 4872 679 4944 coelum,terras‚
696 4872 790 4930 maris
802 4871 961 4945 illuminat,
1017 4873 1196 4945 Frequenter
1211 4871 1316 4929 omium
1332 4872 1460 4930 nubibus
1474 4873 1592 4939 texitur,
1608 4879 1642 4930 ut
1655 4874 1699 4931 eol
1715 4878 1839 4946 tegatur,

131 4965 328 5018 stmomento
351 4964 493 5036 temporis
522 4961 584 5018 sine
613 4960 673 5018 ulla
701 4962 961 5030 comprehensione
1017 4960 1164 5018 neoullus
1184 4963 1364 5035 radiusejus
1389 4962 1615 5036 appareat31ux
1639 4966 1737 5020 tamen
1763 4962 1840 5021 diem

129 5051 406 5124 retestissnrgentie
426 5049 483 5106 diei
498 5048 654 5122 splendore
664 5049 844 5123 regionibus,
860 5056 960 5109 nostro
1016 5049 1208 5119 demonstrat,
1224 5051 1360 5108 tenebras
1375 5052 1537 5110 abscondit.

131 5156 161 5196 se
175 5139 392 5196 circumfundit
401 5138 600 5212 aspectui;ita
610 5143 692 5195 ortus
707 5139 771 5212 ejus
788 5139 845 5195 cito
860 5139 961 5196 debuit

163 5316 414 5390 (aethestan.
443 5321 473 5375 et
500 5319 581 5375 Gom.
607 5333 659 5392 per
684 5335 771 5387 cora,
800 5318 882 5375 dieii.
911 5319 959 5375 Sic
1015 5319 1137 5375 modum
1153 5317 1284 5392 coguitor
1294 5318 1386 5390 judea
1402 5321 1487 5384 estet
1501 5332 1685 5392 cognoscere,
1693 5319 1838 5391 judicare.

129 5390 221 5445 etiam
235 5388 314 5445 inira
329 5405 386 5445 non
402 5389 503 5447 semel.
518 5390 575 5446 Alii
589 5392 689 5446 tamen
704 5389 829 5454 stedia,
849 5391 957 5446 ditcao't.
1014 5390 1126 5446 ibidem
1150 5405 1222 5446 mss.
1252 5389 1375 5462 aliquot,
1394 5388 1524 5471 proderet
1551 5391 1701 5448 voluntatis
1715 5393 1838 5465 effectos,

165 5459 226 5533 (39)
240 5459 290 5516 Sic
304 5460 374 5517 edit.
398 5465 455 5518 vet.
475 5465 504 5518 ct
531 5477 604 5518 mse.
632 5461 730 5533 plures
759 5460 956 5544 potioresque.
1013 5461 1158 5534 aliquot...
1182 5479 1197 5517 r
1219 5466 1316 5518 ectum.
1344 5459 1401 5516 Alii
1431 5476 1537 5536 magno
1561 5479 1684 5520 numero
1711 5468 1741 5520 st
1767 5464 1838 5522 edit.

129 5534 274 5598 Duatnor,
303 5532 513 5604 comisationem:
529 5533 613 5589 Rom.
630 5531 711 5600 edit,
739 5531 957 5603 dispositionem.
1013 5549 1150 5591 omnes...
1166 5549 1186 5604 ‚c
1207 5537 1276 5589 ecto.

130 5603 386 5684 Sedmpnittooem
413 5605 597 5662 retinendam
619 5603 756 5688 equidem
777 5602 914 5671 arbitror,
930 5609 959 5661 et
1048 5605 1105 5676 (40)
1121 5604 1204 5661 Dion.
1221 5608 1250 5661 et
1264 5601 1343 5660 Colb.
1360 5619 1448 5672 unus,
1473 5613 1503 5661 ot
1529 5609 1658 5680 saporato
1681 5623 1775 5666 rerrim
1789 5624 1839 5665 ao·

131 5673 179 5730 hic
195 5673 275 5733 idem
287 5691 353 5734 esse
367 5693 400 5733 ac
415 5675 591 5734 seutentiam
606 5674 802 5748 etJudicium,
819 5677 957 5749 quemad·
1013 5685 1088 5734 toro.
