4159 6184
275 253 349 358 ines
1002 286 1035 353 e.
1060 232 1250 355 suenone
1863 305 1925 371 (ω,

273 425 408 492 ostendit,
427 407 540 478 diceus:
557 442 571 471 α
595 418 655 494 Ego
683 422 783 477 autem
810 418 899 477 didici
927 421 958 477 in
987 422 1097 495 quibus
1110 425 1137 491 Α
1151 427 1225 479 tum.
1242 422 1449 482 Validissimae
1462 420 1542 503 euim
1553 418 1696 483 οιιιιιιοιι
1708 425 1924 496 aluminum.

272 529 339 573 sum
355 510 505 589 sullieieue
519 524 594 566 esse.
611 508 678 565 Scio
688 508 886 579 ethumiliari,
901 510 961 567 snio
972 514 1001 565 et
1011 511 1101 568 abun·
1154 512 1210 569 tire
1224 529 1282 569 non
1297 513 1387 582 novit,
1403 528 1457 569 uso
1471 511 1588 587 plagam
1603 519 1696 587 petest
1706 516 1807 589 neers,
1820 525 1863 596 qn·
1884 528 1925 584 tes

270 605 339 659 darc
352 598 485 673 (Philipp.
502 614 540 665 iv,
559 598 602 670 ιι,
633 599 689 670 12).
718 620 731 649 n
760 598 836 671 Ergo
865 602 894 655 et
921 598 1011 656 David
1041 618 1100 657 non
1154 599 1543 675 tioreet.lnipsopugilum
1553 599 1926 686 certaminesoletplommqne

268 688 423 748 humiliter
437 686 589 745 sentiendo
605 686 641 743 de
657 686 771 744 Christo
801 686 949 745 exaltabat
970 689 1100 745 animam
1154 689 1206 762 qui
1222 688 1567 763 fortiorcetexspectare,
1583 692 1927 774 autinieriorislotusiiqes

269 794 356 837 suam
372 778 439 854 (80),
455 792 543 849 quam
558 775 718 838 humiliant
732 779 762 832 et
775 776 917 847 dejiciunt
929 778 1050 846 Διιιιιις
1072 781 1102 835 et
1154 777 1326 849 lacessatur,
1346 794 1407 852 quo
1421 779 1517 835 aerior
1528 780 1658 837 offensem
1670 780 1808 855 insurgete
1819 785 1855 842 ite
1866 802 1928 845 mon

268 867 425 925 exaltando
441 865 571 922 animam
597 881 694 933 suam,
720 881 826 922 sensus
848 866 990 939 vigorem,
1016 867 1101 924 ildei-
1154 867 1294 925 citatione
1309 866 1503 940 nimiaatgue
1517 868 1658 941 patientie
1669 873 1820 940 roboratus,
1832 879 1861 930 at
1878 881 1927 933 ue.

268 972 325 1029 qus
341 954 479 1028 gretiam,
494 951 613 1010 virtutis
623 952 800 1011 humilitatis
811 953 859 1027 pio
873 957 1101 1028 repraesentabat
1155 971 1243 1028 quam
1259 956 1443 1013 insensibilia
1457 957 1493 1017 ad
1508 956 1648 1026 dolorem,
1663 956 1772 1032 plagam
1786 962 1927 1022 contineam

268 1044 384 1102 ellectu.
1154 1044 1258 1117 possit,
1282 1060 1440 1117 percussus
1469 1042 1555 1112 sidet,
1582 1045 1735 1103 lacessitos
1758 1048 1878 1105 initiatur.
1898 1058 1927 1108 ιι

302 1134 346 1189 13.
364 1132 458 1206 (Vero.
473 1132 513 1203 3.)
528 1132 596 1188 ideo
611 1148 680 1205 ergo
695 1130 833 1189 dicebat:
858 1154 872 1183 α
889 1132 1042 1202 obmutui,
1071 1138 1099 1190 et
1152 1134 1484 1191 veroinlerioesilorte
1503 1134 1596 1191 mom
1609 1134 1738 1192 mannus
1762 1152 1839 1209 eupm
1857 1138 1927 1197 obdu·

268 1221 537 1291 humiliatonem,
553 1225 582 1276 et
603 1218 672 1277 silui
699 1238 716 1277 a
738 1220 835 1290 bouis,
853 1242 867 1272 n
888 1222 957 1294 quia
980 1225 1100 1279 noverat
1153 1225 1231 1278 ctam
1246 1223 1411 1279 cicatricem
1426 1222 1532 1279 veteris
1556 1222 1686 1281 vulneris
1710 1226 1844 1298 exceperit,
1861 1243 1926 1284 reno

265 1311 384 1383 quando
400 1326 432 1368 se
448 1308 606 1366 humiliare
627 1310 756 1379 deberet,
780 1314 810 1367 et
838 1314 959 1367 noverat
981 1311 1099 1383 quando
1152 1314 1252 1367 vetum
1285 1311 1375 1367 sentit
1396 1310 1536 1368 dolorem.
1565 1310 1613 1368 Sic
1638 1316 1683 1368 est
1714 1312 1759 1368 cui
1791 1313 1929 1385 objiciuntue

265 1398 352 1457 silere
364 1400 493 1456 deberet.
510 1400 666 1455 Obmutnit
676 1399 745 1470 (8l),
756 1414 792 1455 ne
806 1400 871 1471 ipsa
885 1399 1014 1471 litigiosa
1030 1416 1098 1455 cum
1153 1402 1272 1471 peccate
1284 1399 1449 1472 superiore,
1462 1415 1527 1471 que
1543 1403 1741 1472 competenter
1764 1399 1845 1462 doluit
1864 1407 1928 1475 mque

265 1488 492 1563 objurgantibus
507 1488 693 1544 contentione
713 1491 930 1560 perstreperet:
955 1487 1098 1544 humilia·
1153 1488 1290 1556 delleeit;
1306 1494 1341 1545 ut
1356 1488 1555 1548 satisfactione
1567 1504 1698 1561 congrua
1717 1489 1929 1563 camerinensem

264 1582 313 1635 lus
332 1582 388 1647 est,
405 1582 594 1634 attumorem
610 1577 750 1648 dejiceret
765 1577 971 1650 superborum,
991 1576 1035 1633 vel
1066 1580 1100 1633 ut
1153 1592 1357 1635 rumsuorum
1386 1578 1546 1636 obduceret
1570 1577 1746 1637 cicatricem.
1772 1578 1928 1651 Sipmleetee

263 1668 344 1740 ipsos
359 1667 508 1740 quomodo
523 1666 681 1722 humiliare
696 1682 728 1721 se
743 1666 893 1733 deberent,
909 1682 962 1723 sun
982 1666 1099 1721 doceret
1152 1669 1207 1732 est,
1223 1668 1303 1722 tacet
1316 1665 1559 1735 conviciantibus,
1576 1665 1658 1725 nullo
1672 1666 1727 1723 eibi
1740 1665 1830 1728 colora
1845 1682 1930 1723 manee

264 1756 419 1828 exemplo:
438 1755 521 1811 siluit
549 1772 566 1810 a
595 1755 692 1823 bonis,
721 1754 791 1825 quia
815 1755 892 1810 bona
920 1754 1136 1867 conscicntiaB
1153 1754 1289 1826 to;quia
1302 1755 1357 1814 etsi
1372 1754 1513 1827 peccavit,
1525 1760 1711 1823 securuseet,
1726 1755 1930 1828 quiasinepeni·

265 1860 325 1901 non
337 1848 404 1917 eget
418 1842 586 1900 defensione
598 1842 766 1910 verborum,
794 1859 858 1916 qus
884 1858 937 1899 suo
962 1842 1030 1899 nixa
1053 1847 1099 1901 est
1150 1842 1245 1899 tentia
1259 1846 1330 1899 suut
1343 1844 1394 1899 nei
1406 1844 1502 1912 dona;
1516 1848 1547 1899 et
1560 1843 1627 1901 ideo
1644 1858 1708 1916 qaae
1731 1843 1814 1901 semel
1834 1842 1930 1910 donauit,

264 1931 445 1999 testimonio,
461 1932 527 2005 ipsa
540 1932 587 1989 sui
599 1932 700 2004 judex.
723 1932 849 2004 ideoque
873 1932 977 2003 justus
1005 1931 1095 1988 dicit:
1151 1929 1297 1990 resolvere
1311 1946 1495 1991 commovere
1517 1948 1577 1991 non
1605 1932 1708 2001 soleat,
1731 1948 1795 1989 eum
1817 1932 1933 2004 ipsediae

266 2041 278 2069 ι
300 2020 373 2085 Ouia
386 2020 578 2087 contradicat,
594 2023 646 2077 aut
660 2019 728 2092 quis
743 2020 861 2079 resistat
874 2020 948 2077 mihi
977 2022 1042 2091 (lec.
1069 2037 1097 2088 a,
1151 2020 1208 2077 rit:
1227 2041 1242 2071 κ
1256 2021 1405 2093 egenum,
1420 2036 1475 2094 ego
1499 2037 1579 2090 aum,
1608 2022 1661 2094 qui
1689 2020 1767 2079 deleo
1792 2019 1933 2093 iniquitates,

263 2109 342 2182 {tlte
361 2108 519 2166 &Paulus
540 2109 659 2165 dicit:«
684 2108 756 2164 Mihi
781 2108 860 2165 enim
891 2125 943 2181 pro
961 2107 1096 2166 ‘minimo
1151 2113 1181 2165 et
1195 2124 1309 2167 memor
1323 2124 1381 2167 non
1396 2126 1445 2167 ero
1457 2112 1510 2179 (lec
1534 2127 1615 2177 narn,
1629 2112 1717 2179 25).·
1746 2107 1934 2170 sisinnio

265 2202 319 2265 cst,
344 2202 379 2255 ut
404 2215 422 2255 a
444 2198 529 2255 vobis
555 2197 709 2269 dijudicer,
736 2202 788 2253 aut
812 2198 849 2253 ab
885 2196 1015 2255 humano
1048 2195 1097 2255 die
1153 2197 1301 2271 perlectus
1324 2203 1354 2255 et
1382 2197 1540 2257 immemor
1571 2198 1736 2258 caelestium
1758 2201 1934 2271 praesepiorum,

266 2286 290 2359 (l
305 2286 366 2343 eor.
384 2302 421 2358 iv,
437 2286 477 2358 3).
494 2308 509 2337 »
524 2286 687 2343 Adversum
702 2284 917 2343 calumniantes
939 2288 967 2343 et
993 2300 1096 2358 pecca·
1151 2285 1235 2343 dolor
1246 2286 1274 2343 ei
1289 2294 1433 2359 tanquam
1447 2288 1573 2345 mscissa
1584 2289 1722 2345 cicatrice
1731 2290 1869 2360 reparatae

264 2375 457 2446 toresjustus
473 2391 527 2431 suo
537 2373 652 2446 judicio
668 2378 825 2432 contentus
839 2378 902 2430 est:
923 2373 1097 2431 meritorum
1190 2376 1234 2432 15.
1252 2375 1345 2447 (Vera.
1361 2376 1402 2448 ι.)
1417 2398 1432 2427 a
1448 2374 1602 2435 concaluit
1615 2394 1667 2433 cor
1694 2392 1788 2436 meum
1811 2376 1876 2435 intra
1894 2388 1934 2439 me,

154 2476 157 2483 ¹
265 2468 366 2521 autem
381 2461 664 2533 suorumjudicium
678 2460 796 2519 Christo
811 2467 948 2519 reservat.
969 2462 1097 2534 ideoque
1151 2464 1224 2520 etin
1239 2464 1432 2523 meditatione
1445 2480 1515 2523 men
1525 2466 1697 2526 exardescet
1710 2466 1794 2539 ignis.
1808 2460 1937 2521 »ennon

266 2552 400 2609 addidit:
419 2552 502 2616 noui
518 2550 662 2622 dijudicat
691 2566 749 2617 ma,
773 2550 917 2607 Dominus
945 2554 991 2607 est
1013 2550 1095 2620 (lota.
1152 2552 1285 2621 vulnera,
1299 2552 1534 2623 sicutnoeimus,
1549 2555 1683 2615 mastico
1698 2554 1886 2619 medicamento
1904 2546 1935 2605 rel

263 2642 301 2711 l).
321 2662 336 2693 n
352 2640 552 2699 Pulcherrima
574 2654 642 2696 eum
661 2637 792 2710 jndicem
816 2637 915 2711 elegit,
939 2638 990 2711 qui
1015 2638 1097 2696 nulla
1151 2642 1274 2701 admoto
1288 2642 1356 2715 igne
1370 2647 1522 2701 curantur.
1538 2644 1614 2716 Ergo
1627 2644 1676 2701 eir
1689 2641 1872 2718 sapienciae
1891 2653 1934 2694 ιιι·

267 2728 371 2787 fraude
395 2729 524 2795 tollatur,
547 2731 580 2785 ot
600 2739 668 2783 eum
693 2742 745 2783 nec
774 2726 889 2785 occulta
912 2731 1095 2800 preteream,
1151 2730 1236 2787 dicus
1258 2736 1305 2789 est
1327 2731 1406 2789 eibi:
1430 2736 1527 2789 tamen
1549 2732 1606 2789 etsi
1628 2733 1763 2791 medieas
1786 2734 1836 2798 est,
1853 2726 1934 2783 ruane

264 2835 318 2876 uec
332 2818 456 2877 infirme
473 2815 650 2875 conditionis
662 2814 765 2887 lapsus
780 2816 928 2875 offendet:
944 2816 996 2888 qui
1009 2816 1096 2889 lragi.
1151 2836 1242 2877 suum
1256 2820 1480 2893 curatldeoquc
1493 2821 1519 2878 ei
1533 2837 1592 2879 nan
1603 2821 1692 2894 plene
1702 2818 1937 2886 consummetettel

261 2908 337 2965 litati
352 2908 430 2964 norit
444 2906 604 2979 ignoscere.
620 2905 663 2961 hd
680 2903 780 2963 omnia
795 2904 885 2977 igitur
903 2903 975 2961 utile
1004 2904 1095 2962 silon·
1150 2909 1187 2964 ad
1202 2907 1351 2965 inoffensa
1366 2907 1570 2967 habitudinem
1583 2910 1733 2977 sanitatis,
1747 2905 1937 2980 vaporeturu'ee

263 2989 349 3055 tium.
379 2996 408 3052 si
434 3001 588 3068 peceatum
619 2993 766 3067 agnoscis,
796 2998 870 3061 tace,
895 3010 931 3050 ne
960 2995 1096 3065 neganda
1150 3012 1210 3062 cor,
1233 2996 1456 3063 babetlebrem,
1501 2997 1627 3071 ignescit
1672 2998 1709 3057 ad
1730 2997 1836 3069 obiecta
1865 2988 1935 3049 eonn-

261 3102 439 3161 exaggerem
456 3085 481 3141 si
497 3102 554 3143 nnn
570 3082 717 3155 agnoscis,
746 3086 810 3139 tace
838 3098 960 3139 securus
989 3082 1025 3139 de
1053 3082 1096 3137 in·
1149 3085 1204 3141 cia.
1221 3086 1297 3142 Etsi
1311 3088 1398 3154 tecet,
1413 3086 1458 3143 vel
1478 3085 1602 3145 intenae
1631 3087 1748 3147 teritur.
1773 3084 1854 3157 lapis
1871 3081 1891 3139 ei
1910 3076 1935 3135 td

264 3174 410 3233 nocentia.
426 3174 488 3230 Non
505 3175 631 3245 possunt
645 3170 740 3227 aliena
754 3170 842 3226 verba
857 3169 968 3225 crimen
997 3167 1097 3241 affige·
1114 3167 1136 3233 C
1152 3172 1280 3245 lapidem
1293 3178 1415 3244 teratur,
1429 3173 1529 3247 iguem
1556 3176 1692 3245 excutit3
1719 3175 1759 3235 ita
1782 3172 1861 3238 otiam
1881 3168 1941 3225 boae

263 3281 304 3331 re,
320 3264 399 3337 quod
415 3260 534 3335 propria
548 3274 607 3315 non
623 3258 732 3329 recepit
746 3257 935 3314 conscientia.
1151 3261 1332 3319 conscientia
1346 3262 1458 3334 pudore
1486 3264 1691 3333 succenditur,
1721 3264 1747 3321 ai
1774 3264 1902 3319 moretm
1920 3252 1940 3311 ιι

300 3355 346 3408 ιι.
362 3351 516 3424 Sequitur:
534 3372 548 3399 ι
566 3348 600 3403 ltt
619 3344 703 3403 dolor
717 3362 802 3401 meus
824 3351 989 3408 renovatus,
1007 3353 1061 3403 est.
1078 3368 1094 3396 »
1148 3366 1273 3408 suorum
1288 3351 1453 3409 recordatio
1467 3351 1658 3411 delictorum.
1672 3376 1688 3405 e
1705 3354 1742 3411 et
1754 3354 1784 3409 in
1799 3351 1856 3425 ipae
1870 3342 1939 3402 madi·

261 3440 364 3498 Adhuc
392 3438 424 3495 in
453 3436 591 3493 interiore
619 3434 735 3491 virtutis
763 3433 857 3507 gradu
883 3435 998 3507 positus
1032 3434 1093 3491 hec
1147 3440 1538 3512 tationeignieererdescit.
1556 3464 1571 3493 s
1594 3442 1664 3499 Nou
1688 3429 1940 3512 nanciscimini

261 3529 351 3586 verba
365 3524 522 3600 depromit.
539 3524 617 3597 q11⁰d
632 3521 716 3580 dolor
730 3522 786 3578 sibi
801 3529 986 3595 peccatorum
1015 3531 1091 3579 vete·
1147 3528 1264 3596 adurat,
1280 3529 1334 3586 sed
1349 3545 1409 3586 non
1424 3534 1536 3587 exurat.
1553 3529 1729 3604 Talisignis
1742 3530 1871 3601 uniquam
1878 3521 1939 3591 liul-

263 3634 328 3674 rum
344 3613 733 3689 objectionerenovatussit‚
751 3610 925 3684 quedeleta
946 3613 1010 3684 jam
1040 3614 1090 3667 oh·
1146 3632 1193 3670 ses
1209 3617 1239 3671 in
1255 3617 1329 3673 rubo
1353 3616 1445 3686 vidit;
1475 3619 1595 3691 quando
1631 3622 1728 3677 rubus
1756 3618 1885 3679 urebatur·
1903 3606 1941 3665 ιώ

262 3706 380 3764 duxisse
395 3703 547 3761 videbatur
575 3700 693 3769 oblivio,
721 3700 766 3757 vel
795 3701 939 3757 bonorum
968 3716 1090 3773 operum
1147 3721 1205 3760 nain
1223 3706 1411 3763 exurebatur.
1427 3706 1479 3764 Est
1493 3723 1562 3780 ergo
1577 3706 1672 3781 ignis,
1688 3709 1739 3781 qui
1754 3707 1885 3781 peccalum
1902 3695 1940 3753 mi·

262 3800 373 3855 texerat
397 3791 608 3867 compensatio.
636 3790 766 3863 Denique
804 3788 834 3845 in
877 3790 1090 3863 posterioribus
1146 3794 1753 3871 nuit‚etsuoculpamardoredepascit.
1774 3797 1821 3853 Est
1842 3796 1866 3849 et
1886 3783 1942 3861 ignis

260 3884 346 3957 quasi
361 3884 464 3941 laetior
477 3881 569 3939 dicit:
587 3902 601 3931 a
621 3879 766 3937 Viderunt
793 3894 850 3949 me,
880 3884 908 3935 et
936 3883 1092 3935 moverunt
1147 3882 1198 3955 qui
1215 3881 1379 3941 coelestium
1400 3885 1618 3958 scripturarum
1649 3882 1876 3945 meditationibus
1887 3873 1941 3933 exci-

261 3975 358 4048 capita
372 3990 427 4030 sua
441 3973 525 4044 (Paul.
542 3986 623 4040 nvur,
638 3969 694 4043 25),
714 3990 725 4019 ι
740 3984 773 4023 eo
788 3967 866 4041 quod
896 3967 1088 4035 minarentur,
1145 3976 1237 4040 tatun;
1253 3970 1332 4027 uelut
1343 3970 1433 4029 illede
1444 3972 1752 4045 quodicitleremias:
1764 3959 1943 4039 «stantiam

261 4069 291 4120 et
306 4078 409 4131 nocere
424 4077 483 4117 uon
494 4062 624 4132 poscent.
636 4058 671 4113 ut
681 4056 811 4113 addidit:
824 4079 838 4105 a
851 4054 1025 4113 hleledicent
1036 4055 1088 4123 ιιιι,
1143 4058 1352 4132 flammigerus
1381 4060 1412 4117 in
1428 4061 1546 4119 ossibus
1561 4063 1639 4121 meis
1655 4064 1769 4137 (term.
1784 4077 1827 4129 nx,
1839 4059 1892 4129 9).»
1902 4054 1945 4107 ιιι

261 4146 602 4220 ιιιιιιιιιιιιιιοιι(ιιιιι.
619 4148 675 4219 28).
692 4147 727 4202 ιιι
748 4145 825 4219 quod
853 4145 938 4217 quasi
966 4146 1089 4201 validior
1143 4145 1191 4203 ille
1208 4147 1484 4223 dequoCleophas,
1514 4155 1543 4207 ct
1571 4152 1625 4224 qui
1656 4151 1751 4209 simul
1778 4150 1830 4207 iter
1849 4142 1943 4218 agebat,

261 4242 401 4316 loquitur,
418 4238 570 4313 negligens
585 4235 708 4309 injurie,
725 4235 768 4291 vel
785 4234 917 4307 pudoris,
933 4234 979 4289 oui
1001 4236 1087 4291 bene·
1141 4236 1260 4308 quando
1275 4242 1342 4310 post
1357 4238 1606 4296 resurrectionem
1637 4240 1684 4297 eis
1712 4256 1745 4297 se
1771 4236 1887 4295 census
1906 4226 1944 4282 td·

260 4329 349 4389 dictio
363 4327 481 4386 Domini
500 4342 553 4400 pro
568 4323 706 4381 omnibus
726 4323 802 4387 848
818 4322 990 4378 abundaret.
1012 4322 1086 4395 Ergo
1136 4323 1246 4395 junxit,
1276 4341 1413 4383 sermone
1450 4331 1555 4383 mutuo
1594 4328 1792 4385 conferebant
1822 4322 1943 4381 dicentes:

261 4420 290 4475 in
306 4419 363 4475 isto
378 4414 491 4489 psalmo
506 4414 669 4471 tricessimo
685 4416 785 4471 octavo
800 4412 884 4485 quasi
901 4411 930 4467 in
957 4412 1086 4483 quadam
1143 4413 1261 4470 «Nonne
1276 4430 1325 4471 cor
1338 4419 1474 4471 uestrum
1501 4416 1609 4473 ardeus
1633 4423 1700 4474 erat
1728 4417 1759 4473 in
1787 4411 1872 4477 noble,
1892 4418 1943 4461 aum

261 4506 459 4573 meditatione,
476 4504 607 4561 noudum
621 4501 764 4561 tamenin
780 4501 858 4557 omni
882 4500 995 4557 locutus
1023 4518 1086 4575 per·
1141 4501 1269 4577 aperiret
1283 4502 1368 4559 nobis
1383 4502 1551 4577 Scripturas
1566 4506 1644 4578 (Luc.
1667 4523 1748 4575 xxiv,
1776 4499 1840 4576 etti
1860 4520 1872 4549 ι
1893 4492 1942 4550 llll

259 4593 384 4653 lectione
398 4592 524 4660 virtutis,
541 4592 612 4648 dicit
637 4592 693 4649 sibi
718 4590 848 4647 dolerem
873 4606 938 4647 esse
965 4606 1087 4647 ronova-
1143 4595 1172 4646 et
1187 4592 1330 4649 Dominus
1343 4591 1434 4663 venit,
1449 4596 1484 4648 ut
1498 4593 1597 4667 iguem
1612 4594 1696 4651 bunc
1711 4594 1741 4651 in
1756 4597 1856 4649 terrm
1872 4581 1943 4640 mille

296 4774 352 4849 (80)
382 4774 424 4831 lts
450 4789 523 4829 mss.
552 4770 617 4826 Vnt.
647 4770 717 4835 dun,
749 4771 777 4825 et
814 4769 945 4853 quinque
982 4767 1086 4827 Gallie.
1143 4770 1290 4827 ferentes:
1318 4771 1357 4827 Dc
1394 4769 1511 4837 Christo,
1538 4772 1682 4831 exaltabat
1723 4773 1841 4828 enimam
1874 4773 1942 4843 ecco.

259 4848 422 4905 Verborum
438 4844 556 4917 quidem
573 4858 679 4897 sensns
694 4838 779 4912 paulo
795 4840 950 4896 obscurior
960 4843 1023 4907 est;
1040 4856 1087 4895 ve·
1140 4858 1289 4912 sensusque
1302 4844 1407 4912 cipere,
1421 4842 1540 4915 fideique
1553 4846 1659 4915 pretio,
1673 4845 1802 4900 virtutes
1827 4830 1942 4892 duneltll·

261 4936 327 4976 rum
343 4918 368 4974 ei
385 4933 443 4974 uun
458 4916 615 4971 minimum
643 4914 760 4968 accedet
786 4910 918 4978 luminis,
949 4912 973 4967 si
1002 4912 1088 4967 modo
1142 4916 1260 4977 timete.

260 4992 296 5048 ad
312 4988 450 5062 superius
474 4986 547 5043 illud
570 4983 719 5059 respicias,
744 4998 808 5039 cum
831 4985 964 5040 Dominus
987 4982 1090 5039 amerit
1178 4983 1319 5056 (8l)l{se.
1335 4981 1411 5039 Vict.
1426 4982 1564 5054 etColb.,
1586 4985 1735 5043 Obmeetce‘t
1761 4988 1789 5040 ct
1815 4983 1876 5053 ipse,
1899 4970 1944 5027 Μ’

257 5079 308 5134 per
325 5077 354 5119 os
374 5059 470 5122 Docte.
502 5062 558 5114 otc.
584 5055 714 5128 intellige
742 5054 832 5127 igitur
860 5054 1035 5127 Prophetam
1058 5054 1089 5109 in
1141 5055 1220 5182 gimo
1247 5071 1311 5112 cum
1336 5055 1510 5128 objurgantes
1547 5060 1724 5115 memsam
1762 5042 1942 5129 memet.

280 5149 386 5193 emuna
405 5128 514 5189 Christi
529 5127 672 5187 exaltasse
687 5126 816 5183 enimam
832 5142 928 5196 suurn,
947 5130 975 5182 et
990 5124 1090 5181 omnia
1168 5126 1281 5198 huam,
1298 5167 1305 5181 .
1324 5166 1331 5181 .
1349 5168 1356 5183 .
1372 5142 1408 5183 nc
1421 5128 1546 5198 tiltpioso
1559 5144 1622 5185 mm
1636 5124 1846 5203 objurgantibus
1857 5121 1943 5177 malet·

256 5150 319 5275 fam
334 5202 533 5279 plauserunt.
551 5200 806 5257 Hnoautemcum
831 5196 931 5253 minos
950 5212 1089 5269 asseque-
1143 5199 1216 5255 tione
1228 5200 1418 5271 perstreperet.
1433 5196 1558 5254 Demum
1573 5198 1645 5256 edit.
1656 5204 1717 5257 v'ct.
1734 5213 1766 5254 ac
1794 5194 1869 5252 Rom.
1893 5196 1941 5242 clm

261 5281 362 5333 rentur
379 5274 502 5330 Romani
517 5272 653 5341 editores,
670 5269 757 5326 verbs
783 5271 1029 5341 transposuerunt
1058 5267 1089 5322 in
1142 5266 1417 5326 Vat.etallis·Gall-
1445 5274 1479 5325 ut
1506 5286 1560 5326 uos
1587 5271 1616 5327 in
1645 5274 1740 5328 textu.
1767 5268 1874 5326 Rursus
1897 5254 1942 5333 pud

260 5339 1092 5416 buncmodum:Dcdhrietolquemhumitiontctdejiciece
1144 5356 1246 5414 peuce,
1271 5338 1322 5397 ubi
1350 5340 1419 5396 edit.
1448 5343 1505 5398 eet.
1529 5357 1564 5398 ee
1591 5342 1679 5399 Rom.
1705 5357 1774 5399 mem
1800 5354 1868 5395 mss.
1887 5330 1941 5414 ¹th

260 5417 370 5488 Ariani)
393 5418 532 5473 centtcbnt
560 5417 686 5471 mineum
716 5428 818 5475 mom:
842 5412 891 5467 hoc
917 5420 967 5477 est,
994 5424 1091 5469 ectum
1143 5416 1173 5469 et
1208 5410 1641 5487 circumueniendum
1663 5411 1798 5486 pectendo
1822 5402 1942 5483 emtus

259 5489 391 5558 ciperem,
419 5487 484 5557 fidet
511 5489 651 5559 protum,
692 5487 821 5541 mrtetem
849 5482 1015 5539 humititatis
1038 5483 1090 5564 pio
1142 5499 1171 5540 ae
1219 5482 1490 5545 bereut.God.Vict.
1506 5488 1535 5545 et
1553 5468 1941 5564 solemniacensium·

260 5559 463 5633 representabat
477 5558 584 5635 offoca.
600 5560 670 5616 Ant.
689 5572 757 5615 vero
771 5553 841 5613 edit.
858 5560 887 5611 et
910 5570 981 5611 mss.
1012 5550 1087 5611 Vsct.
1144 5570 1195 5615 ore
1209 5570 1238 5617 ee
1254 5554 1360 5619 debere.

260 5636 289 5695 st
304 5628 383 5693 uolt.
402 5630 506 5691 eedem
521 5630 610 5689 verba
624 5644 745 5706 prorsus
773 5626 938 5689 reciderent
952 5624 996 5688 sia
1011 5638 1088 5705 pre·
