4159 6184
175 256 181 269 ·
238 228 317 293 arar
968 222 1000 291 a.
1023 218 1209 297 auaaosrt
1398 207 1400 210 ’
1864 230 1945 311 atas

237 370 280 422 est
296 363 404 435 inopia,
421 360 477 417 nisi
492 360 566 417 torta
580 374 615 418 ea
629 374 693 435 que
708 362 901 436 protectorem
926 350 1017 420 Derim
1033 367 1062 421 et
1075 364 1104 433 Α
1117 381 1183 422 esse
1202 366 1372 439 promeruit.
1397 361 1528 439 Denique
1552 366 1584 423 ut
1614 364 1691 436 scias
1710 366 1790 440 ,quia
1812 366 1947 427 dilatavit

244 453 491 511 remuneratorem
514 449 622 507 babere
651 452 843 509 consueverit.
866 452 895 507 Si
916 452 994 510 enim
1019 456 1065 511 cst
1119 453 1208 511 Paulo
1225 455 1367 513 Dominus
1387 454 1486 527 lesus,
1510 454 1580 513 audi
1602 455 1702 529 ipsum
1715 455 1888 531 Apostolum
1901 458 1947 514 di·

235 539 386 613 inopiacui
396 542 474 610 patet
485 554 609 614 regnum
621 538 772 609 caelorum,
784 528 861 599 recte
871 539 919 597 isti
930 540 1061 614 inopiam
1118 546 1251 602 centem:
1266 566 1280 595 a
1293 545 1332 601 Os
1347 548 1482 601 nostrum
1501 545 1580 602 m
1603 548 1684 619 patet
1708 546 1744 602 ad
1768 563 1831 614 vos,
1858 546 1945 603 oco·

236 645 321 687 suam
346 628 454 684 divinis
479 628 621 685 excidisse
644 629 781 686 sensibus
796 628 988 700 arbitrantur,
1012 630 1063 703 qui
1119 630 1232 701 rintbii,
1259 649 1309 690 cor
1332 637 1466 690 nostrum
1489 631 1647 690 dilatatum
1671 637 1716 691 est
1743 634 1781 705 (ll
1811 636 1879 691 Cor.
1904 652 1945 701 vr,

235 716 364 775 animam
382 734 466 774 suam
483 715 670 773 hurrriliatam
686 718 716 773 in
731 718 849 791 pulvere
860 717 1062 791 deplorabant,
1119 720 1173 792 it).
1200 743 1216 771 a
1243 721 1331 794 Aperi
1362 738 1430 795 ergo
1455 738 1498 791 os,
1523 723 1661 780 cantitare
1684 721 1944 797 christumquia
2056 745 2057 748 ¹

234 811 263 863 et
277 810 407 863 ventrem
431 822 518 861 suum
538 805 567 861 in
590 812 668 863 terra
681 807 758 864 tm
783 808 890 865 haerere
914 807 1061 865 dicebant.
1119 807 1271 882 plenitudo
1285 813 1349 868 ast:
1366 811 1417 868 ubi
1432 810 1595 884 plenitudo,
1610 810 1650 868 ibi
1661 810 1899 870 etiamlatitudo.
1910 813 1945 870 m

190 936 194 943 ,
235 896 289 961 Qui
306 899 405 953 autem
422 894 451 950 in
468 900 545 952 terra
560 894 680 961 herent,
697 896 834 953 videntur
851 896 950 952 divina
963 899 1061 969 prote·
1118 897 1204 969 quasi
1216 897 1311 955 bonus
1328 896 1468 971 magister
1481 899 1532 971 qui
1547 898 1708 972 discipulos
1726 898 1838 957 habere
1858 904 1942 974 opta·

234 972 330 1040 ctione
354 982 472 1058 privari.
501 985 568 1049 Quae
600 984 639 1041 sit
662 1000 730 1057 ergo
755 984 813 1041 ista
836 984 945 1058 inopia,
972 984 1060 1042 audi:
1117 984 1661 1061 retequales,nosquoquebortatus
1685 992 1731 1045 eet
1756 988 1943 1047 ntdilatare·

235 1094 249 1125 a
265 1072 345 1130 Beati
357 1072 434 1129 eninr
448 1089 592 1146 pauperes
603 1072 720 1145 spriritu,
732 1072 864 1145 ipsorum
875 1072 953 1129 enim
964 1078 1008 1129 est
1019 1090 1061 1130 re·
1116 1090 1194 1142 mur,
1210 1074 1332 1131 dicens:
1348 1098 1364 1125 a
1379 1074 1549 1132 Dilatamini
1564 1081 1592 1133 et
1611 1092 1663 1133 vos
1677 1075 1760 1147 (told.
1778 1077 1835 1149 13).
1857 1099 1872 1127 a

233 1177 324 1234 gnum
335 1160 476 1218 coelorum
495 1160 602 1231 (Metita.
619 1178 646 1230 v,
662 1162 700 1235 3).
717 1183 731 1212 a
746 1162 773 1217 Si
799 1177 868 1236 ergo
883 1162 968 1218 beata
987 1180 1059 1235 pau·
1150 1164 1195 1219 93.
1214 1162 1288 1218 Cum
1303 1167 1400 1220 autem
1417 1164 1494 1221 Deus
1509 1163 1620 1221 alicubi
1643 1164 1675 1221 in
1695 1164 1885 1224 tribulatione
1900 1166 1945 1223 di-

232 1254 330 1323 pertas
346 1254 400 1319 est,
417 1250 463 1306 coi
480 1253 561 1322 patet
574 1249 691 1316 omium,
709 1250 925 1307 terrenasistas
941 1250 1061 1308 divitias
1115 1249 1189 1307 latat
1212 1251 1279 1324 (83),
1303 1255 1375 1308 tunc
1400 1252 1433 1309 tlt
1459 1252 1584 1310 latitudo
1616 1254 1725 1321 cordis,
1750 1254 1834 1311 siout
1855 1271 1946 1312 arena

232 1337 428 1413 negligamus,
441 1338 623 1412 corporalem
631 1338 1058 1397 redundantiamdeclinemus.
1115 1339 1205 1396 maris
1219 1340 1455 1398 innumerabilia.
1481 1343 1550 1408 Qua
1570 1341 1689 1400 sitista
1713 1341 1858 1411 latutido,
1875 1343 1944 1401 audi

232 1428 397 1501 Sequemur
411 1426 534 1501 vestigia
550 1427 748 1501 apostolorum
763 1428 832 1501 (82),
848 1432 914 1484 ante
930 1444 1058 1501 quorum
1114 1428 1258 1485 dicentem
1276 1431 1411 1484 sanctum
1432 1427 1620 1486 Salomonem
1635 1430 1692 1502 (83)
1707 1448 1715 1487 :
1740 1452 1756 1481 a
1785 1430 1902 1505 Optavi,
1915 1438 1946 1489 et

231 1517 320 1589 pedes
333 1516 537 1590 unusquisque
554 1517 630 1590 quod
647 1516 775 1573 habebat
794 1517 922 1589 pecuniae
936 1534 971 1574 ex
986 1533 1057 1573 suo·
1113 1517 1200 1573 datus
1215 1520 1260 1573 est
1276 1516 1348 1573 mibi
1364 1533 1487 1574 sensus:
1504 1523 1533 1575 ot
1547 1517 1690 1586 invocavi,
1705 1523 1734 1576 et
1755 1520 1838 1577 venit
1852 1521 1884 1577 in
1897 1537 1945 1577 me

231 1622 297 1661 rum
323 1620 458 1679 agrorum
491 1606 583 1679 pretio
616 1604 794 1673 conterebat,
820 1608 852 1661 ut
877 1604 1058 1677 pauperibus
1112 1605 1559 1679 spiritussapientioatmpsn,
1577 1608 1617 1681 7).
1643 1606 1681 1664 Ut
1701 1608 1782 1665 enim
1798 1610 1947 1683 acciperet

231 1693 462 1765 dispensaretur.
479 1693 568 1749 Istam
586 1693 677 1766 igitur
701 1692 830 1766 inopiam
856 1692 1056 1767 evangelicam
1072 1730 1097 1796 B
1113 1693 1288 1767 sapientiam
1304 1712 1320 1751 a
1335 1694 1404 1762 Deo,
1422 1711 1479 1752 non
1503 1695 1632 1764 divitias,
1660 1714 1717 1753 nou
1741 1696 1945 1767 nobilitatem,

231 1782 279 1837 hio
295 1782 388 1838 sancti
404 1782 457 1837 viri
482 1780 573 1837 multo
597 1785 664 1837 ante
687 1797 818 1837 exercere
842 1786 988 1854 coeperant
1004 1800 1011 1851 ;
1028 1785 1057 1838 et
1112 1799 1169 1838 non
1183 1786 1369 1855 potestatem,
1395 1782 1445 1840 sed
1470 1783 1646 1857 sapientiam
1672 1783 1834 1857 postulavit,
1856 1786 1938 1842 etin

231 1871 297 1926 ideo
312 1869 468 1925 dicebant:
486 1892 499 1920 «
517 1868 703 1926 Oblivisceris
725 1868 855 1942 inopiam
883 1876 1055 1927 nostram.»
1109 1870 1161 1927 iila
1188 1871 1290 1928 omnia
1327 1888 1391 1945 qua
1420 1871 1510 1929 etiam
1545 1888 1605 1928 non
1635 1870 1789 1945 postulavit
1812 1872 1939 1929 invenit.

232 1958 302 2015 Tale
321 1960 365 2015 est
379 1957 443 2026 hoc,
464 1957 550 2031 quale
567 1957 638 2014 iliad
656 1956 849 2031 apostolicum
864 1977 870 2014 :
890 1981 903 2009 a
914 1960 986 2016 llcce
1001 1977 1056 2016 nos
1111 1959 1194 2016 Unde
1211 1959 1362 2034 Scriptura
1376 1959 1451 2017 dicit
1464 1960 1535 2034 quia
1548 1958 1617 2035 talis
1631 1965 1694 2018 erat
1703 1959 1830 2018 latitudo
1843 1962 1941 2019 cordis

232 2045 406 2117 reliquimus
423 2046 532 2111 omnia,
550 2050 580 2101 et
594 2046 685 2102 secuti
707 2063 812 2103 sumus
832 2049 860 2103 te
875 2046 978 2121 [dotet.
995 2064 1055 2116 xix,
1111 2048 1185 2121 ejus,
1213 2048 1288 2105 sicut
1312 2066 1402 2106 aceua
1429 2049 1520 2106 maris
1547 2048 1774 2107 innumerabilis
1797 2050 1851 2121 (m
1871 2052 1937 2121 ileo.

229 2134 286 2206 27).
303 2156 317 2185 »
334 2132 669 2207 Bonaergopaupertas,
684 2151 747 2207 quaa
764 2135 898 2207 apietate
914 2136 1054 2209 procedit,
1111 2154 1149 2204 1v,
1164 2136 1222 2209 29).
1248 2136 1331 2193 Unde
1356 2130 1433 2194 hanc
1456 2137 1602 2211 percipias
1622 2136 1821 2205 latitudinem,
1842 2139 1882 2196 ait
1898 2138 1938 2196 de

230 2226 259 2279 et
273 2222 415 2279 virtutum
430 2223 634 2279 exercitatione
650 2224 823 2297 suscipitur.
1111 2226 1208 2299 seipso
1223 2242 1423 2299 cognoscens:
1441 2249 1454 2278 a
1477 2226 1510 2281 ln
1533 2225 1688 2283 latitudine
1707 2226 1807 2284 cordis
1829 2227 1873 2283 tui
1885 2227 1939 2283 de·

266 2313 311 2367 92.
327 2311 386 2367 Noc
401 2310 496 2367 solum
512 2310 653 2384 inopiam,
670 2313 719 2368 sed
735 2312 823 2369 etiam
833 2310 1055 2370 tribulationem
1111 2311 1206 2370 scribe
1220 2330 1284 2370 eam
1303 2313 1393 2387 (Proc.
1409 2332 1459 2381 vu,
1475 2315 1513 2386 3).
1540 2337 1553 2366 a
1575 2314 1611 2371 llt
1634 2314 1698 2371 ideo
1722 2315 1774 2387 qui
1788 2315 1940 2373 habetes-

232 2416 316 2456 suam
333 2400 364 2455 in
379 2398 553 2455 oblivionem
577 2399 636 2456 lieo
655 2400 769 2457 venisse
791 2400 954 2474 deplorant.
971 2401 1056 2458 bone
1112 2401 1265 2475 pientiam,
1281 2403 1385 2460 nonin
1400 2402 1513 2460 occulto
1529 2406 1627 2460 teneat
1644 2418 1720 2471 eam,
1746 2404 1859 2461 nonad
1874 2420 1939 2460 nro-

224 2482 302 2545 'sunt
315 2491 344 2543 et
357 2485 562 2545 tribulationes
577 2504 641 2560 quoa
661 2492 730 2545 sunt
754 2488 877 2562 proprie
893 2491 1054 2562 justorum,
1111 2494 1264 2560 meatuum
1289 2492 1340 2549 sed
1366 2496 1452 2548 canat
1475 2509 1540 2549 eam
1564 2492 1594 2547 in
1609 2492 1706 2549 exitu:
1729 2491 1843 2565 ubique
1858 2494 1936 2567 qnod

233 2577 283 2651 qui
299 2594 356 2634 non
371 2593 422 2651 pro
441 2576 554 2633 meritis
570 2576 643 2645 suis,
660 2577 711 2633 sed
734 2594 786 2650 pro
801 2578 909 2650 pietate
925 2595 974 2635 eas
990 2596 1055 2635 sus·
1112 2580 1211 2648 sentit,
1228 2596 1296 2636 oum
1311 2581 1486 2637 auctoritate
1504 2580 1650 2653 predicet.

232 2666 346 2723 tinent:
363 2665 393 2721 in
408 2665 517 2739 quibus
527 2666 630 2737 justus
645 2682 702 2722 non
719 2666 865 2736 atteritur,
881 2668 930 2723 sed
951 2666 1055 2724 dilata·
1144 2668 1188 2725 9t.
1203 2669 1397 2742 Symmachus
1412 2673 1510 2726 autem
1526 2685 1577 2742 pro
1600 2668 1790 2727 tribulatione
1811 2670 1937 2727 afflicte·

233 2758 291 2823 tur,
308 2755 385 2813 sicut
399 2759 519 2811 sanctus
535 2754 679 2827 Propheta
703 2753 831 2811 declarat
854 2754 973 2813 dicens:
991 2778 1006 2805 α
1023 2758 1055 2811 ln
1109 2755 1219 2813 tionem
1236 2759 1341 2830 posuit
1359 2757 1425 2815 Sive
1445 2762 1544 2815 tamen
1570 2757 1720 2816 afflictatio
1741 2758 1792 2830 sit,
1812 2760 1937 2816 sivetsi·

233 2842 421 2900 tribulatione
436 2842 564 2900 dilatasti
586 2842 658 2899 mihi
682 2844 768 2916 (Paul.
793 2861 832 2911 rv,
857 2844 895 2917 2).
915 2867 925 2894 a
942 2844 977 2899 Et
992 2844 1055 2916 ipse
1110 2844 1233 2914 bulatio,
1251 2862 1324 2919 opus
1351 2850 1397 2902 est
1417 2851 1449 2903 ut
1473 2864 1526 2904 nos
1554 2862 1729 2905 maneamus
1753 2848 1783 2903 in
1799 2847 1936 2914 Domino,

232 2932 374 2988 Dominus
387 2932 471 2987 lesus
487 2930 527 2987 ait
543 2947 549 2987 :
568 2954 581 2981 a
598 2936 630 2987 Iu
645 2931 832 2988 tribulatione
853 2932 982 2989 invocavi
998 2932 1053 2989 Do·
1110 2950 1163 2989 nec
1179 2933 1215 2990 ab
1239 2934 1341 2991 eodem
1366 2936 1549 3005 recedamus,
1574 2935 1713 3008 quoniam
1737 2935 1866 3007 praesule
1879 2936 1937 2993 llo·

231 3022 357 3090 minum,
374 3024 402 3077 et
415 3021 560 3077 exaudivit
570 3036 616 3077 me
627 3020 855 3077 inlatitudinem
867 3021 952 3094 (Psoi.
964 3037 1053 3087 cxvrr,
1111 3020 1190 3078 mino
1205 3028 1235 3078 et
1249 3024 1404 3079 assistente
1427 3023 1522 3094 nobis,
1547 3040 1633 3080 omne
1657 3028 1806 3081 certamen
1822 3024 1938 3082 fortiter

232 3112 271 3183 5),
293 3134 307 3161 »
328 3109 465 3167 Dilatavit
489 3113 589 3167 sancto
614 3109 744 3183 apostolo
768 3109 867 3179 Paulo,
891 3110 1007 3181 quaudo
1028 3109 1052 3165 ei
1070 3094 1090 3161 C
1109 3126 1269 3181 possumus
1284 3111 1440 3168 sustinere.
1456 3111 1487 3168 Si
1507 3115 1606 3169 autem
1630 3112 1789 3169 Dominum
1803 3112 1937 3187 negliga-

232 3198 383 3255 ocuiorum
407 3199 505 3255 lumen
532 3197 657 3272 eripuit;
684 3198 724 3253 ita
744 3199 821 3253 onim
844 3198 996 3253 confessus
1011 3202 1056 3254 est
1108 3216 1187 3266 mus,
1210 3204 1239 3255 et
1263 3198 1427 3273 longanae
1451 3200 1595 3257 iaciamus
1622 3217 1641 3258 a
1666 3200 1789 3257 llomino
1805 3201 1937 3259 iacimus

231 3288 390 3355 Christum,
406 3304 493 3361 quem
509 3287 634 3359 negabat
649 3290 744 3342 antea.
762 3285 828 3341 ideo
844 3302 894 3341 vas
905 3284 1055 3342 electionis
1109 3288 1192 3344 nobis
1207 3287 1408 3344 adversarium
1424 3288 1583 3345 fortiorem.

277 3434 324 3497 82)
340 3430 412 3485 Mes.
432 3427 577 3493 nonnulii,
600 3443 747 3498 aequamur
768 3431 842 3498 peste
858 3428 1051 3500 apostoloram.
1107 3429 1177 3485 edit.
1194 3445 1341 3497 nusquam
1354 3427 1385 3485 in
1401 3430 1511 3487 nostris
1526 3446 1598 3487 mss.
1619 3430 1778 3502 invenitur,
1793 3432 1843 3488 aed
1863 3439 1936 3505 post

279 3502 324 3573 83)
340 3500 415 3554 uuit.
431 3498 515 3555 Rom.
536 3498 610 3569 scia,
635 3499 704 3554 ileos
719 3498 806 3555 ottoni
827 3501 857 3555 ia
872 3500 1055 3557 tribulatione
1108 3516 1206 3556 vocem
1227 3500 1409 3569 Salomonem,
1432 3501 1572 3559 continuo
1593 3500 1788 3571 subnectitur,
1810 3507 1841 3558 art
1854 3506 1935 3559 ocei-

231 3572 343 3627 ditaret.
1107 3579 1182 3642 peret
1195 3572 1373 3643 sapientium,
1387 3577 1444 3629 etc.

268 3642 322 3715 (85)
338 3640 390 3697 llic
405 3640 560 3713 Scripturae
575 3638 656 3696 locus
681 3656 767 3713 quom
790 3640 928 3698 exhibent
950 3658 1052 3698 omnes

644 4018 700 4103 IN
730 4015 1004 4107 rsaLMUM
1032 4016 1149 4108 XLV
1180 4016 1521 4105 ENAltllATIO.

550 4379 742 4437 PRAEFATIO.
1070 4382 1094 4446 Ι)
1110 4396 1175 4451 que
1190 4380 1363 4452 preparavit
1377 4378 1552 4438 Dominibus
1559 4380 1750 4454 diligentibus
1762 4394 1840 4435 eum.
1856 4376 1945 4452 Ergo

266 4471 292 4527 l.
310 4472 403 4543 (Vera.
421 4471 459 4542 l.)
475 4469 590 4527 Titulus
614 4468 722 4541 psalmi
737 4468 827 4539 hujus
854 4468 893 4524 ita
918 4466 1053 4523 inscribi·
1109 4467 1270 4525 inocculto
1291 4468 1388 4525 coedis
1411 4469 1504 4525 nostri
1528 4468 1644 4526 occulta
1663 4468 1816 4542 sapientie
1837 4482 1949 4525 moon-

230 4557 648 4630 tur:«1nsrnern,prosrliis
671 4554 1054 4629 Goreprooocultis,psal·
1110 4556 1226 4625 damus,
1252 4572 1309 4611 uon
1334 4560 1443 4612 temere
1471 4555 1622 4630 aliquibus
1653 4556 1853 4631 divulgemus,
1878 4556 1945 4612 nisi

231 4664 298 4705 mus
312 4644 369 4719 ipsi
384 4645 486 4701 David.
504 4668 514 4693 ι
534 4644 607 4708 Ouid
628 4650 682 4707 eat,
699 4667 712 4693 a
731 4661 783 4717 pro
808 4642 954 4700 occultis?
969 4666 983 4695 a
1000 4643 1054 4699 Oc·
1110 4647 1361 4699 sacramentorum
1376 4643 1571 4714 consortibus,
1595 4661 1670 4718 quos
1691 4644 1836 4702 Dominus
1849 4659 1947 4700 voea-

231 4736 378 4795 cultorum
395 4731 533 4788 babuisse
553 4748 584 4787 so
609 4730 805 4803 cogaritionom
829 4747 881 4804 per
905 4730 1055 4787 revelatio·
1110 4732 1152 4787 vit
1166 4732 1202 4787 ad
1226 4732 1351 4805 gratiam
1374 4748 1471 4802 suam,
1497 4732 1549 4807 qui
1577 4751 1609 4791 aa
1631 4735 1662 4790 in
1686 4731 1860 4790 abscondito
1874 4730 1945 4789 vult

127 4848 130 4856 ,
232 4842 299 4881 nem
312 4821 429 4881 Domini
444 4823 525 4889 lesu,
543 4820 573 4876 in
585 4820 830 4892 quiuquagesimo
850 4836 966 4893 quoquo
981 4818 1057 4893 psal·
1111 4820 1218 4892 rogari,
1236 4821 1375 4893 quoniam
1395 4820 1476 4878 aolus
1499 4826 1555 4891 eat,
1580 4824 1631 4895 qui
1655 4822 1947 4879 absconditaetoo·

233 4932 281 4972 mo
298 4917 418 4971 sanctus
441 4908 584 4983 Propheta
607 4913 817 4965 commemorat
839 4909 958 4965 dicens:
976 4931 989 4959 a
1007 4908 1056 4964 ln·
1111 4907 1191 4965 calta
1205 4913 1370 4979 cognoscat.

232 5007 312 5059 certa
331 5005 360 5057 et
383 4998 498 5057 occulta
519 4999 668 5070 sapientiae
692 5002 748 5051 tuae
764 4998 959 5053 manitestusti
984 4996 1057 5055 mihi
1146 5000 1175 5053 2.
1191 4997 1322 5071 Denique
1336 4998 1400 5071 ipso
1413 4998 1557 5057 Dominus
1570 4999 1704 5062 lesusad
1714 4999 1944 5072 percipiendam

233 5090 306 5164 (Psoi
324 5108 350 5156 a,
379 5090 418 5161 8).
448 5111 461 5139 a
491 5088 558 5153 Quae
584 5090 683 5142 autem
710 5083 760 5141 illa
787 5084 848 5140 sint
874 5084 998 5151 occulta,
1027 5083 1058 5140 in
1112 5085 1219 5159 Legem
1235 5084 1331 5143 solum
1347 5086 1477 5160 Moysen,
1493 5104 1551 5145 non
1567 5087 1680 5161 absque
1693 5087 1766 5144 lesu
1779 5092 1893 5155 tanam,
1907 5087 1942 5142 in

233 5178 389 5253 Evangelio
427 5180 528 5235 sancto
564 5175 713 5244 docemur,
752 5173 866 5231 dicente
896 5171 947 5228 Dei
974 5172 1057 5239 Filio,
1113 5178 1242 5231 montem
1259 5174 1947 5250 voluitaacendere(liaeod.xtx,2ll.lnEvan·

233 5270 310 5339 quod
327 5268 467 5341 mysteria
480 5264 632 5339 sapientiae
647 5262 819 5321 abscondita
834 5263 893 5319 sint
920 5260 1057 5333 sapienti·
1113 5262 1189 5337 gelio
1204 5278 1323 5337 quoque
1338 5262 1432 5331 Petro,
1447 5264 1565 5336 loanni,
1581 5269 1611 5322 et
1622 5264 1733 5322 tacebo
1743 5262 1817 5322 solis
1829 5280 1869 5321 ex
1881 5280 1946 5322 om-

233 5356 300 5422 bus,
329 5362 358 5413 et
385 5354 515 5429 parvulis
544 5353 667 5411 revelata
695 5351 799 5425 (dietih.
839 5369 879 5418 xr,
908 5348 1059 5423 estnec
1114 5352 1144 5407 ni
1160 5368 1283 5409 numero
1308 5352 1521 5424 discipulorum
1548 5353 1772 5411 resurrectionis
1794 5369 1858 5410 suaa
1877 5352 1945 5428 glo·

234 5448 304 5499 aunt
323 5444 383 5511 iiia,
410 5445 440 5499 ni
465 5443 560 5512 iallor,
591 5458 655 5514 quae
685 5439 790 5515 oculus
819 5456 878 5497 non
905 5439 989 5509 vidit,
1004 5453 1060 5496 neo
1114 5440 1190 5497 riam
1205 5438 1542 5512 revelavittllutthavrr,
1560 5443 1597 5514 1).
1618 5442 1662 5499 lta
1685 5441 1836 5499 occultum
1851 5457 1944 5501 annm

234 5530 315 5589 auris
337 5531 456 5603 audivit,
476 5548 529 5591 nec
554 5532 584 5589 in
611 5546 660 5589 cor
680 5528 810 5589 hominia
834 5527 1056 5591 ascenderunt:
1113 5529 1205 5590 votuit
1218 5542 1284 5590 essa
1297 5527 1481 5613 opaeum,
1505 5533 1536 5592 ct
1557 5531 1735 5596 admonebat
1756 5529 1942 5615 trequentes,
