4159 6184
142 297 211 396 aas
743 331 939 402 anonoora
961 335 1083 401 navic
1104 339 1272 408 annana.
1810 336 1870 407 cat

143 467 292 540 scriptum
307 469 356 524 est
372 463 466 524 :aNon
482 457 619 524 intendas
632 466 661 523 in
679 467 810 526 nrulieris
826 473 952 543 speciem
971 487 977 526 :
993 472 1021 537 Α
1036 474 1172 533 adultera
1187 479 1284 535 omnis
1299 477 1451 535 Christum
1466 472 1576 532 habere
1590 481 1764 549 presentem
1782 477 1864 547 (licit.

141 562 169 613 et
183 571 247 614 non
262 555 459 630 concupimus
474 553 627 612 mulierem
642 555 737 628 (Eccti.
752 574 819 624 xxv,
829 561 886 632 28).
904 581 919 610 o
929 559 980 616 ait
1036 562 1081 628 10,
1097 566 1156 637 20).

142 644 215 703 alibi
242 660 251 701 ι
279 667 291 696 ι
319 645 362 701 db
386 643 468 702 omni
491 641 660 700 irreverenti
684 643 770 701 oculo
798 662 867 704 cave
881 647 977 720 (licuit.
1071 654 1118 709 15.
1137 654 1226 713 Vides
1241 656 1331 729 igitur
1345 654 1570 728 quantisrebns
1585 655 1673 711 etiarn
1697 656 1868 709 sanctornm

141 749 220 802 xxvi,
238 734 295 806 ll).
313 753 328 783 n
343 731 423 789 Nihil
438 731 474 788 de
488 729 684 789 continentia
698 735 755 789 tue
779 733 888 792 virtute
904 751 976 808 pre·
1033 741 1125 797 conia
1136 743 1299 817 capiantur,
1316 749 1345 801 et
1361 743 1478 800 ideone
1494 742 1622 807 mireris,
1647 744 1672 800 si
1696 740 1784 798 etiam
1800 757 1869 796 san·

142 839 258 880 sumas.
274 820 391 878 Etenim
407 844 422 872 a
437 819 591 878 fornicatio
607 818 741 878 mulieris
759 821 790 879 in
809 821 979 886 extollantia
1032 831 1099 884 ctus
1114 833 1202 888 David
1218 838 1324 906 captus
1339 837 1399 888 est.
1418 831 1472 885 Vir
1485 831 1605 903 quidem
1621 846 1761 904 magnus,
1772 833 1802 885 et
1816 827 1869 899 qni

144 911 310 980 oculorum,
326 914 356 968 at
377 909 407 966 in
423 908 572 984 palpebris
595 907 676 966 illius
700 916 876 984 agnoscetur
896 911 975 984 (ibid.
1032 915 1216 992 allophylum
1231 921 1396 977 immanem
1412 935 1542 991 corpore,
1560 919 1651 975 armis
1666 933 1784 991 qnoque
1807 916 1870 972 bel-

145 1000 208 1070 12);
233 1003 263 1058 et
285 999 351 1056 ideo
375 1015 496 1055 causam
520 997 616 1071 primo
645 999 756 1071 peccati
780 1000 858 1070 iuge.
884 1001 976 1057 Nemo
1032 1003 1097 1063 licis
1116 1009 1314 1066 inhorrentem
1341 1010 1402 1065 tide
1427 1007 1539 1074 vicerit,
1557 1010 1607 1065 sed
1631 1004 1869 1077 utinamseipse

146 1091 166 1145 7
175 1091 219 1145 11
240 1088 319 1144 enim
346 1087 398 1144 din
420 1086 573 1143 lortisest.
595 1085 695 1159 Neque
719 1086 817 1159 fragili
847 1093 975 1158 tantum,
1030 1092 1161 1162 vicisset,
1179 1098 1291 1154 utinam
1316 1099 1396 1155 sicut
1421 1095 1505 1151 illum
1531 1095 1732 1152 adversarium
1754 1094 1867 1165 stravit,

144 1176 194 1233 sed
211 1175 293 1232 omui
318 1175 432 1232 bomini
448 1175 574 1232 dicitur:
595 1174 685 1231 ‹Non
700 1178 729 1231 te
750 1175 849 1232 vincat
868 1193 975 1234 conca·
1031 1182 1076 1238 sic
1091 1184 1257 1241 interiorem
1274 1186 1478 1242 adversarium
1505 1203 1592 1240 sunm
1617 1189 1748 1238 sternere
1764 1199 1798 1238 ae
1818 1199 1867 1239 su·

142 1264 287 1338 piscentia
303 1264 404 1321 forme
419 1265 509 1334 (Pron.
525 1279 565 1331 vr,
581 1263 627 1334 25)
645 1279 652 1318 :
669 1285 684 1314 »
701 1264 726 1320 si
742 1280 801 1321 nou
816 1265 860 1321 vis
884 1266 974 1333 vinci,
1030 1286 1132 1342 parare
1147 1275 1305 1344 potuisset!
1321 1274 1446 1332 Gravior
1461 1277 1503 1327 cst
1520 1273 1696 1345 pugnacius
1713 1271 1764 1343 qui
1786 1271 1867 1329 intus

144 1343 204 1410 non
228 1352 419 1427 congrediare
442 1352 579 1426 peccatis,
595 1369 632 1410 ne
646 1352 682 1409 de
696 1356 725 1409 te
739 1352 810 1409 vitia
834 1369 973 1412 coronen-
1030 1374 1122 1429 qnam
1138 1361 1220 1418 illius
1236 1364 1286 1435 qni
1300 1365 1375 1420 loris
1390 1361 1526 1418 dimicat.

144 1446 195 1499 tur
209 1459 216 1496 ι
230 1464 245 1493 «
257 1455 353 1514 neque
368 1441 493 1515 capiaris
505 1440 609 1509 oculis,
626 1457 720 1513 neque
734 1440 893 1514 abripiaris
912 1443 973 1514 pal·
1067 1449 1113 1503 16.
1135 1449 1190 1505 Sed
1207 1452 1279 1522 qnid
1295 1453 1331 1508 de
1346 1451 1411 1507 solo
1427 1449 1518 1504 David
1531 1448 1656 1520 loquor?
1671 1450 1865 1508 accersamus

143 1530 244 1604 pebris
258 1529 363 1604 (thid).
379 1551 394 1580 u
409 1527 480 1586 Vilis
502 1529 554 1585 tibi
579 1528 686 1586 mulier
707 1529 825 1587 videtur
849 1530 885 1587 ad
909 1548 973 1605 pre·
1028 1534 1119 1591 etiam
1135 1535 1209 1593 alios
1225 1541 1260 1594 ad
1277 1543 1437 1596 tractatum
1464 1537 1688 1603 hnjrrsrnodi,ne
1712 1536 1867 1595 imbecilli·

142 1619 231 1687 tium,
247 1619 299 1676 sed
314 1618 398 1676 sortis
413 1618 449 1674 ad
465 1617 567 1675 vitium
585 1619 623 1692 (l)
640 1636 647 1675 :
664 1617 735 1691 quia
754 1641 765 1668 ·
783 1618 975 1677 mulierviro-
1028 1625 1121 1678 tatem
1138 1623 1229 1680 David
1255 1629 1361 1700 magis,
1380 1625 1470 1681 unios
1493 1624 1605 1680 scilicet
1628 1623 1770 1690 hominis,
1786 1633 1866 1699 pute

142 1724 210 1764 rum
225 1708 372 1782 pretiosas
387 1708 501 1763 animas
514 1707 593 1780 oepit
606 1707 688 1778 (lhid.
705 1707 764 1780 26).
1029 1725 1099 1765 rnus
1123 1727 1213 1783 quam
1236 1731 1380 1786 corporee
1407 1712 1587 1768 conditionis
1603 1713 1696 1768 luisse
1711 1712 1865 1773 infirmita·

1028 1801 1104 1854 tem.
1122 1802 1246 1857 Samson
1262 1802 1378 1858 validus
1403 1805 1433 1855 et
1458 1800 1540 1854 sortis
1563 1801 1678 1857 leonem
1703 1803 1865 1876 suffocavit,

141 1886 249 1943 retitus
273 1884 428 1951 illecebris,
445 1883 588 1941 immunis
608 1883 724 1942 evadat.
740 1884 799 1941 Nec
819 1900 886 1940 mea
908 1888 973 1940 tan·
990 1843 1014 1908 B
1030 1884 1083 1941 sed
1099 1902 1228 1943 amorem
1253 1907 1343 1947 snum
1368 1888 1514 1944 suffocare
1536 1905 1595 1945 non
1620 1888 1734 1962 potuit;
1749 1891 1867 1950 muenia

141 1980 208 2033 tum
224 1973 280 2031 hoc
295 1971 442 2030 sententia
459 1971 579 2029 difficile
596 1973 753 2046 judicatur
777 1988 784 2028 :
811 1971 862 2029 sed
885 1972 974 2030 etiam
1030 1972 1118 2028 solvit
1132 1973 1276 2044 bostium,
1292 1979 1343 2034 sed
1360 1992 1482 2030 suarum
1500 1994 1557 2034 non
1573 1979 1660 2034 solvit
1680 1997 1773 2036 nexus
1790 1983 1866 2039 m

141 2063 239 2122 sancti
266 2061 433 2120 Salomonis
461 2061 622 2119 Proverbiis
646 2059 832 2134 impossibile
857 2061 974 2133 judica·
1029 2060 1247 2133 cupiditatum
1281 2080 1396 2121 messes
1421 2062 1551 2122 incendit
1574 2065 1697 2135 alienas,
1722 2071 1751 2124 et
1775 2069 1865 2126 unius

141 2159 207 2210 tum
234 2154 289 2223 est,
314 2149 365 2224 qui
391 2165 445 2206 suo
468 2149 575 2208 ductus
597 2150 731 2224 exemplo
747 2149 787 2206 ait
803 2166 810 2205 :
827 2171 842 2200 «
858 2149 975 2224 Ligabit
1028 2149 1094 2221 ipse
1111 2148 1245 2205 mulieris
1261 2168 1410 2208 accensus
1426 2152 1552 2224 igniculo
1576 2172 1703 2214 messem
1727 2175 1787 2215 sue
1809 2158 1866 2214 vir·

145 2243 215 2316 quis
232 2240 331 2314 ignem
345 2238 375 2295 in
391 2239 469 2305 sinn,
481 2239 655 2297 vestimenta
668 2243 768 2296 autem
783 2255 841 2295 aon
853 2239 974 2295 oombn·
1014 2236 1104 2298 ,tutis
1118 2237 1231 2294 amisit.
1249 2239 1395 2295 Salomon
1412 2243 1553 2317 templum
1575 2245 1632 2302 lieo
1654 2247 1796 2317 condidit,
1814 2249 1866 2304 sed

141 2330 209 2388 rat?
224 2329 278 2386 Vel
292 2327 455 2386 ambulabit
469 2327 536 2400 quis
550 2344 641 2402 snper
654 2327 798 2385 carbones
818 2326 907 2400 ignis,
925 2343 974 2400 pe·
1029 2326 1145 2382 utinam
1160 2327 1297 2397 corporis
1312 2329 1363 2384 sni
1381 2330 1522 2404 templum
1547 2334 1610 2408 ipse
1632 2337 1793 2394 servasset!
1810 2336 1865 2393 Ve-

142 2420 197 2477 dcs
223 2421 323 2475 summ
348 2433 407 2474 non
430 2416 581 2474 comburet
605 2416 686 2491 (loia.
710 2417 758 2482 27,
782 2415 853 2488 tat?
873 2416 974 2474 »Cave
1030 2429 1098 2470 rum
1114 2414 1150 2469 ad
1165 2413 1268 2486 ipsum
1287 2432 1305 2472 a
1325 2433 1389 2490 quo
1412 2421 1556 2496 discessit,
1571 2429 1733 2483 revertatur
1757 2426 1862 2484 oratio.

143 2525 216 2582 ergo
232 2511 262 2564 et
275 2512 307 2562 tu
322 2522 359 2562 ne
373 2506 450 2562 intra
464 2505 564 2562 sinum
579 2510 635 2562 tna
651 2504 760 2562 mentis
787 2505 884 2578 ignem
908 2502 974 2560 libi·
1029 2501 1238 2574 Triumphauit
1253 2503 1351 2562 David
1372 2506 1400 2563 in
1416 2510 1515 2568 decem
1531 2513 1672 2584 millibus,
1687 2518 1739 2573 sed
1759 2514 1867 2572 erravit

144 2597 227 2654 dinis
251 2598 281 2653 ot
302 2611 432 2653 amorem
455 2595 607 2665 accendas,
632 2611 669 2651 ne
691 2609 864 2666 corporeum
888 2593 974 2650 vesti·
1028 2593 1060 2648 in
1090 2590 1191 2664 viginti
1222 2597 1252 2647 et
1284 2595 1420 2668 amplius
1453 2602 1592 2671 millibus,
1613 2610 1641 2661 et
1661 2605 1730 2677 qnia
1749 2606 1866 2674 erravit,

146 2690 285 2743 mentum
299 2683 348 2740 illo
363 2682 454 2741 animi
468 2689 658 2741 consumatur
673 2681 856 2752 incendio,ac
872 2696 975 2755 perpa-
1029 2680 1182 2738 hominem
1197 2696 1230 2736 ae
1245 2697 1315 2741 esse
1329 2689 1478 2759 cognovit,
1494 2693 1645 2751 confossus
1667 2700 1712 2752 est
1735 2694 1864 2768 culpam,

146 2775 287 2834 tuitatem
311 2771 531 2830 resurrectionis
554 2773 674 2830 amittas
690 2789 697 2828 :
713 2769 760 2826 vel
784 2773 861 2826 certe
883 2769 975 2826 vesti·
1029 2768 1145 2825 veniam
1161 2767 1399 2840 deprecatusest
1420 2777 1521 2837 dicens
1536 2784 1570 2838 ad
1587 2784 1743 2840 Dominum
1762 2802 1796 2841 z«
1811 2785 1866 2841 Do-

146 2866 234 2940 gium
248 2867 305 2919 tua
320 2861 427 2918 mentis
442 2865 552 2929 uratur,
568 2861 593 2918 si
609 2876 661 2934 per
675 2858 834 2916 libidinum
849 2859 927 2916 laces
942 2859 977 2916 ti·
1030 2858 1122 2927 mine,
1148 2872 1184 2913 ue
1205 2857 1236 2913 ia
1260 2860 1307 2917 ira
1328 2869 1384 2919 tua
1401 2881 1510 2940 arguas
1524 2888 1581 2941 me,
1597 2889 1692 2946 neque
1717 2874 1746 2930 in
1771 2873 1866 2932 surore

148 2956 181 3012 bi
212 2951 360 3026 putaveris
385 2965 450 3008 essa
474 2949 678 3024 gradiendum.
703 2948 778 3005 Nam
804 2947 855 3021 qui
881 2947 977 3005 uritur
1030 2954 1084 3004 tno
1106 2946 1249 3018 corripias
1275 2969 1336 3009 me.
1373 2953 1510 3016 Miserere
1533 2962 1601 3029 mei,
1633 2963 1765 3030 Domine,
1795 2981 1867 3039 quo·

148 3026 250 3110 corde,
265 3039 449 3098 comburitur
461 3055 590 3113 corpore.
1032 3035 1114 3092 niam
1129 3032 1267 3094 infirmus
1282 3057 1350 3096 sum
1368 3043 1456 3112 (Ptol.
1477 3064 1516 3115 vr,
1532 3053 1560 3120 2,
1576 3051 1616 3120 3).
1638 3053 1668 3108 Si
1684 3054 1773 3111 David
1789 3055 1867 3111 indr-

188 3132 233 3187 14.
250 3129 393 3186 Omnibus
415 3127 507 3202 igitur
529 3128 625 3186 modis
648 3127 763 3184 lascive
787 3126 920 3185 mulieris
933 3129 976 3184 vi·
1033 3140 1113 3192 mue,
1129 3127 1161 3178 tu
1177 3123 1261 3182 tortis
1276 3130 1330 3185 es?
1346 3130 1377 3185 Si
1394 3131 1533 3193 Salomon
1555 3137 1658 3213 lapsus
1683 3149 1738 3211 est,
1754 3149 1785 3200 tn
1810 3144 1864 3202 im-

147 3221 264 3280 tandus
278 3233 418 3275 occursus
434 3222 488 3274 est.
505 3217 539 3273 llt
553 3217 618 3275 ideo
644 3239 658 3268 «
684 3215 870 3289 prudentiam
893 3209 1013 3277 disci-G
1033 3210 1175 3270 mobilia?
1189 3213 1220 3270 Si
1242 3215 1353 3274 Paulus
1377 3220 1491 3290 primus
1510 3234 1707 3300 peccatorum,
1725 3239 1756 3289 tn
1782 3240 1864 3306 potes

147 3308 255 3384 pulum
280 3306 397 3380 acquire
418 3305 472 3362 tibi
486 3305 536 3379 (5).
551 3305 658 3379 inquit,
675 3309 709 3361 ut
729 3308 758 3361 te
779 3304 927 3362 custodiat
940 3307 977 3363 ab
1031 3302 1149 3376 primus
1162 3318 1228 3358 esse
1242 3311 1524 3386 sanctornmlllrgo
1539 3316 1564 3372 si
1586 3327 1757 3378 erraverunt
1777 3323 1864 3395 justi,

147 3413 242 3457 uxore
267 3394 363 3452 aliena
386 3398 416 3452 at
438 3393 595 3452 fornicaria
620 3395 712 3468 (Pron.
727 3409 777 3462 vn,
794 3393 821 3460 l,
841 3393 870 3465 5)
886 3409 893 3448 :
911 3415 925 3444 »
941 3410 977 3451 ne
1032 3394 1204 3448 erraverunt
1218 3396 1361 3466 tanquam
1385 3397 1591 3470 homines,sed
1608 3415 1759 3479 peccatum
1775 3429 1862 3468 sunm

146 3491 178 3544 te
199 3482 315 3558 laqueis
329 3483 474 3540 labiorum
494 3497 616 3540 suorum
641 3485 738 3540 teneat
761 3479 934 3554 obligatum,
949 3487 980 3540 et
1031 3483 1176 3550 tanquam
1186 3479 1262 3549 justi
1277 3492 1471 3554 agnoverunt.
1491 3491 1521 3546 si
1533 3493 1610 3564 justi
1626 3515 1718 3570 pmnae
1740 3502 1862 3558 atr0010.

148 3570 305 3632 criniculis
316 3569 423 3629 erroris
438 3571 575 3629 involvat.
592 3573 692 3644 ltaque
708 3570 785 3627 unde
798 3568 905 3626 debeas
929 3587 978 3628 ca·
1033 3567 1075 3623 ris
1089 3573 1266 3638 exceperunt
1280 3571 1468 3639 sententiam,
1484 3581 1516 3633 tu
1537 3588 1786 3651 quemadmodem
1808 3589 1862 3645 tibi

146 3680 218 3722 vers
235 3661 418 3719 meretricem
434 3659 574 3734 propbeta
597 3665 624 3716 te
649 3658 758 3725 docuit,
774 3661 807 3715 nt
820 3676 837 3715 a
852 3657 979 3717 fenestra
1033 3671 1115 3728 spem
1130 3652 1317 3727 impunitatis
1339 3665 1490 3733 proponis,
1507 3683 1574 3723 cum
1600 3672 1751 3745 Scriptura
1771 3677 1859 3732 dicat.

148 3767 257 3810 caveas
277 3748 367 3821 hujus
389 3749 542 3820 ingressus
558 3747 637 3822 (ltid.
653 3749 695 3820 6.)
709 3750 733 3802 Α
748 3748 874 3804 fenestra
898 3748 977 3804 enim
1032 3766 1048 3795 ι(
1064 3743 1094 3801 Si
1105 3743 1208 3815 justus
1222 3745 1270 3803 vix
1288 3745 1388 3804 tullus
1403 3750 1446 3818 fil,
1463 3761 1600 3824 peccator
1622 3766 1652 3816 et
1674 3761 1784 3834 impius
1810 3763 1861 3819 nbi

147 3843 260 3898 domus
284 3855 343 3895 sua
367 3838 466 3895 intrat.
493 3838 632 3894 Fenestra
655 3837 720 3908 ejus
742 3839 787 3892 est
805 3834 909 3893 oculus
926 3854 933 3892 ε
949 3840 978 3893 ot
1032 3833 1147 3906 parebit
1162 3834 1187 3901 (l
1199 3835 1395 3910 Petr.rv,i8)t

147 3931 217 3988 ideo
229 3928 268 3986 ab
282 3926 361 3984 omni
376 3925 544 3984 irreverenti
559 3925 643 3983 oculo
667 3941 747 3992 oave,
762 3940 798 3980 ue
825 3939 876 3997 per
898 3924 975 3981 ione·
1068 3922 1114 3977 17.
1134 3922 1292 3981 advertitis
1307 3927 1457 4000 ergasrlii,
1473 3946 1562 4002 quam
1580 3934 1753 4008 plerumque
1768 3937 1858 3993 etiam

146 4021 246 4075 stram
281 4018 406 4071 introeat
440 4030 533 4083 amor,
566 4013 657 4071 libido
692 4016 833 4086 penetret.
864 4013 976 4070 lltenim
1031 4011 1143 4066 bonum
1167 4015 1351 4086 pmpositum
1375 4018 1500 4074 subruat
1522 4035 1613 4079 causa
1638 4025 1813 4089 moechandi,
1829 4031 1859 4083 et

148 4106 260 4164 mulier
273 4103 430 4161 fornicaria
444 4102 528 4159 illicit
541 4103 606 4160 visu
620 4105 802 4159 amatorem:
818 4106 847 4158 et
862 4101 918 4158 nisi
930 4119 977 4174 pe·
1031 4099 1097 4156 ideo
1110 4115 1215 4157 causas
1238 4105 1318 4175 ipsas
1342 4105 1438 4177 primo
1462 4108 1562 4182 lugere
1576 4116 1606 4167 ct
1618 4113 1710 4170 vitare
1726 4115 1853 4172 debetis.

148 4195 297 4252 tutantem
320 4192 455 4248 obtutum
483 4191 591 4248 mentis
616 4189 767 4262 animique
795 4206 975 4263 compescas,
1030 4187 1094 4244 Non
1104 4188 1257 4248 visamore
1268 4193 1425 4264 capitNoli
1439 4196 1468 4251 in
1480 4198 1608 4269 speciem
1619 4202 1752 4259 mulieris
1763 4203 1857 4258 inten-

148 4300 233 4342 mors
248 4280 412 4355 ingreditur
432 4297 484 4352 per
506 4279 674 4337 fenestram.
691 4277 755 4334 Non
770 4280 815 4334 est
829 4277 977 4336 desidiosa
1030 4277 1109 4347 dere,
1126 4277 1195 4351 quia
1209 4280 1285 4336 oculi
1301 4282 1344 4337 tui
1361 4284 1412 4354 qui
1436 4301 1504 4340 oum
1527 4287 1653 4344 viderint
1669 4290 1806 4362 alienam,
1822 4314 1856 4356 os

147 4369 315 4447 petulantia
344 4367 515 4431 meretricis.
545 4385 603 4424 non
632 4367 726 4423 otiosa
752 4364 881 4435 lascivia,
911 4383 975 4438 que
1029 4366 1267 4440 tuumloquetur
1282 4374 1545 4445 perversa,etjaces
1560 4380 1702 4451 tanquam
1724 4381 1755 4437 in
1770 4385 1856 4444 corde

147 4461 222 4519 lacit
241 4461 385 4532 juvenum
408 4457 505 4514 volare
528 4457 616 4514 corda
640 4472 647 4512 :
673 4459 707 4512 ut
729 4454 845 4528 proprie
868 4457 976 4515 mentis
1030 4455 1131 4523 maris,
1148 4460 1177 4513 et
1190 4457 1267 4513 sieut
1280 4459 1459 4531 gubernator
1472 4462 1502 4517 in
1519 4481 1626 4538 magno
1640 4469 1771 4527 turbine.
1792 4475 1853 4530 Ma-

148 4551 300 4624 nequeant
324 4552 420 4604 tenere
446 4546 653 4612 constantiam,
670 4549 699 4600 et
721 4543 779 4600 huo
802 4547 890 4616 atque
905 4543 975 4603 illuc
991 4578 1015 4644 D
1030 4559 1119 4617 guam
1130 4545 1207 4602 enim
1219 4545 1331 4602 fociant
1340 4551 1543 4621 tempestatem
1556 4553 1762 4616 multitudines
1771 4563 1854 4635 cupi·

147 4638 261 4697 fervido
280 4651 379 4693 amore
397 4635 559 4709 rapiantur.
585 4633 659 4691 Cave
680 4649 749 4706 ergo
772 4632 976 4704 hujuscemodi
1031 4632 1168 4702 ditatum,
1193 4651 1258 4706 qus
1271 4635 1351 4692 velut
1364 4639 1492 4709 quodam
1515 4643 1545 4696 in
1569 4643 1641 4699 freto
1657 4649 1788 4719 corporis
1803 4667 1854 4705 na-

153 4726 322 4794 mulierem,
337 4741 402 4798 que
426 4722 551 4798 pedibus
574 4739 632 4779 non
644 4720 778 4795 quiescit,
793 4720 864 4778 ioris
889 4727 975 4792 errat,
1030 4721 1179 4794 vigentem
1193 4721 1262 4778 hinc
1276 4727 1363 4797 atque
1378 4725 1446 4782 inde
1461 4731 1645 4800 perturbant,
1661 4740 1694 4788 ut
1708 4736 1855 4807 guberna·

144 4815 307 4874 insidiatur
321 4829 373 4886 per
393 4811 531 4886 angulos,
546 4811 641 4869 oculis
663 4809 746 4884 ligat,
761 4809 858 4867 verbis
881 4809 974 4879 illicit,
1031 4809 1137 4866 tersui
1151 4810 1269 4866 animus
1291 4827 1356 4869 esse
1380 4831 1438 4870 non
1460 4818 1563 4888 possit,
1579 4819 1656 4875 diem
1683 4837 1716 4876 ac
1739 4825 1852 4879 noctem

145 4903 261 4962 institis
274 4901 384 4959 lectum
399 4899 503 4958 intexit
524 4915 624 4967 saum,
641 4904 670 4957 et
682 4897 790 4973 tapetis
804 4898 840 4955 ab
857 4898 976 4974 AEgypto
1031 4897 1154 4972 caligine
1169 4901 1278 4956 amoris
1289 4900 1428 4974 ignorans
1443 4905 1494 4977 (ὓ).

148 4992 273 5051 stratis:
290 5007 384 5063 neque
398 4989 477 5047 enim
492 4989 529 5046 de
543 4987 719 5062 cogitatione
742 4987 850 5056 divina,
866 4989 916 5044 sod
941 4989 976 5046 de
1068 4989 1110 5043 18.
1126 4987 1224 5044 Oculis
1239 4989 1329 5062 igitur
1351 4991 1494 5048 excitatur
1519 4994 1618 5063 libido,
1636 4996 1686 5051 aed
1713 4997 1853 5055 ebrietate

148 5079 284 5139 seculari
298 5077 444 5147 illecebra,
461 5077 588 5134 assumit
605 5080 742 5134 ornatum
759 5093 766 5132 ε
783 5092 846 5149 qua
871 5077 976 5134 merito
1032 5077 1229 5134 succenditur.
1249 5079 1352 5137 Omnis
1372 5081 1452 5138 euim
1472 5083 1606 5139 ebriosus
1630 5089 1659 5139 et
1683 5085 1851 5154 fornicator,

147 5170 247 5226 virum
262 5183 351 5225 suum
365 5165 437 5224 dicit
456 5168 619 5234 absentem,
633 5164 773 5238 quoniam
798 5180 856 5221 non
882 5169 977 5238 potest
1030 5181 1143 5239 pauper
1155 5167 1275 5225 tiethc
1290 5169 1393 5226 libide
1408 5171 1538 5242 potentia
1548 5171 1709 5228 blandiaris
1719 5159 1858 5245 potandi.

148 5309 228 5438 aql)
244 5309 314 5366 llas.
331 5307 443 5382 plures,
456 5307 504 5365 aed
517 5307 553 5364 od
567 5308 666 5364 vitiam
687 5314 743 5369 esa·
766 5305 831 5361 lira.
848 5309 878 5362 et
894 5305 975 5374 (titt,
1029 5307 1073 5364 Ad
1088 5307 1163 5364 hanc
1178 5309 1295 5382 quidem
1311 5310 1421 5366 accedit
1433 5311 1538 5438 Vulq..
1554 5329 1618 5385 qne
1633 5313 1851 5388 hahetpradm-

211 5381 247 5438 cd
258 5383 358 5438 vitiam
372 5379 530 5453 appetibilia
543 5383 602 5441 est:
617 5377 682 5434 Gitl.
697 5377 726 5433 in
741 5392 876 5448 mergae
891 5376 974 5434 Rom.
1030 5381 1099 5434 tiam
1113 5397 1178 5435 noco
1194 5383 1311 5436 amicam
1326 5385 1413 5447 tuom,
1428 5381 1478 5436 nbi
1519 5383 1565 5440 XX
1586 5387 1728 5454 scribunt,
1751 5399 1798 5456 erp
1825 5397 1851 5447 tt

148 5453 221 5510 edit.
238 5452 268 5508 in
284 5468 415 5525 corpore,
431 5451 509 5508 sicut
522 5453 551 5507 et
565 5465 637 5506 mss.
653 5449 775 5516 Theod„
789 5447 836 5504 aed
848 5450 928 5520 sortis
941 5449 977 5506 od
1030 5449 1147 5514 φρόνησιν
1161 5451 1282 5515 γνώριμον
1296 5455 1452 5515 περιποιῆσαι
1466 5457 1571 5518 σεαυτῷ.

148 5525 261 5582 vitium.
277 5523 345 5588 Qua
360 5521 445 5579 lectio
459 5521 574 5578 videtur
588 5519 653 5577 aliis
666 5519 855 5592 preferenda.
1065 5523 1104 5594 (6)
1118 5522 1197 5578 Edit.
1216 5538 1249 5577 ac
1262 5538 1336 5578 mss.
1354 5521 1477 5594 aliquot,
1492 5524 1538 5581 die
1559 5542 1591 5582 uc
1613 5533 1690 5585 nocte
1702 5530 1851 5602 caliginem

186 5595 227 5667 (5)
249 5594 295 5650 Sic
320 5611 423 5652 omncs
445 5610 517 5652 mss.
544 5595 632 5666 atque
654 5589 724 5647 edit.
749 5589 813 5648 llra.
844 5595 873 5648 et
895 5589 973 5664 Gill.;
1030 5595 1132 5650 omorio
1146 5596 1286 5666 ignorans.
1303 5593 1408 5649 Melius
1422 5611 1494 5651 mss.
1509 5596 1636 5667 theod„
1652 5599 1845 5670 Dion.,Golb,

149 5666 238 5730 Rom.
254 5681 331 5742 vero,
343 5665 530 5744 priuatam,
545 5663 767 5746 togatumne
780 5663 832 5728 titi
845 5664 973 5728 omnam.
1029 5669 1060 5728 at
1072 5664 1163 5740 Mac„
1176 5671 1280 5724 omem
1291 5664 1327 5725 aa
1340 5664 1414 5729 dem
1426 5665 1555 5742 calipius,
1571 5674 1629 5732 etc.
