<?xml version="1.0" encoding="UTF-8"?>
<!DOCTYPE html PUBLIC "-//W3C//DTD XHTML 1.0 Transitional//EN"
    "http://www.w3.org/TR/xhtml1/DTD/xhtml1-transitional.dtd">
<html xmlns="http://www.w3.org/1999/xhtml" xml:lang="en" lang="en">
 <head>
  <title>
</title>
<meta http-equiv="Content-Type" content="text/html;charset=utf-8" />
  <meta name='ocr-system' content='tesseract 3.04.00' />
  <meta name='ocr-capabilities' content='ocr_page ocr_carea ocr_par ocr_line ocrx_word'/>
</head>
<body>
  <div class='ocr_page' id='page_1' title='image "./patrologiaecurs31goog/patrologiaecurs31goog_0217.png"; bbox 0 0 4159 6184; ppageno 0'>
   <div class='ocr_carea' id='block_1_1' title="bbox 148 312 1858 407">
    <p class='ocr_par' dir='ltr' id='par_1_1' title="bbox 148 312 1858 407">
     <span class='ocr_line' id='line_1_1' title="bbox 148 312 1858 407; baseline -0.004 -2"><span class='ocrx_word' id='word_1_1' title='bbox 148 344 202 407; x_wconf 78' lang='lat' dir='ltr'>irs</span> <span class='ocrx_word' id='word_1_2' title='bbox 757 345 873 407; x_wconf 78' lang='lat' dir='ltr'>crasa</span> <span class='ocrx_word' id='word_1_3' title='bbox 895 344 946 404; x_wconf 85' lang='lat' dir='ltr'>nn</span> <span class='ocrx_word' id='word_1_4' title='bbox 969 344 1047 405; x_wconf 84' lang='lat' dir='ltr'>uos</span> <span class='ocrx_word' id='word_1_5' title='bbox 1069 346 1120 406; x_wconf 85' lang='lat' dir='ltr'>ur</span> <span class='ocrx_word' id='word_1_6' title='bbox 1142 346 1256 406; x_wconf 71' lang='lat' dir='ltr'>aaut.</span> <span class='ocrx_word' id='word_1_7' title='bbox 1797 312 1858 403; x_wconf 77' lang='lat' dir='ltr'>irs</span> 
     </span>
    </p>
   </div>
   <div class='ocr_carea' id='block_1_2' title="bbox 65 475 1918 3392">
    <p class='ocr_par' dir='ltr' id='par_1_2' title="bbox 65 475 1918 3312">
     <span class='ocr_line' id='line_1_2' title="bbox 177 475 1861 550; baseline 0.002 -17"><span class='ocrx_word' id='word_1_8' title='bbox 177 478 222 534; x_wconf 84' lang='lat'>93.</span> <span class='ocrx_word' id='word_1_9' title='bbox 243 475 344 536; x_wconf 78' lang='lat' dir='ltr'>Altior</span> <span class='ocrx_word' id='word_1_10' title='bbox 359 480 460 535; x_wconf 88' lang='lat' dir='ltr'>autom</span> <span class='ocrx_word' id='word_1_11' title='bbox 475 492 584 535; x_wconf 85' lang='lat' dir='ltr'>sensas</span> <span class='ocrx_word' id='word_1_12' title='bbox 598 478 741 535; x_wconf 77' lang='lat' dir='ltr'>delectare</span> <span class='ocrx_word' id='word_1_13' title='bbox 756 483 785 534; x_wconf 93' lang='lat' dir='ltr'>te</span> <span class='ocrx_word' id='word_1_14' title='bbox 807 477 904 548; x_wconf 89' lang='lat' dir='ltr'>debet,</span> <span class='ocrx_word' id='word_1_15' title='bbox 929 475 980 549; x_wconf 94' lang='lat' dir='ltr'>qui</span> <span class='ocrx_word' id='word_1_16' title='bbox 995 478 1021 543; x_wconf 74' lang='grc' dir='ltr'>Α</span> <span class='ocrx_word' id='word_1_17' title='bbox 1037 476 1241 550; x_wconf 73' lang='lat' dir='ltr'>germanitatis</span> <span class='ocrx_word' id='word_1_18' title='bbox 1256 494 1314 535; x_wconf 91' lang='lat' dir='ltr'>non</span> <span class='ocrx_word' id='word_1_19' title='bbox 1330 477 1546 534; x_wconf 83' lang='lat' dir='ltr'>obliviscuntur</span> <span class='ocrx_word' id='word_1_20' title='bbox 1558 477 1705 535; x_wconf 80' lang='lat' dir='ltr'>attentum.</span> <span class='ocrx_word' id='word_1_21' title='bbox 1722 476 1787 533; x_wconf 87' lang='lat' dir='ltr'>Ideo</span> <span class='ocrx_word' id='word_1_22' title='bbox 1798 488 1861 546; x_wconf 68' lang='lat' dir='ltr'>grt-</span> 
     </span>
     <span class='ocr_line' id='line_1_3' title="bbox 149 558 1861 643; baseline -0.006 -16"><span class='ocrx_word' id='word_1_23' title='bbox 149 566 295 643; x_wconf 87' lang='lat' dir='ltr'>signidcst</span> <span class='ocrx_word' id='word_1_24' title='bbox 320 565 497 640; x_wconf 86' lang='lat' dir='ltr'>sanguinem</span> <span class='ocrx_word' id='word_1_25' title='bbox 525 568 658 625; x_wconf 90' lang='lat' dir='ltr'>animam</span> <span class='ocrx_word' id='word_1_26' title='bbox 677 567 745 624; x_wconf 90' lang='lat' dir='ltr'>ideo</span> <span class='ocrx_word' id='word_1_27' title='bbox 758 566 883 633; x_wconf 90' lang='lat' dir='ltr'>dictum,</span> <span class='ocrx_word' id='word_1_28' title='bbox 908 564 978 638; x_wconf 91' lang='lat' dir='ltr'>quia</span> <span class='ocrx_word' id='word_1_29' title='bbox 1035 565 1100 623; x_wconf 91' lang='lat' dir='ltr'>vius</span> <span class='ocrx_word' id='word_1_30' title='bbox 1115 565 1203 622; x_wconf 91' lang='lat' dir='ltr'>homo</span> <span class='ocrx_word' id='word_1_31' title='bbox 1218 569 1318 638; x_wconf 86' lang='lat' dir='ltr'>peccat</span> <span class='ocrx_word' id='word_1_32' title='bbox 1332 565 1382 638; x_wconf 91' lang='lat' dir='ltr'>qui</span> <span class='ocrx_word' id='word_1_33' title='bbox 1408 565 1490 621; x_wconf 83' lang='lat' dir='ltr'>tratri</span> <span class='ocrx_word' id='word_1_34' title='bbox 1512 565 1687 625; x_wconf 89' lang='lat' dir='ltr'>insidiatur:</span> <span class='ocrx_word' id='word_1_35' title='bbox 1711 567 1740 623; x_wconf 90' lang='lat' dir='ltr'>et</span> <span class='ocrx_word' id='word_1_36' title='bbox 1762 558 1861 622; x_wconf 91' lang='lat' dir='ltr'>Dcmi-</span> 
     </span>
     <span class='ocr_line' id='line_1_4' title="bbox 147 651 1859 733; baseline -0.009 -15"><span class='ocrx_word' id='word_1_37' title='bbox 147 657 266 733; x_wconf 87' lang='lat' dir='ltr'>sanguis</span> <span class='ocrx_word' id='word_1_38' title='bbox 281 654 398 714; x_wconf 87' lang='lat' dir='ltr'>calidus</span> <span class='ocrx_word' id='word_1_39' title='bbox 414 659 443 712; x_wconf 87' lang='lat' dir='ltr'>et</span> <span class='ocrx_word' id='word_1_40' title='bbox 457 655 572 729; x_wconf 88' lang='lat' dir='ltr'>ignitus</span> <span class='ocrx_word' id='word_1_41' title='bbox 584 664 641 728; x_wconf 84' lang='lat' dir='ltr'>est,</span> <span class='ocrx_word' id='word_1_42' title='bbox 657 654 899 713; x_wconf 83' lang='lat' dir='ltr'>sicutestvirtus.</span> <span class='ocrx_word' id='word_1_43' title='bbox 912 652 979 719; x_wconf 87' lang='lat' dir='ltr'>Qui·</span> <span class='ocrx_word' id='word_1_44' title='bbox 1036 671 1093 711; x_wconf 90' lang='lat' dir='ltr'>nus</span> <span class='ocrx_word' id='word_1_45' title='bbox 1114 654 1242 711; x_wconf 87' lang='lat' dir='ltr'>severius</span> <span class='ocrx_word' id='word_1_46' title='bbox 1257 654 1475 711; x_wconf 80' lang='lat' dir='ltr'>vindicaturum</span> <span class='ocrx_word' id='word_1_47' title='bbox 1485 671 1516 712; x_wconf 89' lang='lat' dir='ltr'>se</span> <span class='ocrx_word' id='word_1_48' title='bbox 1531 651 1859 728; x_wconf 87' lang='lat' dir='ltr'>essepromisitdicens:</span> 
     </span>
     <span class='ocr_line' id='line_1_5' title="bbox 147 740 1864 821; baseline -0.008 -14"><span class='ocrx_word' id='word_1_49' title='bbox 147 763 259 821; x_wconf 86' lang='lat' dir='ltr'>cunque</span> <span class='ocrx_word' id='word_1_50' title='bbox 274 745 369 819; x_wconf 87' lang='lat' dir='ltr'>igitur</span> <span class='ocrx_word' id='word_1_51' title='bbox 390 744 489 801; x_wconf 91' lang='lat' dir='ltr'>studio</span> <span class='ocrx_word' id='word_1_52' title='bbox 514 745 606 804; x_wconf 84' lang='lat' dir='ltr'>fuerit</span> <span class='ocrx_word' id='word_1_53' title='bbox 628 744 746 802; x_wconf 84' lang='lat' dir='ltr'>virtutis</span> <span class='ocrx_word' id='word_1_54' title='bbox 764 758 919 809; x_wconf 76' lang='lat' dir='ltr'>accensus,</span> <span class='ocrx_word' id='word_1_55' title='bbox 949 744 979 797; x_wconf 86' lang='lat' dir='ltr'>et</span> <span class='ocrx_word' id='word_1_56' title='bbox 1038 742 1208 815; x_wconf 73' lang='lat' dir='ltr'>Sanguinem</span> <span class='ocrx_word' id='word_1_57' title='bbox 1222 744 1342 801; x_wconf 80' lang='lat' dir='ltr'>hominis</span> <span class='ocrx_word' id='word_1_58' title='bbox 1357 743 1389 800; x_wconf 87' lang='lat' dir='ltr'>de</span> <span class='ocrx_word' id='word_1_59' title='bbox 1403 760 1487 799; x_wconf 84' lang='lat' dir='ltr'>manu</span> <span class='ocrx_word' id='word_1_60' title='bbox 1508 746 1607 817; x_wconf 72' lang='lat' dir='ltr'>frotm&#39;s</span> <span class='ocrx_word' id='word_1_61' title='bbox 1630 745 1689 816; x_wconf 79' lang='lat' dir='ltr'>ejus</span> <span class='ocrx_word' id='word_1_62' title='bbox 1716 740 1864 813; x_wconf 76' lang='lat' dir='ltr'>acquiram</span> 
     </span>
     <span class='ocr_line' id='line_1_6' title="bbox 146 829 1859 912; baseline -0.008 -16"><span class='ocrx_word' id='word_1_63' title='bbox 146 852 280 912; x_wconf 82' lang='lat' dir='ltr'>saporem</span> <span class='ocrx_word' id='word_1_64' title='bbox 293 834 394 892; x_wconf 89' lang='lat' dir='ltr'>laudis</span> <span class='ocrx_word' id='word_1_65' title='bbox 404 834 615 907; x_wconf 72' lang='lat' dir='ltr'>assumpserit,</span> <span class='ocrx_word' id='word_1_66' title='bbox 627 832 857 892; x_wconf 86' lang='lat' dir='ltr'>omnesdelieias</span> <span class='ocrx_word' id='word_1_67' title='bbox 867 829 978 887; x_wconf 72' lang='lat' dir='ltr'>ventus</span> <span class='ocrx_word' id='word_1_68' title='bbox 1034 832 1138 904; x_wconf 80' lang='lat' dir='ltr'>(thid).</span> <span class='ocrx_word' id='word_1_69' title='bbox 1155 837 1199 889; x_wconf 84' lang='lat' dir='ltr'>An</span> <span class='ocrx_word' id='word_1_70' title='bbox 1217 850 1274 889; x_wconf 89' lang='lat' dir='ltr'>non</span> <span class='ocrx_word' id='word_1_71' title='bbox 1291 833 1380 889; x_wconf 82' lang='lat' dir='ltr'>trater</span> <span class='ocrx_word' id='word_1_72' title='bbox 1393 836 1437 889; x_wconf 89' lang='lat' dir='ltr'>est</span> <span class='ocrx_word' id='word_1_73' title='bbox 1453 849 1539 905; x_wconf 88' lang='lat' dir='ltr'>quem</span> <span class='ocrx_word' id='word_1_74' title='bbox 1551 830 1735 891; x_wconf 87' lang='lat' dir='ltr'>rationabilis</span> <span class='ocrx_word' id='word_1_75' title='bbox 1746 833 1859 887; x_wconf 78' lang='lat' dir='ltr'>natura</span> 
     </span>
     <span class='ocr_line' id='line_1_7' title="bbox 145 917 1860 997; baseline -0.009 -11"><span class='ocrx_word' id='word_1_76' title='bbox 145 925 281 987; x_wconf 80' lang='lat' dir='ltr'>excludit.</span> <span class='ocrx_word' id='word_1_77' title='bbox 299 926 344 981; x_wconf 84' lang='lat' dir='ltr'>Da</span> <span class='ocrx_word' id='word_1_78' title='bbox 358 922 450 997; x_wconf 88' lang='lat' dir='ltr'>igitur</span> <span class='ocrx_word' id='word_1_79' title='bbox 464 923 754 995; x_wconf 80' lang='lat' dir='ltr'>cogitationumque</span> <span class='ocrx_word' id='word_1_80' title='bbox 768 924 839 979; x_wconf 91' lang='lat' dir='ltr'>sunt</span> <span class='ocrx_word' id='word_1_81' title='bbox 848 917 979 976; x_wconf 87' lang='lat' dir='ltr'>carnalia</span> <span class='ocrx_word' id='word_1_82' title='bbox 1033 920 1155 993; x_wconf 87' lang='lat' dir='ltr'>quidam</span> <span class='ocrx_word' id='word_1_83' title='bbox 1169 924 1269 979; x_wconf 90' lang='lat' dir='ltr'>uterus</span> <span class='ocrx_word' id='word_1_84' title='bbox 1284 921 1395 989; x_wconf 79' lang='lat' dir='ltr'>effudit,</span> <span class='ocrx_word' id='word_1_85' title='bbox 1412 926 1441 978; x_wconf 90' lang='lat' dir='ltr'>et</span> <span class='ocrx_word' id='word_1_86' title='bbox 1455 922 1586 993; x_wconf 87' lang='lat' dir='ltr'>ejusdcm</span> <span class='ocrx_word' id='word_1_87' title='bbox 1599 920 1702 977; x_wconf 88' lang='lat' dir='ltr'>matris</span> <span class='ocrx_word' id='word_1_88' title='bbox 1713 917 1799 977; x_wconf 87' lang='lat' dir='ltr'>nohis</span> <span class='ocrx_word' id='word_1_89' title='bbox 1810 928 1860 990; x_wconf 84' lang='lat' dir='ltr'>ga·</span> 
     </span>
     <span class='ocr_line' id='line_1_8' title="bbox 151 1004 1859 1092; baseline -0.011 -15"><span class='ocrx_word' id='word_1_90' title='bbox 151 1027 236 1092; x_wconf 89' lang='lat' dir='ltr'>atque</span> <span class='ocrx_word' id='word_1_91' title='bbox 249 1019 382 1081; x_wconf 84' lang='lat' dir='ltr'>terrena,</span> <span class='ocrx_word' id='word_1_92' title='bbox 395 1011 426 1067; x_wconf 90' lang='lat' dir='ltr'>in</span> <span class='ocrx_word' id='word_1_93' title='bbox 439 1011 571 1082; x_wconf 82' lang='lat' dir='ltr'>virtutis,</span> <span class='ocrx_word' id='word_1_94' title='bbox 588 1010 695 1086; x_wconf 89' lang='lat' dir='ltr'>inquit,</span> <span class='ocrx_word' id='word_1_95' title='bbox 711 1010 815 1068; x_wconf 86' lang='lat' dir='ltr'>ardore</span> <span class='ocrx_word' id='word_1_96' title='bbox 830 1006 919 1080; x_wconf 91' lang='lat' dir='ltr'>positi</span> <span class='ocrx_word' id='word_1_97' title='bbox 934 1022 978 1062; x_wconf 90' lang='lat' dir='ltr'>re-</span> <span class='ocrx_word' id='word_1_98' title='bbox 1033 1008 1146 1065; x_wconf 89' lang='lat' dir='ltr'>nerutio</span> <span class='ocrx_word' id='word_1_99' title='bbox 1162 1008 1333 1081; x_wconf 78' lang='lat' dir='ltr'>copulavit?</span> <span class='ocrx_word' id='word_1_100' title='bbox 1357 1010 1466 1066; x_wconf 76' lang='lat' dir='ltr'>Eadem</span> <span class='ocrx_word' id='word_1_101' title='bbox 1486 1010 1565 1066; x_wconf 88' lang='lat' dir='ltr'>enim</span> <span class='ocrx_word' id='word_1_102' title='bbox 1590 1012 1696 1065; x_wconf 88' lang='lat' dir='ltr'>natura</span> <span class='ocrx_word' id='word_1_103' title='bbox 1723 1004 1859 1066; x_wconf 88' lang='lat' dir='ltr'>omnium</span> 
     </span>
     <span class='ocr_line' id='line_1_9' title="bbox 142 1094 1862 1181; baseline -0.01 -17"><span class='ocrx_word' id='word_1_104' title='bbox 142 1105 257 1181; x_wconf 85' lang='lat' dir='ltr'>jicietis,</span> <span class='ocrx_word' id='word_1_105' title='bbox 275 1102 362 1177; x_wconf 87' lang='lat' dir='ltr'>quasi</span> <span class='ocrx_word' id='word_1_106' title='bbox 379 1098 523 1159; x_wconf 87' lang='lat' dir='ltr'>inhabilia</span> <span class='ocrx_word' id='word_1_107' title='bbox 537 1100 690 1173; x_wconf 84' lang='lat' dir='ltr'>spirituaii</span> <span class='ocrx_word' id='word_1_108' title='bbox 704 1098 779 1155; x_wconf 87' lang='lat' dir='ltr'>ciho.</span> <span class='ocrx_word' id='word_1_109' title='bbox 805 1098 868 1154; x_wconf 90' lang='lat' dir='ltr'>Non</span> <span class='ocrx_word' id='word_1_110' title='bbox 898 1094 979 1153; x_wconf 86' lang='lat' dir='ltr'>enim</span> <span class='ocrx_word' id='word_1_111' title='bbox 1034 1103 1129 1154; x_wconf 88' lang='lat' dir='ltr'>mater</span> <span class='ocrx_word' id='word_1_112' title='bbox 1141 1100 1186 1155; x_wconf 89' lang='lat' dir='ltr'>est</span> <span class='ocrx_word' id='word_1_113' title='bbox 1200 1098 1373 1168; x_wconf 77' lang='lat' dir='ltr'>homiuum3</span> <span class='ocrx_word' id='word_1_114' title='bbox 1391 1101 1419 1153; x_wconf 90' lang='lat' dir='ltr'>et</span> <span class='ocrx_word' id='word_1_115' title='bbox 1433 1098 1496 1155; x_wconf 91' lang='lat' dir='ltr'>ideo</span> <span class='ocrx_word' id='word_1_116' title='bbox 1511 1100 1618 1155; x_wconf 84' lang='lat' dir='ltr'>tratres</span> <span class='ocrx_word' id='word_1_117' title='bbox 1629 1112 1732 1154; x_wconf 90' lang='lat' dir='ltr'>sumus</span> <span class='ocrx_word' id='word_1_118' title='bbox 1746 1106 1862 1156; x_wconf 86' lang='lat' dir='ltr'>omnes,</span> 
     </span>
     <span class='ocr_line' id='line_1_10' title="bbox 143 1183 1918 1269; baseline -0.011 -15"><span class='ocrx_word' id='word_1_119' title='bbox 143 1210 257 1253; x_wconf 88' lang='lat' dir='ltr'>carnem</span> <span class='ocrx_word' id='word_1_120' title='bbox 274 1190 487 1261; x_wconf 76' lang='lat' dir='ltr'><strong>manducabat,</strong></span> <span class='ocrx_word' id='word_1_121' title='bbox 513 1188 575 1247; x_wconf 90' lang='lat' dir='ltr'>hoc</span> <span class='ocrx_word' id='word_1_122' title='bbox 603 1194 658 1257; x_wconf 86' lang='lat' dir='ltr'>est,</span> <span class='ocrx_word' id='word_1_123' title='bbox 683 1192 833 1245; x_wconf 88' lang='lat' dir='ltr'>terrenum</span> <span class='ocrx_word' id='word_1_124' title='bbox 857 1184 978 1257; x_wconf 86' lang='lat' dir='ltr'><strong>aliquod</strong></span> <span class='ocrx_word' id='word_1_125' title='bbox 1034 1204 1094 1243; x_wconf 88' lang='lat' dir='ltr'>una</span> <span class='ocrx_word' id='word_1_126' title='bbox 1110 1190 1197 1259; x_wconf 86' lang='lat' dir='ltr'>atquo</span> <span class='ocrx_word' id='word_1_127' title='bbox 1215 1188 1318 1245; x_wconf 89' lang='lat' dir='ltr'>eadem</span> <span class='ocrx_word' id='word_1_128' title='bbox 1333 1192 1427 1243; x_wconf 88' lang='lat' dir='ltr'>matre</span> <span class='ocrx_word' id='word_1_129' title='bbox 1449 1187 1591 1260; x_wconf 85' lang='lat' dir='ltr'>generati,</span> <span class='ocrx_word' id='word_1_130' title='bbox 1616 1183 1865 1259; x_wconf 78' lang='lat' dir='ltr'>cognationisque</span> <span class='ocrx_word' id='word_1_131' title='bbox 1912 1260 1918 1269; x_wconf 44' lang='lat'>,</span> 
     </span>
     <span class='ocr_line' id='line_1_11' title="bbox 142 1276 1366 1358; baseline -0.009 -16"><span class='ocrx_word' id='word_1_132' title='bbox 142 1284 297 1358; x_wconf 85' lang='lat' dir='ltr'>cogitabat,</span> <span class='ocrx_word' id='word_1_133' title='bbox 315 1280 367 1355; x_wconf 93' lang='lat' dir='ltr'>qui</span> <span class='ocrx_word' id='word_1_134' title='bbox 382 1278 473 1335; x_wconf 84' lang='lat' dir='ltr'>dixit:</span> <span class='ocrx_word' id='word_1_135' title='bbox 493 1277 574 1336; x_wconf 72' lang='lat' dir='ltr'>Deru</span> <span class='ocrx_word' id='word_1_136' title='bbox 588 1279 666 1335; x_wconf 70' lang='lat' dir='ltr'>miris</span> <span class='ocrx_word' id='word_1_137' title='bbox 679 1282 728 1346; x_wconf 80' lang='lat' dir='ltr'>est,</span> <span class='ocrx_word' id='word_1_138' title='bbox 749 1285 781 1336; x_wconf 86' lang='lat' dir='ltr'>ct</span> <span class='ocrx_word' id='word_1_139' title='bbox 802 1277 908 1348; x_wconf 75' lang='lat' dir='ltr'>sociam</span> <span class='ocrx_word' id='word_1_140' title='bbox 932 1289 978 1331; x_wconf 85' lang='lat' dir='ltr'>oc·</span> <span class='ocrx_word' id='word_1_141' title='bbox 1033 1278 1136 1335; x_wconf 88' lang='lat' dir='ltr'>ecdem</span> <span class='ocrx_word' id='word_1_142' title='bbox 1146 1278 1215 1349; x_wconf 86' lang='lat' dir='ltr'>jure</span> <span class='ocrx_word' id='word_1_143' title='bbox 1230 1276 1366 1333; x_wconf 88' lang='lat' dir='ltr'>devincti.</span> 
     </span>
     <span class='ocr_line' id='line_1_12' title="bbox 141 1359 1864 1440; baseline -0.01 -9"><span class='ocrx_word' id='word_1_144' title='bbox 141 1368 509 1440; x_wconf 77' lang='lat' dir='ltr'>taatotcmPotrismeiqai</span> <span class='ocrx_word' id='word_1_145' title='bbox 522 1367 563 1423; x_wconf 71' lang='lat' dir='ltr'>in</span> <span class='ocrx_word' id='word_1_146' title='bbox 576 1366 656 1423; x_wconf 76' lang='lat' dir='ltr'>actis</span> <span class='ocrx_word' id='word_1_147' title='bbox 679 1369 718 1422; x_wconf 87' lang='lat' dir='ltr'>est</span> <span class='ocrx_word' id='word_1_148' title='bbox 742 1366 833 1438; x_wconf 78' lang='lat' dir='ltr'>(ioca.</span> <span class='ocrx_word' id='word_1_149' title='bbox 856 1380 895 1430; x_wconf 79' lang='grc' dir='ltr'>ιν,</span> <span class='ocrx_word' id='word_1_150' title='bbox 920 1362 978 1435; x_wconf 73' lang='grc'>34),</span> <span class='ocrx_word' id='word_1_151' title='bbox 1070 1366 1117 1423; x_wconf 78' lang='lat'>95.</span> <span class='ocrx_word' id='word_1_152' title='bbox 1137 1366 1262 1439; x_wconf 84' lang='lat' dir='ltr'>Ideoque</span> <span class='ocrx_word' id='word_1_153' title='bbox 1285 1370 1315 1421; x_wconf 87' lang='lat' dir='ltr'>et</span> <span class='ocrx_word' id='word_1_154' title='bbox 1338 1364 1481 1423; x_wconf 89' lang='lat' dir='ltr'>Dominus</span> <span class='ocrx_word' id='word_1_155' title='bbox 1506 1366 1625 1421; x_wconf 86' lang='lat' dir='ltr'>tratrem</span> <span class='ocrx_word' id='word_1_156' title='bbox 1650 1359 1809 1435; x_wconf 83' lang='lat' dir='ltr'>appellavit</span> <span class='ocrx_word' id='word_1_157' title='bbox 1835 1361 1864 1415; x_wconf 86' lang='lat' dir='ltr'>et</span> 
     </span>
     <span class='ocr_line' id='line_1_13' title="bbox 139 1446 1866 1529; baseline -0.01 -7"><span class='ocrx_word' id='word_1_158' title='bbox 139 1462 237 1523; x_wconf 84' lang='lat' dir='ltr'>studia</span> <span class='ocrx_word' id='word_1_159' title='bbox 245 1458 421 1519; x_wconf 88' lang='lat' dir='ltr'>hominihus</span> <span class='ocrx_word' id='word_1_160' title='bbox 430 1456 554 1514; x_wconf 82' lang='lat' dir='ltr'>virtutis</span> <span class='ocrx_word' id='word_1_161' title='bbox 568 1454 731 1529; x_wconf 87' lang='lat' dir='ltr'>inspirans,</span> <span class='ocrx_word' id='word_1_162' title='bbox 743 1458 773 1510; x_wconf 90' lang='lat' dir='ltr'>et</span> <span class='ocrx_word' id='word_1_163' title='bbox 782 1451 978 1525; x_wconf 90' lang='lat' dir='ltr'>cupiditatem</span> <span class='ocrx_word' id='word_1_164' title='bbox 1034 1470 1103 1511; x_wconf 89' lang='lat' dir='ltr'>eum</span> <span class='ocrx_word' id='word_1_165' title='bbox 1118 1455 1237 1511; x_wconf 85' lang='lat' dir='ltr'>tratrem</span> <span class='ocrx_word' id='word_1_166' title='bbox 1252 1470 1270 1509; x_wconf 86' lang='lat' dir='ltr'>a</span> <span class='ocrx_word' id='word_1_167' title='bbox 1284 1470 1341 1527; x_wconf 91' lang='lat' dir='ltr'>quo</span> <span class='ocrx_word' id='word_1_168' title='bbox 1357 1454 1477 1527; x_wconf 87' lang='lat' dir='ltr'>sanguis</span> <span class='ocrx_word' id='word_1_169' title='bbox 1488 1453 1589 1511; x_wconf 81' lang='lat' dir='ltr'>fratris</span> <span class='ocrx_word' id='word_1_170' title='bbox 1598 1451 1762 1525; x_wconf 83' lang='lat' dir='ltr'>exquiritur</span> <span class='ocrx_word' id='word_1_171' title='bbox 1773 1446 1866 1521; x_wconf 85' lang='lat' dir='ltr'>signi·</span> 
     </span>
     <span class='ocr_line' id='line_1_14' title="bbox 138 1536 1866 1623; baseline -0.01 -12"><span class='ocrx_word' id='word_1_172' title='bbox 138 1553 240 1611; x_wconf 75' lang='lat' dir='ltr'>diune</span> <span class='ocrx_word' id='word_1_173' title='bbox 254 1546 445 1623; x_wconf 84' lang='lat' dir='ltr'>cogitationis</span> <span class='ocrx_word' id='word_1_174' title='bbox 459 1545 725 1617; x_wconf 77' lang='lat' dir='ltr'>infundens.Drgo</span> <span class='ocrx_word' id='word_1_175' title='bbox 748 1547 874 1599; x_wconf 81' lang='lat' dir='ltr'>terrene</span> <span class='ocrx_word' id='word_1_176' title='bbox 898 1539 977 1614; x_wconf 90' lang='lat' dir='ltr'>cogi·</span> <span class='ocrx_word' id='word_1_177' title='bbox 1035 1544 1127 1601; x_wconf 83' lang='lat' dir='ltr'>ficana</span> <span class='ocrx_word' id='word_1_178' title='bbox 1136 1543 1230 1617; x_wconf 87' lang='lat' dir='ltr'>magis</span> <span class='ocrx_word' id='word_1_179' title='bbox 1240 1544 1277 1599; x_wconf 91' lang='lat' dir='ltr'>ab</span> <span class='ocrx_word' id='word_1_180' title='bbox 1289 1542 1335 1599; x_wconf 89' lang='lat' dir='ltr'>his</span> <span class='ocrx_word' id='word_1_181' title='bbox 1348 1542 1511 1616; x_wconf 88' lang='lat' dir='ltr'>periculum</span> <span class='ocrx_word' id='word_1_182' title='bbox 1523 1540 1797 1616; x_wconf 87' lang='lat' dir='ltr'>pertimescendum</span> <span class='ocrx_word' id='word_1_183' title='bbox 1813 1536 1866 1610; x_wconf 90' lang='lat' dir='ltr'>qui</span> 
     </span>
     <span class='ocr_line' id='line_1_15' title="bbox 138 1626 1865 1707; baseline -0.01 -6"><span class='ocrx_word' id='word_1_184' title='bbox 138 1642 264 1702; x_wconf 87' lang='lat' dir='ltr'>tationes</span> <span class='ocrx_word' id='word_1_185' title='bbox 276 1641 306 1695; x_wconf 88' lang='lat' dir='ltr'>et</span> <span class='ocrx_word' id='word_1_186' title='bbox 321 1630 559 1707; x_wconf 64' lang='lat' dir='ltr'>incrementat</span> <span class='ocrx_word' id='word_1_187' title='bbox 577 1630 692 1688; x_wconf 58' lang='lat' dir='ltr'>evitat&amp;</span> <span class='ocrx_word' id='word_1_188' title='bbox 707 1633 736 1687; x_wconf 70' lang='lat' dir='ltr'>ei</span> <span class='ocrx_word' id='word_1_189' title='bbox 754 1628 818 1685; x_wconf 63' lang='lat'>⁸1⁰⁸</span> <span class='ocrx_word' id='word_1_190' title='bbox 831 1644 887 1683; x_wconf 74' lang='lat'>11³⁰</span> <span class='ocrx_word' id='word_1_191' title='bbox 907 1644 978 1684; x_wconf 67' lang='grc' dir='ltr'>Μυ-</span> <span class='ocrx_word' id='word_1_192' title='bbox 1033 1632 1163 1691; x_wconf 84' lang='lat' dir='ltr'>fraterno</span> <span class='ocrx_word' id='word_1_193' title='bbox 1179 1632 1235 1691; x_wconf 84' lang='lat' dir='ltr'>sibi</span> <span class='ocrx_word' id='word_1_194' title='bbox 1247 1632 1314 1703; x_wconf 87' lang='lat' dir='ltr'>jure</span> <span class='ocrx_word' id='word_1_195' title='bbox 1338 1630 1495 1689; x_wconf 86' lang='lat' dir='ltr'>socientur.</span> <span class='ocrx_word' id='word_1_196' title='bbox 1523 1630 1597 1687; x_wconf 87' lang='lat' dir='ltr'>Hine</span> <span class='ocrx_word' id='word_1_197' title='bbox 1612 1630 1719 1687; x_wconf 84' lang='lat' dir='ltr'>etenim</span> <span class='ocrx_word' id='word_1_198' title='bbox 1734 1626 1865 1694; x_wconf 79' lang='lat' dir='ltr'>insidiae,</span> 
     </span>
     <span class='ocr_line' id='line_1_16' title="bbox 136 1716 1865 1807; baseline -0.009 -19"><span class='ocrx_word' id='word_1_199' title='bbox 136 1731 235 1807; x_wconf 91' lang='lat' dir='ltr'>guinis</span> <span class='ocrx_word' id='word_1_200' title='bbox 250 1728 407 1785; x_wconf 86' lang='lat' dir='ltr'>hahentur.</span> <span class='ocrx_word' id='word_1_201' title='bbox 424 1723 458 1779; x_wconf 81' lang='lat' dir='ltr'>itt</span> <span class='ocrx_word' id='word_1_202' title='bbox 472 1720 523 1778; x_wconf 88' lang='lat' dir='ltr'>itte</span> <span class='ocrx_word' id='word_1_203' title='bbox 538 1720 675 1777; x_wconf 79' lang='lat' dir='ltr'>eviratus</span> <span class='ocrx_word' id='word_1_204' title='bbox 690 1718 809 1783; x_wconf 84' lang='lat' dir='ltr'>dieitur,</span> <span class='ocrx_word' id='word_1_205' title='bbox 830 1716 880 1789; x_wconf 73' lang='lat' dir='ltr'>qui</span> <span class='ocrx_word' id='word_1_206' title='bbox 906 1732 977 1772; x_wconf 66' lang='lat' dir='ltr'>⁸21ss-</span> <span class='ocrx_word' id='word_1_207' title='bbox 1033 1720 1103 1781; x_wconf 89' lang='lat' dir='ltr'>hinc</span> <span class='ocrx_word' id='word_1_208' title='bbox 1129 1718 1260 1794; x_wconf 87' lang='lat' dir='ltr'>periculo</span> <span class='ocrx_word' id='word_1_209' title='bbox 1275 1720 1474 1792; x_wconf 76' lang='lat' dir='ltr'>frequentiora</span> <span class='ocrx_word' id='word_1_210' title='bbox 1488 1718 1659 1777; x_wconf 87' lang='lat' dir='ltr'>hominihus</span> <span class='ocrx_word' id='word_1_211' title='bbox 1684 1733 1865 1791; x_wconf 89' lang='lat' dir='ltr'>comparan-</span> 
     </span>
     <span class='ocr_line' id='line_1_17' title="bbox 135 1804 1865 1896; baseline -0.01 -18"><span class='ocrx_word' id='word_1_212' title='bbox 135 1819 236 1896; x_wconf 89' lang='lat' dir='ltr'>guinis</span> <span class='ocrx_word' id='word_1_213' title='bbox 248 1814 412 1890; x_wconf 86' lang='lat' dir='ltr'>plurimum</span> <span class='ocrx_word' id='word_1_214' title='bbox 427 1809 580 1874; x_wconf 85' lang='lat' dir='ltr'>amiserit,</span> <span class='ocrx_word' id='word_1_215' title='bbox 597 1806 706 1864; x_wconf 85' lang='lat' dir='ltr'>etenim</span> <span class='ocrx_word' id='word_1_216' title='bbox 720 1804 876 1880; x_wconf 90' lang='lat' dir='ltr'>sanguinis</span> <span class='ocrx_word' id='word_1_217' title='bbox 899 1805 975 1861; x_wconf 84' lang='lat' dir='ltr'>edu·</span> <span class='ocrx_word' id='word_1_218' title='bbox 1034 1814 1094 1875; x_wconf 89' lang='lat' dir='ltr'>tur,</span> <span class='ocrx_word' id='word_1_219' title='bbox 1111 1813 1140 1865; x_wconf 89' lang='lat' dir='ltr'>et</span> <span class='ocrx_word' id='word_1_220' title='bbox 1154 1812 1186 1865; x_wconf 92' lang='lat' dir='ltr'>ut</span> <span class='ocrx_word' id='word_1_221' title='bbox 1200 1806 1338 1881; x_wconf 85' lang='lat' dir='ltr'>specialia</span> <span class='ocrx_word' id='word_1_222' title='bbox 1354 1807 1651 1881; x_wconf 77' lang='lat' dir='ltr'>comprehendamus,</span> <span class='ocrx_word' id='word_1_223' title='bbox 1667 1808 1748 1882; x_wconf 88' lang='lat' dir='ltr'>quod</span> <span class='ocrx_word' id='word_1_224' title='bbox 1764 1806 1865 1862; x_wconf 86' lang='lat' dir='ltr'>tratri-</span> 
     </span>
     <span class='ocr_line' id='line_1_18' title="bbox 136 1893 1867 1979; baseline -0.009 -11"><span class='ocrx_word' id='word_1_225' title='bbox 136 1912 220 1969; x_wconf 89' lang='lat' dir='ltr'>sione</span> <span class='ocrx_word' id='word_1_226' title='bbox 237 1903 379 1979; x_wconf 77' lang='lat' dir='ltr'>frigescit.</span> <span class='ocrx_word' id='word_1_227' title='bbox 395 1897 539 1971; x_wconf 82' lang='lat' dir='ltr'>Quisquis</span> <span class='ocrx_word' id='word_1_228' title='bbox 568 1896 661 1968; x_wconf 87' lang='lat' dir='ltr'>igitur</span> <span class='ocrx_word' id='word_1_229' title='bbox 683 1894 810 1967; x_wconf 85' lang='lat' dir='ltr'>diligens</span> <span class='ocrx_word' id='word_1_230' title='bbox 833 1893 977 1951; x_wconf 87' lang='lat' dir='ltr'>virtutum</span> <span class='ocrx_word' id='word_1_231' title='bbox 1034 1900 1092 1955; x_wconf 87' lang='lat' dir='ltr'>bus</span> <span class='ocrx_word' id='word_1_232' title='bbox 1105 1896 1284 1971; x_wconf 84' lang='lat' dir='ltr'>specialibus</span> <span class='ocrx_word' id='word_1_233' title='bbox 1297 1897 1327 1954; x_wconf 92' lang='lat' dir='ltr'>in</span> <span class='ocrx_word' id='word_1_234' title='bbox 1343 1896 1522 1955; x_wconf 86' lang='lat' dir='ltr'>haereditatis</span> <span class='ocrx_word' id='word_1_235' title='bbox 1537 1896 1679 1955; x_wconf 87' lang='lat' dir='ltr'>divisione</span> <span class='ocrx_word' id='word_1_236' title='bbox 1695 1897 1867 1971; x_wconf 80' lang='lat' dir='ltr'>frequenter</span> 
     </span>
     <span class='ocr_line' id='line_1_19' title="bbox 134 1982 1864 2068; baseline -0.007 -13"><span class='ocrx_word' id='word_1_237' title='bbox 134 2004 192 2068; x_wconf 85' lang='lat' dir='ltr'>est,</span> <span class='ocrx_word' id='word_1_238' title='bbox 207 1997 293 2055; x_wconf 89' lang='lat' dir='ltr'>cibos</span> <span class='ocrx_word' id='word_1_239' title='bbox 306 1982 821 2064; x_wconf 81' lang='lat' dir='ltr'>ahtegatetrejicitcorpornles,nisi</span> <span class='ocrx_word' id='word_1_240' title='bbox 831 1987 977 2054; x_wconf 90' lang='lat' dir='ltr'>quantum</span> <span class='ocrx_word' id='word_1_241' title='bbox 1033 1988 1102 2045; x_wconf 88' lang='lat' dir='ltr'>odiu</span> <span class='ocrx_word' id='word_1_242' title='bbox 1114 1991 1313 2043; x_wconf 88' lang='lat' dir='ltr'>succrescunt.</span> <span class='ocrx_word' id='word_1_243' title='bbox 1332 1985 1440 2043; x_wconf 87' lang='lat' dir='ltr'>Deinde</span> <span class='ocrx_word' id='word_1_244' title='bbox 1450 1986 1476 2042; x_wconf 88' lang='lat' dir='ltr'>si</span> <span class='ocrx_word' id='word_1_245' title='bbox 1487 1986 1568 2043; x_wconf 85' lang='lat' dir='ltr'>tratri</span> <span class='ocrx_word' id='word_1_246' title='bbox 1579 1985 1707 2059; x_wconf 84' lang='lat' dir='ltr'>amplius</span> <span class='ocrx_word' id='word_1_247' title='bbox 1718 1983 1864 2043; x_wconf 82' lang='lat' dir='ltr'>collatum</span> 
     </span>
     <span class='ocr_line' id='line_1_20' title="bbox 65 2068 1862 2153; baseline -0.007 -8"><span class='ocrx_word' id='word_1_248' title='bbox 65 2147 70 2153; x_wconf 74' lang='grc'><strong>,</strong></span> <span class='ocrx_word' id='word_1_249' title='bbox 135 2088 194 2146; x_wconf 81' lang='lat' dir='ltr'>soit</span> <span class='ocrx_word' id='word_1_250' title='bbox 209 2082 285 2142; x_wconf 89' lang='lat' dir='ltr'>satis</span> <span class='ocrx_word' id='word_1_251' title='bbox 295 2095 363 2138; x_wconf 83' lang='lat' dir='ltr'>esse</span> <span class='ocrx_word' id='word_1_252' title='bbox 377 2079 500 2133; x_wconf 81' lang='lat' dir='ltr'>naturae.</span> <span class='ocrx_word' id='word_1_253' title='bbox 517 2071 662 2145; x_wconf 84' lang='lat' dir='ltr'>Quisquis</span> <span class='ocrx_word' id='word_1_254' title='bbox 672 2076 771 2127; x_wconf 87' lang='lat' dir='ltr'>autern</span> <span class='ocrx_word' id='word_1_255' title='bbox 780 2068 976 2142; x_wconf 87' lang='lat' dir='ltr'>negligentior</span> <span class='ocrx_word' id='word_1_256' title='bbox 1034 2076 1121 2133; x_wconf 85' lang='lat' dir='ltr'>tuerit</span> <span class='ocrx_word' id='word_1_257' title='bbox 1136 2093 1152 2131; x_wconf 89' lang='lat' dir='ltr'>a</span> <span class='ocrx_word' id='word_1_258' title='bbox 1167 2075 1349 2148; x_wconf 86' lang='lat' dir='ltr'>parentibus,</span> <span class='ocrx_word' id='word_1_259' title='bbox 1366 2076 1470 2132; x_wconf 86' lang='lat' dir='ltr'>tratres</span> <span class='ocrx_word' id='word_1_260' title='bbox 1485 2074 1535 2131; x_wconf 89' lang='lat' dir='ltr'>atii</span> <span class='ocrx_word' id='word_1_261' title='bbox 1548 2075 1742 2149; x_wconf 82' lang='lat' dir='ltr'>indignantur</span> <span class='ocrx_word' id='word_1_262' title='bbox 1755 2075 1862 2149; x_wconf 87' lang='lat' dir='ltr'>magis,</span> 
     </span>
     <span class='ocr_line' id='line_1_21' title="bbox 134 2157 1862 2247; baseline -0.008 -12"><span class='ocrx_word' id='word_1_263' title='bbox 134 2184 286 2247; x_wconf 89' lang='lat' dir='ltr'>tanquam</span> <span class='ocrx_word' id='word_1_264' title='bbox 296 2166 446 2225; x_wconf 87' lang='lat' dir='ltr'>lubricum</span> <span class='ocrx_word' id='word_1_265' title='bbox 456 2166 488 2219; x_wconf 90' lang='lat' dir='ltr'>et</span> <span class='ocrx_word' id='word_1_266' title='bbox 497 2175 648 2234; x_wconf 88' lang='lat' dir='ltr'>aquosum</span> <span class='ocrx_word' id='word_1_267' title='bbox 656 2157 978 2216; x_wconf 75' lang='lat' dir='ltr'>vitaistiustueritcur·</span> <span class='ocrx_word' id='word_1_268' title='bbox 1031 2171 1061 2223; x_wconf 90' lang='lat' dir='ltr'>et</span> <span class='ocrx_word' id='word_1_269' title='bbox 1074 2165 1199 2239; x_wconf 87' lang='lat' dir='ltr'>gratiam</span> <span class='ocrx_word' id='word_1_270' title='bbox 1216 2181 1233 2221; x_wconf 89' lang='lat' dir='ltr'>a</span> <span class='ocrx_word' id='word_1_271' title='bbox 1247 2164 1418 2237; x_wconf 86' lang='lat' dir='ltr'>parentibus</span> <span class='ocrx_word' id='word_1_272' title='bbox 1433 2160 1569 2236; x_wconf 72' lang='lat' dir='ltr'>coitatam</span> <span class='ocrx_word' id='word_1_273' title='bbox 1579 2164 1735 2237; x_wconf 88' lang='lat' dir='ltr'>parricidio</span> <span class='ocrx_word' id='word_1_274' title='bbox 1746 2166 1862 2223; x_wconf 85' lang='lat' dir='ltr'>auterre</span> 
     </span>
     <span class='ocr_line' id='line_1_22' title="bbox 134 2248 1860 2327; baseline -0.006 -5"><span class='ocrx_word' id='word_1_275' title='bbox 134 2280 214 2325; x_wconf 85' lang='lat' dir='ltr'>sum</span> <span class='ocrx_word' id='word_1_276' title='bbox 228 2261 363 2326; x_wconf 86' lang='lat' dir='ltr'>secutus,</span> <span class='ocrx_word' id='word_1_277' title='bbox 390 2252 475 2327; x_wconf 91' lang='lat' dir='ltr'>quasi</span> <span class='ocrx_word' id='word_1_278' title='bbox 503 2249 627 2307; x_wconf 89' lang='lat' dir='ltr'>amissis</span> <span class='ocrx_word' id='word_1_279' title='bbox 647 2248 781 2322; x_wconf 75' lang='lat' dir='ltr'>vestigiis</span> <span class='ocrx_word' id='word_1_280' title='bbox 802 2248 833 2305; x_wconf 89' lang='lat' dir='ltr'>in</span> <span class='ocrx_word' id='word_1_281' title='bbox 858 2252 976 2307; x_wconf 87' lang='lat' dir='ltr'>uterum</span> <span class='ocrx_word' id='word_1_282' title='bbox 1031 2257 1187 2312; x_wconf 86' lang='lat' dir='ltr'>conantur.</span> <span class='ocrx_word' id='word_1_283' title='bbox 1203 2256 1263 2311; x_wconf 85' lang='lat' dir='ltr'>Ista</span> <span class='ocrx_word' id='word_1_284' title='bbox 1276 2253 1371 2327; x_wconf 88' lang='lat' dir='ltr'>magis</span> <span class='ocrx_word' id='word_1_285' title='bbox 1386 2252 1462 2309; x_wconf 89' lang='lat' dir='ltr'>bellu</span> <span class='ocrx_word' id='word_1_286' title='bbox 1477 2257 1624 2327; x_wconf 88' lang='lat' dir='ltr'>suspecta,</span> <span class='ocrx_word' id='word_1_287' title='bbox 1641 2251 1718 2311; x_wconf 89' lang='lat' dir='ltr'>bella</span> <span class='ocrx_word' id='word_1_288' title='bbox 1733 2270 1793 2313; x_wconf 93' lang='lat' dir='ltr'>non</span> <span class='ocrx_word' id='word_1_289' title='bbox 1817 2255 1860 2313; x_wconf 92' lang='lat' dir='ltr'>ci·</span> 
     </span>
     <span class='ocr_line' id='line_1_23' title="bbox 135 2338 1859 2417; baseline -0.007 -4"><span class='ocrx_word' id='word_1_290' title='bbox 135 2351 254 2413; x_wconf 85' lang='lat' dir='ltr'>decidit</span> <span class='ocrx_word' id='word_1_291' title='bbox 267 2352 298 2406; x_wconf 85' lang='lat' dir='ltr'>et</span> <span class='ocrx_word' id='word_1_292' title='bbox 310 2349 454 2403; x_wconf 77' lang='lat' dir='ltr'>uentrem.</span> <span class='ocrx_word' id='word_1_293' title='bbox 475 2341 581 2413; x_wconf 87' lang='lat' dir='ltr'>ltaque</span> <span class='ocrx_word' id='word_1_294' title='bbox 594 2354 630 2395; x_wconf 89' lang='lat' dir='ltr'>ea</span> <span class='ocrx_word' id='word_1_295' title='bbox 643 2355 707 2410; x_wconf 80' lang='lat' dir='ltr'>qua</span> <span class='ocrx_word' id='word_1_296' title='bbox 719 2341 790 2395; x_wconf 87' lang='lat' dir='ltr'>sant</span> <span class='ocrx_word' id='word_1_297' title='bbox 803 2338 977 2396; x_wconf 72' lang='lat' dir='ltr'>terrenade</span> <span class='ocrx_word' id='word_1_298' title='bbox 1030 2344 1112 2401; x_wconf 84' lang='lat' dir='ltr'>vium</span> <span class='ocrx_word' id='word_1_299' title='bbox 1128 2345 1256 2411; x_wconf 88' lang='lat' dir='ltr'>tantum,</span> <span class='ocrx_word' id='word_1_300' title='bbox 1271 2343 1323 2399; x_wconf 91' lang='lat' dir='ltr'>sed</span> <span class='ocrx_word' id='word_1_301' title='bbox 1338 2341 1522 2415; x_wconf 88' lang='lat' dir='ltr'>singularum</span> <span class='ocrx_word' id='word_1_302' title='bbox 1537 2343 1693 2401; x_wconf 87' lang='lat' dir='ltr'>domorum</span> <span class='ocrx_word' id='word_1_303' title='bbox 1708 2343 1777 2417; x_wconf 86' lang='grc'>(79).</span> <span class='ocrx_word' id='word_1_304' title='bbox 1790 2342 1859 2402; x_wconf 88' lang='lat' dir='ltr'>itlo&#39;s</span> 
     </span>
     <span class='ocr_line' id='line_1_24' title="bbox 135 2425 1855 2509; baseline -0.007 -7"><span class='ocrx_word' id='word_1_305' title='bbox 135 2444 265 2509; x_wconf 86' lang='lat' dir='ltr'>siderat,</span> <span class='ocrx_word' id='word_1_306' title='bbox 287 2436 362 2495; x_wconf 68' lang='lat'>2⁸7</span> <span class='ocrx_word' id='word_1_307' title='bbox 390 2430 448 2488; x_wconf 89' lang='lat' dir='ltr'>cihi</span> <span class='ocrx_word' id='word_1_308' title='bbox 474 2427 602 2487; x_wconf 79' lang='lat' dir='ltr'>caelestis</span> <span class='ocrx_word' id='word_1_309' title='bbox 625 2425 758 2483; x_wconf 88' lang='lat' dir='ltr'>alienus:</span> <span class='ocrx_word' id='word_1_310' title='bbox 783 2426 885 2498; x_wconf 89' lang='lat' dir='ltr'>etqui</span> <span class='ocrx_word' id='word_1_311' title='bbox 917 2444 975 2485; x_wconf 89' lang='lat' dir='ltr'>non</span> <span class='ocrx_word' id='word_1_312' title='bbox 1030 2449 1100 2507; x_wconf 87' lang='lat' dir='ltr'>ergo</span> <span class='ocrx_word' id='word_1_313' title='bbox 1116 2430 1258 2489; x_wconf 86' lang='lat' dir='ltr'>Dominus</span> <span class='ocrx_word' id='word_1_314' title='bbox 1274 2432 1311 2489; x_wconf 90' lang='lat' dir='ltr'>ad</span> <span class='ocrx_word' id='word_1_315' title='bbox 1326 2431 1446 2488; x_wconf 86' lang='lat' dir='ltr'>ultionis</span> <span class='ocrx_word' id='word_1_316' title='bbox 1458 2431 1606 2503; x_wconf 82' lang='lat' dir='ltr'>judiciuin</span> <span class='ocrx_word' id='word_1_317' title='bbox 1621 2433 1855 2508; x_wconf 85' lang='lat' dir='ltr'>comprehendit,</span> 
     </span>
     <span class='ocr_line' id='line_1_25' title="bbox 135 2516 1732 2609; baseline -0.008 -18"><span class='ocrx_word' id='word_1_318' title='bbox 135 2531 240 2609; x_wconf 85' lang='lat' dir='ltr'>possit</span> <span class='ocrx_word' id='word_1_319' title='bbox 253 2528 354 2584; x_wconf 86' lang='lat' dir='ltr'>dicere</span> <span class='ocrx_word' id='word_1_320' title='bbox 370 2539 377 2577; x_wconf 76' lang='grc' dir='ltr'>ε</span> <span class='ocrx_word' id='word_1_321' title='bbox 393 2522 497 2577; x_wconf 80' lang='lat' dir='ltr'>Nostra</span> <span class='ocrx_word' id='word_1_322' title='bbox 510 2518 682 2574; x_wconf 79' lang='lat' dir='ltr'>conuersatio</span> <span class='ocrx_word' id='word_1_323' title='bbox 696 2518 727 2572; x_wconf 80' lang='lat' dir='ltr'>ia</span> <span class='ocrx_word' id='word_1_324' title='bbox 741 2516 816 2572; x_wconf 79' lang='lat' dir='ltr'>eatis</span> <span class='ocrx_word' id='word_1_325' title='bbox 834 2520 875 2572; x_wconf 83' lang='lat' dir='ltr'>est</span> <span class='ocrx_word' id='word_1_326' title='bbox 897 2518 974 2589; x_wconf 73' lang='lat' dir='ltr'>(Piu-</span> <span class='ocrx_word' id='word_1_327' title='bbox 1030 2538 1106 2596; x_wconf 88' lang='lat' dir='ltr'>quos</span> <span class='ocrx_word' id='word_1_328' title='bbox 1122 2520 1215 2595; x_wconf 88' lang='lat' dir='ltr'>magis</span> <span class='ocrx_word' id='word_1_329' title='bbox 1231 2520 1421 2577; x_wconf 89' lang='lat' dir='ltr'>insidiaturos</span> <span class='ocrx_word' id='word_1_330' title='bbox 1436 2519 1492 2577; x_wconf 90' lang='lat' dir='ltr'>sibi</span> <span class='ocrx_word' id='word_1_331' title='bbox 1509 2535 1573 2577; x_wconf 90' lang='lat' dir='ltr'>essa</span> <span class='ocrx_word' id='word_1_332' title='bbox 1588 2523 1732 2595; x_wconf 83' lang='lat' dir='ltr'>cognovit.</span> 
     </span>
     <span class='ocr_line' id='line_1_26' title="bbox 134 2605 1855 2695; baseline -0.002 -21"><span class='ocrx_word' id='word_1_333' title='bbox 134 2614 350 2695; x_wconf 75' lang='lat' dir='ltr'>tipp.1rr,20.)</span> <span class='ocrx_word' id='word_1_334' title='bbox 374 2610 500 2681; x_wconf 89' lang='lat' dir='ltr'>Ideoque</span> <span class='ocrx_word' id='word_1_335' title='bbox 527 2610 561 2662; x_wconf 91' lang='lat' dir='ltr'>ut</span> <span class='ocrx_word' id='word_1_336' title='bbox 583 2605 618 2662; x_wconf 86' lang='lat' dir='ltr'>ad</span> <span class='ocrx_word' id='word_1_337' title='bbox 643 2610 771 2662; x_wconf 88' lang='lat' dir='ltr'>secretos</span> <span class='ocrx_word' id='word_1_338' title='bbox 795 2611 973 2678; x_wconf 88' lang='lat' dir='ltr'>provocaret,</span> <span class='ocrx_word' id='word_1_339' title='bbox 1065 2611 1111 2666; x_wconf 83' lang='lat'>96.</span> <span class='ocrx_word' id='word_1_340' title='bbox 1127 2609 1257 2665; x_wconf 78' lang='lat' dir='ltr'>Tertium</span> <span class='ocrx_word' id='word_1_341' title='bbox 1273 2610 1409 2682; x_wconf 87' lang='lat' dir='ltr'>estquod</span> <span class='ocrx_word' id='word_1_342' title='bbox 1432 2609 1461 2665; x_wconf 88' lang='lat' dir='ltr'>in</span> <span class='ocrx_word' id='word_1_343' title='bbox 1485 2624 1518 2665; x_wconf 89' lang='lat' dir='ltr'>eo</span> <span class='ocrx_word' id='word_1_344' title='bbox 1548 2609 1666 2666; x_wconf 82' lang='lat' dir='ltr'>tratrem</span> <span class='ocrx_word' id='word_1_345' title='bbox 1691 2611 1775 2683; x_wconf 81' lang='lat' dir='ltr'>dixit,</span> <span class='ocrx_word' id='word_1_346' title='bbox 1797 2630 1855 2671; x_wconf 90' lang='lat' dir='ltr'>non</span> 
     </span>
     <span class='ocr_line' id='line_1_27' title="bbox 134 2696 1855 2773; baseline -0.002 -9"><span class='ocrx_word' id='word_1_347' title='bbox 134 2711 182 2769; x_wconf 79' lang='lat' dir='ltr'>ait</span> <span class='ocrx_word' id='word_1_348' title='bbox 198 2708 280 2764; x_wconf 85' lang='lat' dir='ltr'>idern</span> <span class='ocrx_word' id='word_1_349' title='bbox 293 2721 300 2761; x_wconf 94' lang='lat'><strong>:</strong></span> <span class='ocrx_word' id='word_1_350' title='bbox 314 2702 355 2760; x_wconf 79' lang='lat' dir='ltr'>Ne</span> <span class='ocrx_word' id='word_1_351' title='bbox 364 2698 520 2770; x_wconf 73' lang='lat' dir='ltr'>tetigeritis,</span> <span class='ocrx_word' id='word_1_352' title='bbox 542 2710 577 2751; x_wconf 82' lang='lat' dir='ltr'>ne</span> <span class='ocrx_word' id='word_1_353' title='bbox 599 2696 841 2763; x_wconf 80' lang='lat' dir='ltr'>attaminaveritis,</span> <span class='ocrx_word' id='word_1_354' title='bbox 867 2710 902 2751; x_wconf 84' lang='lat' dir='ltr'>nc</span> <span class='ocrx_word' id='word_1_355' title='bbox 924 2712 974 2767; x_wconf 79' lang='lat' dir='ltr'>po·</span> <span class='ocrx_word' id='word_1_356' title='bbox 1030 2698 1109 2758; x_wconf 70' lang='lat'>208</span> <span class='ocrx_word' id='word_1_357' title='bbox 1125 2698 1202 2770; x_wconf 92' lang='lat' dir='ltr'>quod</span> <span class='ocrx_word' id='word_1_358' title='bbox 1219 2698 1327 2771; x_wconf 89' lang='lat' dir='ltr'>dignus</span> <span class='ocrx_word' id='word_1_359' title='bbox 1351 2698 1468 2771; x_wconf 90' lang='lat' dir='ltr'>pietatis</span> <span class='ocrx_word' id='word_1_360' title='bbox 1494 2698 1612 2755; x_wconf 84' lang='lat' dir='ltr'>nomine</span> <span class='ocrx_word' id='word_1_361' title='bbox 1634 2699 1782 2773; x_wconf 87' lang='lat' dir='ltr'>parricida</span> <span class='ocrx_word' id='word_1_362' title='bbox 1796 2703 1855 2760; x_wconf 88' lang='lat' dir='ltr'>sit:</span> 
     </span>
     <span class='ocr_line' id='line_1_28' title="bbox 133 2784 1856 2863; baseline -0.001 -12"><span class='ocrx_word' id='word_1_363' title='bbox 133 2796 282 2857; x_wconf 77' lang='lat' dir='ltr'>smvaritis</span> <span class='ocrx_word' id='word_1_364' title='bbox 301 2803 367 2863; x_wconf 82' lang='lat' dir='ltr'>quse</span> <span class='ocrx_word' id='word_1_365' title='bbox 382 2794 447 2843; x_wconf 77' lang='lat' dir='ltr'>aaut</span> <span class='ocrx_word' id='word_1_366' title='bbox 461 2784 693 2856; x_wconf 76' lang='lat' dir='ltr'>adcomptetcm</span> <span class='ocrx_word' id='word_1_367' title='bbox 711 2787 769 2857; x_wconf 86' lang='lat' dir='ltr'>ipso</span> <span class='ocrx_word' id='word_1_368' title='bbox 792 2801 855 2852; x_wconf 82' lang='lat' dir='ltr'>asu,</span> <span class='ocrx_word' id='word_1_369' title='bbox 879 2800 974 2842; x_wconf 65' lang='lat' dir='ltr'>aecum</span> <span class='ocrx_word' id='word_1_370' title='bbox 1029 2790 1081 2845; x_wconf 84' lang='lat' dir='ltr'>sed</span> <span class='ocrx_word' id='word_1_371' title='bbox 1098 2802 1156 2859; x_wconf 91' lang='lat' dir='ltr'>quo</span> <span class='ocrx_word' id='word_1_372' title='bbox 1175 2786 1270 2860; x_wconf 91' lang='lat' dir='ltr'>magis</span> <span class='ocrx_word' id='word_1_373' title='bbox 1292 2786 1411 2859; x_wconf 47' lang='lat' dir='ltr'>pietatis,</span> <span class='ocrx_word' id='word_1_374' title='bbox 1432 2790 1570 2860; x_wconf 86' lang='lat' dir='ltr'>gravetur</span> <span class='ocrx_word' id='word_1_375' title='bbox 1592 2788 1744 2859; x_wconf 86' lang='lat' dir='ltr'>vocabulo,</span> <span class='ocrx_word' id='word_1_376' title='bbox 1767 2794 1856 2863; x_wconf 85' lang='lat' dir='ltr'>atqua</span> 
     </span>
     <span class='ocr_line' id='line_1_29' title="bbox 134 2872 1857 2957; baseline 0.002 -22"><span class='ocrx_word' id='word_1_377' title='bbox 134 2890 211 2944; x_wconf 70' lang='lat' dir='ltr'>aum</span> <span class='ocrx_word' id='word_1_378' title='bbox 223 2887 364 2957; x_wconf 59' lang='lat' dir='ltr'>precepto</span> <span class='ocrx_word' id='word_1_379' title='bbox 377 2880 404 2932; x_wconf 84' lang='lat' dir='ltr'>et</span> <span class='ocrx_word' id='word_1_380' title='bbox 417 2873 556 2932; x_wconf 76' lang='lat' dir='ltr'>doctrinm</span> <span class='ocrx_word' id='word_1_381' title='bbox 570 2872 713 2930; x_wconf 83' lang='lat' dir='ltr'>hominum</span> <span class='ocrx_word' id='word_1_382' title='bbox 726 2891 786 2946; x_wconf 84' lang='lat' dir='ltr'>quoe</span> <span class='ocrx_word' id='word_1_383' title='bbox 799 2876 867 2931; x_wconf 79' lang='lat' dir='ltr'>xant</span> <span class='ocrx_word' id='word_1_384' title='bbox 889 2877 974 2933; x_wconf 86' lang='lat' dir='ltr'>ratio·</span> <span class='ocrx_word' id='word_1_385' title='bbox 1029 2878 1099 2935; x_wconf 90' lang='lat' dir='ltr'>inde</span> <span class='ocrx_word' id='word_1_386' title='bbox 1115 2876 1168 2933; x_wconf 87' lang='lat' dir='ltr'>Dat</span> <span class='ocrx_word' id='word_1_387' title='bbox 1182 2876 1298 2933; x_wconf 88' lang='lat' dir='ltr'>sceleris</span> <span class='ocrx_word' id='word_1_388' title='bbox 1313 2876 1538 2945; x_wconf 86' lang='lat' dir='ltr'>incrementum,</span> <span class='ocrx_word' id='word_1_389' title='bbox 1556 2892 1614 2949; x_wconf 89' lang='lat' dir='ltr'>quo</span> <span class='ocrx_word' id='word_1_390' title='bbox 1625 2878 1737 2950; x_wconf 77' lang='lat' dir='ltr'>justior</span> <span class='ocrx_word' id='word_1_391' title='bbox 1748 2878 1787 2937; x_wconf 89' lang='lat' dir='ltr'>sit</span> <span class='ocrx_word' id='word_1_392' title='bbox 1795 2880 1857 2939; x_wconf 84' lang='lat' dir='ltr'>viu·</span> 
     </span>
     <span class='ocr_line' id='line_1_30' title="bbox 135 2963 1857 3044; baseline 0.001 -19"><span class='ocrx_word' id='word_1_393' title='bbox 135 2993 207 3033; x_wconf 65' lang='lat' dir='ltr'>„em</span> <span class='ocrx_word' id='word_1_394' title='bbox 232 2970 345 3044; x_wconf 76' lang='lat' dir='ltr'>quictem</span> <span class='ocrx_word' id='word_1_395' title='bbox 371 2965 503 3021; x_wconf 77' lang='lat' dir='ltr'>tabentia</span> <span class='ocrx_word' id='word_1_396' title='bbox 534 2963 690 3035; x_wconf 68' lang='lat' dir='ltr'>sapiaentia,</span> <span class='ocrx_word' id='word_1_397' title='bbox 724 2965 755 3019; x_wconf 85' lang='lat' dir='ltr'>ia</span> <span class='ocrx_word' id='word_1_398' title='bbox 789 2964 976 3023; x_wconf 73' lang='lat' dir='ltr'>observatione</span> <span class='ocrx_word' id='word_1_399' title='bbox 1029 2966 1108 3023; x_wconf 92' lang='lat' dir='ltr'>dicta</span> <span class='ocrx_word' id='word_1_400' title='bbox 1121 2964 1247 3023; x_wconf 85' lang='lat' dir='ltr'>scelesti.</span> <span class='ocrx_word' id='word_1_401' title='bbox 1264 2966 1338 3038; x_wconf 84' lang='lat' dir='ltr'>Drgo</span> <span class='ocrx_word' id='word_1_402' title='bbox 1354 2964 1486 3022; x_wconf 88' lang='lat' dir='ltr'>Dominis</span> <span class='ocrx_word' id='word_1_403' title='bbox 1501 2965 1580 3023; x_wconf 89' lang='lat' dir='ltr'>Deus</span> <span class='ocrx_word' id='word_1_404' title='bbox 1595 2970 1693 3024; x_wconf 87' lang='lat' dir='ltr'>noster</span> <span class='ocrx_word' id='word_1_405' title='bbox 1714 2966 1857 3027; x_wconf 88' lang='lat' dir='ltr'>ultionem</span> 
     </span>
     <span class='ocr_line' id='line_1_31' title="bbox 136 3051 1857 3135; baseline -0.001 -18"><span class='ocrx_word' id='word_1_406' title='bbox 136 3061 290 3135; x_wconf 66' lang='lat' dir='ltr'>religionis</span> <span class='ocrx_word' id='word_1_407' title='bbox 305 3059 333 3112; x_wconf 85' lang='lat' dir='ltr'>et</span> <span class='ocrx_word' id='word_1_408' title='bbox 358 3054 517 3109; x_wconf 74' lang='lat' dir='ltr'>tramititcte</span> <span class='ocrx_word' id='word_1_409' title='bbox 544 3051 643 3115; x_wconf 81' lang='lat' dir='ltr'>cordis.</span> <span class='ocrx_word' id='word_1_410' title='bbox 663 3066 719 3107; x_wconf 82' lang='lat' dir='ltr'>aon</span> <span class='ocrx_word' id='word_1_411' title='bbox 743 3054 774 3108; x_wconf 81' lang='lat' dir='ltr'>in</span> <span class='ocrx_word' id='word_1_412' title='bbox 802 3052 976 3125; x_wconf 76' lang='lat' dir='ltr'>induigentia</span> <span class='ocrx_word' id='word_1_413' title='bbox 1029 3052 1196 3127; x_wconf 88' lang='lat' dir='ltr'>promittit:</span> <span class='ocrx_word' id='word_1_414' title='bbox 1213 3058 1246 3110; x_wconf 94' lang='lat' dir='ltr'>ut</span> <span class='ocrx_word' id='word_1_415' title='bbox 1260 3052 1303 3110; x_wconf 89' lang='lat' dir='ltr'>vel</span> <span class='ocrx_word' id='word_1_416' title='bbox 1319 3054 1361 3109; x_wconf 89' lang='lat' dir='ltr'>sie</span> <span class='ocrx_word' id='word_1_417' title='bbox 1377 3055 1529 3126; x_wconf 81' lang='lat' dir='ltr'>frangatur</span> <span class='ocrx_word' id='word_1_418' title='bbox 1544 3058 1638 3125; x_wconf 87' lang='lat' dir='ltr'>metu,</span> <span class='ocrx_word' id='word_1_419' title='bbox 1660 3055 1711 3129; x_wconf 89' lang='lat' dir='ltr'>qui</span> <span class='ocrx_word' id='word_1_420' title='bbox 1738 3056 1857 3130; x_wconf 85' lang='lat' dir='ltr'>pietatis</span> 
     </span>
     <span class='ocr_line' id='line_1_32' title="bbox 134 3140 1857 3225; baseline 0.001 -23"><span class='ocrx_word' id='word_1_421' title='bbox 134 3149 279 3225; x_wconf 65' lang='lat' dir='ltr'>moris,</span> <span class='ocrx_word' id='word_1_422' title='bbox 293 3159 350 3202; x_wconf 81' lang='lat' dir='ltr'>nm</span> <span class='ocrx_word' id='word_1_423' title='bbox 364 3144 395 3199; x_wconf 86' lang='lat' dir='ltr'>ia</span> <span class='ocrx_word' id='word_1_424' title='bbox 405 3140 508 3200; x_wconf 78' lang='lat' dir='ltr'>doecre</span> <span class='ocrx_word' id='word_1_425' title='bbox 520 3140 615 3213; x_wconf 80' lang='lat' dir='ltr'>atiquo</span> <span class='ocrx_word' id='word_1_426' title='bbox 629 3140 665 3196; x_wconf 88' lang='lat' dir='ltr'>cd</span> <span class='ocrx_word' id='word_1_427' title='bbox 687 3142 862 3199; x_wconf 82' lang='lat' dir='ltr'>saturitatem</span> <span class='ocrx_word' id='word_1_428' title='bbox 881 3146 907 3199; x_wconf 84' lang='lat' dir='ltr'>et</span> <span class='ocrx_word' id='word_1_429' title='bbox 929 3143 975 3199; x_wconf 84' lang='lat' dir='ltr'>di·</span> <span class='ocrx_word' id='word_1_430' title='bbox 1031 3147 1076 3201; x_wconf 88' lang='lat' dir='ltr'>est</span> <span class='ocrx_word' id='word_1_431' title='bbox 1088 3140 1216 3211; x_wconf 87' lang='lat' dir='ltr'>oblitus;</span> <span class='ocrx_word' id='word_1_432' title='bbox 1232 3147 1261 3198; x_wconf 88' lang='lat' dir='ltr'>et</span> <span class='ocrx_word' id='word_1_433' title='bbox 1271 3143 1345 3199; x_wconf 90' lang='lat' dir='ltr'>sciat</span> <span class='ocrx_word' id='word_1_434' title='bbox 1360 3144 1437 3216; x_wconf 93' lang='lat' dir='ltr'>quod</span> <span class='ocrx_word' id='word_1_435' title='bbox 1454 3142 1569 3199; x_wconf 88' lang='lat' dir='ltr'>etiamsi</span> <span class='ocrx_word' id='word_1_436' title='bbox 1586 3144 1720 3202; x_wconf 88' lang='lat' dir='ltr'>homiues</span> <span class='ocrx_word' id='word_1_437' title='bbox 1736 3146 1857 3220; x_wconf 83' lang='lat' dir='ltr'>eitugiat</span> 
     </span>
     <span class='ocr_line' id='line_1_33' title="bbox 137 3214 1853 3312; baseline -0.003 -14"><span class='ocrx_word' id='word_1_438' title='bbox 137 3239 292 3312; x_wconf 74' lang='lat' dir='ltr'>ligantiam</span> <span class='ocrx_word' id='word_1_439' title='bbox 304 3232 400 3291; x_wconf 69' lang='lat' dir='ltr'>cornu</span> <span class='ocrx_word' id='word_1_440' title='bbox 411 3229 527 3301; x_wconf 73' lang='lat' dir='ltr'>(Cetera</span> <span class='ocrx_word' id='word_1_441' title='bbox 543 3246 575 3294; x_wconf 88' lang='lat' dir='ltr'>u,</span> <span class='ocrx_word' id='word_1_442' title='bbox 589 3228 686 3300; x_wconf 71' lang='lat'><strong>24-23)</strong></span> <span class='ocrx_word' id='word_1_443' title='bbox 991 3214 1012 3281; x_wconf 78' lang='lat' dir='ltr'>C</span> <span class='ocrx_word' id='word_1_444' title='bbox 1031 3231 1189 3299; x_wconf 87' lang='lat' dir='ltr'>homicida,</span> <span class='ocrx_word' id='word_1_445' title='bbox 1205 3230 1255 3287; x_wconf 91' lang='lat' dir='ltr'>Dei</span> <span class='ocrx_word' id='word_1_446' title='bbox 1268 3234 1366 3288; x_wconf 86' lang='lat' dir='ltr'>tamen</span> <span class='ocrx_word' id='word_1_447' title='bbox 1377 3230 1523 3302; x_wconf 90' lang='lat' dir='ltr'>judicium</span> <span class='ocrx_word' id='word_1_448' title='bbox 1540 3248 1598 3289; x_wconf 89' lang='lat' dir='ltr'>non</span> <span class='ocrx_word' id='word_1_449' title='bbox 1615 3232 1707 3307; x_wconf 90' lang='lat' dir='ltr'>possit</span> <span class='ocrx_word' id='word_1_450' title='bbox 1721 3235 1853 3305; x_wconf 85' lang='lat' dir='ltr'>evadere,</span> 
     </span>
    </p>

    <p class='ocr_par' dir='ltr' id='par_1_3' title="bbox 460 3316 1710 3392">
     <span class='ocr_line' id='line_1_34' title="bbox 460 3316 1710 3392; baseline 0.002 -18"><span class='ocrx_word' id='word_1_451' title='bbox 460 3316 579 3375; x_wconf 80' lang='lat' dir='ltr'>CAPUT</span> <span class='ocrx_word' id='word_1_452' title='bbox 598 3316 685 3373; x_wconf 82' lang='lat' dir='ltr'><strong>XXVI</strong></span> <span class='ocrx_word' id='word_1_453' title='bbox 1030 3323 1083 3379; x_wconf 91' lang='lat' dir='ltr'>sed</span> <span class='ocrx_word' id='word_1_454' title='bbox 1098 3318 1203 3391; x_wconf 87' lang='lat' dir='ltr'>majori</span> <span class='ocrx_word' id='word_1_455' title='bbox 1217 3324 1246 3376; x_wconf 87' lang='lat' dir='ltr'>ct</span> <span class='ocrx_word' id='word_1_456' title='bbox 1259 3322 1366 3376; x_wconf 76' lang='lat' dir='ltr'>eterno</span> <span class='ocrx_word' id='word_1_457' title='bbox 1376 3318 1522 3392; x_wconf 81' lang='lat' dir='ltr'>supplicio</span> <span class='ocrx_word' id='word_1_458' title='bbox 1537 3327 1710 3381; x_wconf 84' lang='lat' dir='ltr'>reservetur.</span> 
     </span>
    </p>
   </div>
   <div class='ocr_carea' id='block_1_3' title="bbox 139 3389 1852 3514">
    <p class='ocr_par' dir='ltr' id='par_1_4' title="bbox 139 3389 1852 3514">
     <span class='ocr_line' id='line_1_35' title="bbox 139 3389 1852 3514; baseline 0.008 -57"><span class='ocrx_word' id='word_1_459' title='bbox 139 3399 275 3472; x_wconf 69' lang='lat' dir='ltr'>Peiorem</span> <span class='ocrx_word' id='word_1_460' title='bbox 303 3393 473 3461; x_wconf 51' lang='lat' dir='ltr'>militm&amp;</span> <span class='ocrx_word' id='word_1_461' title='bbox 501 3390 551 3461; x_wconf 61' lang='grc' dir='ltr'>(Μ’</span> <span class='ocrx_word' id='word_1_462' title='bbox 560 3390 703 3514; x_wconf 57' lang='lat' dir='ltr'>stom,</span> <span class='ocrx_word' id='word_1_463' title='bbox 726 3389 761 3472; x_wconf 64' lang='lat' dir='ltr'>,id</span> <span class='ocrx_word' id='word_1_464' title='bbox 788 3391 838 3455; x_wconf 53' lang='grc' dir='ltr'>(δι’</span> <span class='ocrx_word' id='word_1_465' title='bbox 857 3391 977 3475; x_wconf 70' lang='lat' dir='ltr'>ejusdem</span> <span class='ocrx_word' id='word_1_466' title='bbox 1065 3411 1110 3465; x_wconf 86' lang='lat' dir='ltr'>D&#39;t.</span> <span class='ocrx_word' id='word_1_467' title='bbox 1127 3406 1235 3463; x_wconf 85' lang='lat' dir='ltr'>Attiore</span> <span class='ocrx_word' id='word_1_468' title='bbox 1258 3409 1356 3465; x_wconf 82' lang='lat' dir='ltr'>autern</span> <span class='ocrx_word' id='word_1_469' title='bbox 1371 3425 1459 3466; x_wconf 87' lang='lat' dir='ltr'>sensu</span> <span class='ocrx_word' id='word_1_470' title='bbox 1487 3409 1542 3467; x_wconf 94' lang='lat' dir='ltr'>hoc</span> <span class='ocrx_word' id='word_1_471' title='bbox 1562 3410 1767 3485; x_wconf 87' lang='lat' dir='ltr'>inteiligimus,</span> <span class='ocrx_word' id='word_1_472' title='bbox 1794 3430 1852 3471; x_wconf 91' lang='lat' dir='ltr'>uon</span> 
     </span>
    </p>
   </div>
   <div class='ocr_carea' id='block_1_4' title="bbox 181 3464 1857 3608">
    <p class='ocr_par' dir='ltr' id='par_1_5' title="bbox 181 3464 1857 3608">
     <span class='ocr_line' id='line_1_36' title="bbox 181 3464 1857 3608; baseline 0.017 -76"><span class='ocrx_word' id='word_1_473' title='bbox 181 3464 889 3608; x_wconf 44' lang='lat' dir='ltr'>{mltatsssgfggfg&#39;ipi’scgiafflnssmgssm</span> <span class='ocrx_word' id='word_1_474' title='bbox 902 3479 976 3589; x_wconf 51' lang='lat' dir='ltr'>,92ss</span> <span class='ocrx_word' id='word_1_475' title='bbox 1031 3498 1127 3557; x_wconf 83' lang='lat' dir='ltr'>sotum</span> <span class='ocrx_word' id='word_1_476' title='bbox 1144 3496 1180 3551; x_wconf 87' lang='lat' dir='ltr'>ab</span> <span class='ocrx_word' id='word_1_477' title='bbox 1194 3500 1399 3553; x_wconf 82' lang='lat' dir='ltr'>extraneorum</span> <span class='ocrx_word' id='word_1_478' title='bbox 1416 3496 1542 3566; x_wconf 89' lang='lat' dir='ltr'>insidiis,</span> <span class='ocrx_word' id='word_1_479' title='bbox 1559 3516 1661 3557; x_wconf 87' lang='lat' dir='ltr'>verum</span> <span class='ocrx_word' id='word_1_480' title='bbox 1676 3499 1794 3559; x_wconf 86' lang='lat' dir='ltr'>etiamn</span> <span class='ocrx_word' id='word_1_481' title='bbox 1806 3520 1857 3561; x_wconf 92' lang='lat' dir='ltr'>nc-</span> 
     </span>
    </p>
   </div>
   <div class='ocr_carea' id='block_1_5' title="bbox 180 3584 1855 3758">
    <p class='ocr_par' dir='ltr' id='par_1_6' title="bbox 180 3584 1855 3758">
     <span class='ocr_line' id='line_1_37' title="bbox 181 3584 1855 3685; baseline 0.003 -41"><span class='ocrx_word' id='word_1_482' title='bbox 181 3626 240 3685; x_wconf 57' lang='lat' dir='ltr'><em>W</em></span> <span class='ocrx_word' id='word_1_483' title='bbox 266 3612 424 3680; x_wconf 58' lang='lat' dir='ltr'>smmum</span> <span class='ocrx_word' id='word_1_484' title='bbox 449 3618 550 3659; x_wconf 65' lang='lat' dir='ltr'>mmm</span> <span class='ocrx_word' id='word_1_485' title='bbox 576 3617 633 3658; x_wconf 68' lang='lat' dir='ltr'>nm,</span> <span class='ocrx_word' id='word_1_486' title='bbox 659 3602 799 3672; x_wconf 55' lang='lat' dir='ltr'>armari,</span> <span class='ocrx_word' id='word_1_487' title='bbox 828 3607 861 3659; x_wconf 58' lang='grc' dir='ltr'>μ)</span> <span class='ocrx_word' id='word_1_488' title='bbox 882 3620 977 3660; x_wconf 61' lang='lat' dir='ltr'>emm</span> <span class='ocrx_word' id='word_1_489' title='bbox 1029 3587 1112 3656; x_wconf 87' lang='lat' dir='ltr'>stris,</span> <span class='ocrx_word' id='word_1_490' title='bbox 1128 3585 1183 3641; x_wconf 91' lang='lat' dir='ltr'>hoc</span> <span class='ocrx_word' id='word_1_491' title='bbox 1197 3587 1242 3641; x_wconf 90' lang='lat' dir='ltr'>est</span> <span class='ocrx_word' id='word_1_492' title='bbox 1256 3584 1425 3641; x_wconf 86' lang='lat' dir='ltr'>domesticis</span> <span class='ocrx_word' id='word_1_493' title='bbox 1440 3586 1669 3658; x_wconf 88' lang='lat' dir='ltr'>cogitationibus</span> <span class='ocrx_word' id='word_1_494' title='bbox 1683 3590 1752 3665; x_wconf 89' lang='grc'>(80),</span> <span class='ocrx_word' id='word_1_495' title='bbox 1770 3592 1855 3653; x_wconf 89' lang='lat' dir='ltr'>nobis</span> 
     </span>
     <span class='ocr_line' id='line_1_38' title="bbox 180 3672 1855 3758; baseline -0.001 -20"><span class='ocrx_word' id='word_1_496' title='bbox 180 3682 276 3753; x_wconf 73' lang='lat' dir='ltr'>naccis</span> <span class='ocrx_word' id='word_1_497' title='bbox 301 3686 435 3750; x_wconf 72' lang='lat' dir='ltr'>procetur</span> <span class='ocrx_word' id='word_1_498' title='bbox 461 3675 597 3758; x_wconf 72' lang='lat' dir='ltr'>impietas.</span> <span class='ocrx_word' id='word_1_499' title='bbox 631 3674 704 3731; x_wconf 80' lang='lat' dir='ltr'>Unda</span> <span class='ocrx_word' id='word_1_500' title='bbox 730 3675 836 3731; x_wconf 80' lang='lat' dir='ltr'>morata</span> <span class='ocrx_word' id='word_1_501' title='bbox 867 3674 975 3747; x_wconf 80' lang='lat' dir='ltr'>dopma,</span> <span class='ocrx_word' id='word_1_502' title='bbox 1030 3674 1202 3733; x_wconf 88' lang='lat' dir='ltr'>cavendum.</span> <span class='ocrx_word' id='word_1_503' title='bbox 1220 3672 1328 3730; x_wconf 89' lang='lat' dir='ltr'>Deinde</span> <span class='ocrx_word' id='word_1_504' title='bbox 1344 3673 1560 3731; x_wconf 84' lang='lat' dir='ltr'>observandum</span> <span class='ocrx_word' id='word_1_505' title='bbox 1576 3679 1735 3736; x_wconf 88' lang='lat' dir='ltr'>nohisnon</span> <span class='ocrx_word' id='word_1_506' title='bbox 1759 3679 1855 3737; x_wconf 88' lang='lat' dir='ltr'>solum</span> 
     </span>
    </p>
   </div>
   <div class='ocr_carea' id='block_1_6' title="bbox 146 3746 1860 4998">
    <p class='ocr_par' dir='ltr' id='par_1_7' title="bbox 146 3746 1860 4998">
     <span class='ocr_line' id='line_1_39' title="bbox 181 3746 1856 3839; baseline 0.01 -29"><span class='ocrx_word' id='word_1_507' title='bbox 181 3755 314 3823; x_wconf 60' lang='lat' dir='ltr'>antiquet!</span> <span class='ocrx_word' id='word_1_508' title='bbox 329 3749 455 3832; x_wconf 65' lang='lat' dir='ltr'>tNJsit&#39;i</span> <span class='ocrx_word' id='word_1_509' title='bbox 476 3746 686 3829; x_wconf 44' lang='lat' dir='ltr'>&amp;dimittam</span> <span class='ocrx_word' id='word_1_510' title='bbox 703 3761 736 3801; x_wconf 64' lang='grc' dir='ltr'><strong><em>Μ</em></strong></span> <span class='ocrx_word' id='word_1_511' title='bbox 758 3746 849 3801; x_wconf 54' lang='lat' dir='ltr'>vetiti</span> <span class='ocrx_word' id='word_1_512' title='bbox 876 3763 977 3829; x_wconf 59' lang='lat' dir='ltr'>milen·</span> <span class='ocrx_word' id='word_1_513' title='bbox 1031 3762 1175 3822; x_wconf 87' lang='lat' dir='ltr'>auralitia</span> <span class='ocrx_word' id='word_1_514' title='bbox 1190 3763 1307 3832; x_wconf 87' lang='lat' dir='ltr'>mentis,</span> <span class='ocrx_word' id='word_1_515' title='bbox 1324 3778 1424 3819; x_wconf 89' lang='lat' dir='ltr'>verum</span> <span class='ocrx_word' id='word_1_516' title='bbox 1440 3761 1529 3820; x_wconf 87' lang='lat' dir='ltr'>etium</span> <span class='ocrx_word' id='word_1_517' title='bbox 1539 3765 1575 3821; x_wconf 89' lang='lat' dir='ltr'>ab</span> <span class='ocrx_word' id='word_1_518' title='bbox 1587 3766 1660 3839; x_wconf 91' lang='lat' dir='ltr'>ipsis</span> <span class='ocrx_word' id='word_1_519' title='bbox 1670 3768 1856 3827; x_wconf 89' lang='lat' dir='ltr'>sermonibus</span> 
     </span>
     <span class='ocr_line' id='line_1_40' title="bbox 182 3820 1857 3965; baseline 0.002 -54"><span class='ocrx_word' id='word_1_520' title='bbox 182 3820 978 3965; x_wconf 40' lang='grc' dir='ltr'>ἓῖωψςῖῧιιὲἆᾜέἐιὴᾟὲἕηξάἝξᾌᾭωωῦᾜὲᾌ</span> <span class='ocrx_word' id='word_1_521' title='bbox 1031 3851 1292 3924; x_wconf 87' lang='lat' dir='ltr'>nostris.1deoque</span> <span class='ocrx_word' id='word_1_522' title='bbox 1315 3851 1375 3909; x_wconf 86' lang='lat' dir='ltr'>ait:</span> <span class='ocrx_word' id='word_1_523' title='bbox 1403 3851 1441 3907; x_wconf 85' lang='lat' dir='ltr'>De</span> <span class='ocrx_word' id='word_1_524' title='bbox 1464 3852 1641 3953; x_wconf 74' lang='lat' dir='ltr'>multiloquio</span> <span class='ocrx_word' id='word_1_525' title='bbox 1664 3870 1720 3911; x_wconf 82' lang='lat' dir='ltr'>acu</span> <span class='ocrx_word' id='word_1_526' title='bbox 1744 3857 1857 3953; x_wconf 67' lang='lat' dir='ltr'>effugies</span> 
     </span>
     <span class='ocr_line' id='line_1_41' title="bbox 183 3939 1857 4103; baseline -0.004 -80"><span class='ocrx_word' id='word_1_527' title='bbox 183 3964 350 4093; x_wconf 57' lang='lat' dir='ltr'>eumdifflg,</span> <span class='ocrx_word' id='word_1_528' title='bbox 363 3979 384 4031; x_wconf 87' lang='lat' dir='ltr'>r,</span> <span class='ocrx_word' id='word_1_529' title='bbox 400 3960 447 4033; x_wconf 87' lang='grc'>27)</span> <span class='ocrx_word' id='word_1_530' title='bbox 461 3975 471 4015; x_wconf 86' lang='grc'>.·</span> <span class='ocrx_word' id='word_1_531' title='bbox 494 3958 593 4032; x_wconf 77' lang='lat' dir='ltr'>quidve</span> <span class='ocrx_word' id='word_1_532' title='bbox 619 3958 715 4015; x_wconf 85' lang='lat' dir='ltr'>addita</span> <span class='ocrx_word' id='word_1_533' title='bbox 736 3958 866 4016; x_wconf 79' lang='lat' dir='ltr'>vindictas</span> <span class='ocrx_word' id='word_1_534' title='bbox 895 3973 978 4017; x_wconf 78' lang='lat' dir='ltr'>causa</span> <span class='ocrx_word' id='word_1_535' title='bbox 1028 3949 1170 4086; x_wconf 57' lang='lat' dir='ltr'>timim</span> <span class='ocrx_word' id='word_1_536' title='bbox 1173 3940 1213 4086; x_wconf 57' lang='lat' dir='ltr'>g</span> <span class='ocrx_word' id='word_1_537' title='bbox 1215 3956 1312 4103; x_wconf 43' lang='lat'>“⁰1:25²</span> <span class='ocrx_word' id='word_1_538' title='bbox 1329 3939 1727 4086; x_wconf 43' lang='lat' dir='ltr'>izigtgsssszgizitifflgmfifflffl</span> <span class='ocrx_word' id='word_1_539' title='bbox 1742 3943 1857 4047; x_wconf 52' lang='lat' dir='ltr'>videtui*</span> 
     </span>
     <span class='ocr_line' id='line_1_42' title="bbox 185 4046 1855 4097; baseline -0.002 -4"><span class='ocrx_word' id='word_1_540' title='bbox 185 4053 239 4094; x_wconf 82' lang='lat' dir='ltr'>naa</span> <span class='ocrx_word' id='word_1_541' title='bbox 282 4051 329 4092; x_wconf 81' lang='lat' dir='ltr'>ceo</span> <span class='ocrx_word' id='word_1_542' title='bbox 1032 4047 1120 4088; x_wconf 90' lang='lat' dir='ltr'>uons</span> <span class='ocrx_word' id='word_1_543' title='bbox 1219 4047 1235 4086; x_wconf 91' lang='lat' dir='ltr'>o</span> <span class='ocrx_word' id='word_1_544' title='bbox 1301 4047 1349 4086; x_wconf 90' lang='lat' dir='ltr'>sn</span> <span class='ocrx_word' id='word_1_545' title='bbox 1426 4070 1433 4097; x_wconf 91' lang='lat'>,</span> <span class='ocrx_word' id='word_1_546' title='bbox 1548 4046 1608 4087; x_wconf 82' lang='lat' dir='ltr'>ram</span> <span class='ocrx_word' id='word_1_547' title='bbox 1633 4047 1780 4089; x_wconf 85' lang='lat' dir='ltr'>sermome</span> <span class='ocrx_word' id='word_1_548' title='bbox 1823 4048 1855 4091; x_wconf 89' lang='lat' dir='ltr'>nr</span> 
     </span>
     <span class='ocr_line' id='line_1_43' title="bbox 184 4049 1855 4196; baseline -0.001 -15"><span class='ocrx_word' id='word_1_549' title='bbox 184 4125 232 4181; x_wconf 76' lang='grc'>94.</span> <span class='ocrx_word' id='word_1_550' title='bbox 249 4123 382 4196; x_wconf 86' lang='lat' dir='ltr'>Denique</span> <span class='ocrx_word' id='word_1_551' title='bbox 407 4120 486 4177; x_wconf 90' lang='lat' dir='ltr'>hune</span> <span class='ocrx_word' id='word_1_552' title='bbox 510 4134 630 4176; x_wconf 86' lang='lat' dir='ltr'>sensum</span> <span class='ocrx_word' id='word_1_553' title='bbox 652 4135 717 4176; x_wconf 86' lang='lat' dir='ltr'>esee</span> <span class='ocrx_word' id='word_1_554' title='bbox 741 4120 904 4191; x_wconf 87' lang='lat' dir='ltr'>posteriora</span> <span class='ocrx_word' id='word_1_555' title='bbox 925 4138 978 4195; x_wconf 92' lang='lat' dir='ltr'>ap·</span> <span class='ocrx_word' id='word_1_556' title='bbox 1031 4124 1077 4178; x_wconf 88' lang='lat' dir='ltr'>est</span> <span class='ocrx_word' id='word_1_557' title='bbox 1091 4118 1186 4193; x_wconf 89' lang='lat' dir='ltr'>magis</span> <span class='ocrx_word' id='word_1_558' title='bbox 1201 4118 1391 4185; x_wconf 86' lang='lat' dir='ltr'>domesticus,</span> <span class='ocrx_word' id='word_1_559' title='bbox 1408 4116 1553 4176; x_wconf 87' lang='lat' dir='ltr'>rationem</span> <span class='ocrx_word' id='word_1_560' title='bbox 1569 4118 1693 4177; x_wconf 89' lang='lat' dir='ltr'>Domino</span> <span class='ocrx_word' id='word_1_561' title='bbox 1708 4137 1774 4179; x_wconf 88' lang='lat' dir='ltr'>esse</span> <span class='ocrx_word' id='word_1_562' title='bbox 1789 4049 1855 4179; x_wconf 65' lang='lat' dir='ltr'>rid-</span> 
     </span>
     <span class='ocr_line' id='line_1_44' title="bbox 147 4205 1856 4290; baseline -0.002 -19"><span class='ocrx_word' id='word_1_563' title='bbox 147 4214 295 4290; x_wconf 85' lang='lat' dir='ltr'>prohant;</span> <span class='ocrx_word' id='word_1_564' title='bbox 312 4211 355 4268; x_wconf 90' lang='lat' dir='ltr'>sic</span> <span class='ocrx_word' id='word_1_565' title='bbox 369 4209 449 4267; x_wconf 87' lang='lat' dir='ltr'>enim</span> <span class='ocrx_word' id='word_1_566' title='bbox 465 4207 507 4265; x_wconf 89' lang='lat' dir='ltr'>ait</span> <span class='ocrx_word' id='word_1_567' title='bbox 523 4226 530 4264; x_wconf 79' lang='lat' dir='ltr'><strong><em>z</em></strong></span> <span class='ocrx_word' id='word_1_568' title='bbox 546 4208 656 4264; x_wconf 74' lang='lat' dir='ltr'>Etenim</span> <span class='ocrx_word' id='word_1_569' title='bbox 669 4212 790 4265; x_wconf 78' lang='lat' dir='ltr'>cestrum</span> <span class='ocrx_word' id='word_1_570' title='bbox 804 4212 977 4283; x_wconf 76' lang='lat' dir='ltr'>sanquinem,</span> <span class='ocrx_word' id='word_1_571' title='bbox 1031 4210 1169 4267; x_wconf 84' lang='lat' dir='ltr'>dandam.</span> <span class='ocrx_word' id='word_1_572' title='bbox 1185 4208 1221 4263; x_wconf 84' lang='lat' dir='ltr'>Dt</span> <span class='ocrx_word' id='word_1_573' title='bbox 1234 4206 1299 4264; x_wconf 92' lang='lat' dir='ltr'>ideo</span> <span class='ocrx_word' id='word_1_574' title='bbox 1310 4205 1480 4280; x_wconf 86' lang='lat' dir='ltr'>diligentius</span> <span class='ocrx_word' id='word_1_575' title='bbox 1491 4208 1749 4281; x_wconf 87' lang='lat' dir='ltr'>considerandum,</span> <span class='ocrx_word' id='word_1_576' title='bbox 1765 4226 1801 4267; x_wconf 91' lang='lat' dir='ltr'>ne</span> <span class='ocrx_word' id='word_1_577' title='bbox 1811 4211 1856 4268; x_wconf 82' lang='lat' dir='ltr'>vet</span> 
     </span>
     <span class='ocr_line' id='line_1_45' title="bbox 146 4295 1857 4373; baseline -0.002 -12"><span class='ocrx_word' id='word_1_578' title='bbox 146 4312 176 4361; x_wconf 79' lang='lat' dir='ltr'>ct</span> <span class='ocrx_word' id='word_1_579' title='bbox 201 4304 363 4359; x_wconf 76' lang='lat' dir='ltr'>mimeram</span> <span class='ocrx_word' id='word_1_580' title='bbox 386 4302 541 4354; x_wconf 83' lang='lat' dir='ltr'>vestrarum</span> <span class='ocrx_word' id='word_1_581' title='bbox 564 4298 712 4370; x_wconf 77' lang='lat' dir='ltr'>exquiram</span> <span class='ocrx_word' id='word_1_582' title='bbox 733 4295 766 4352; x_wconf 83' lang='lat' dir='ltr'>de</span> <span class='ocrx_word' id='word_1_583' title='bbox 788 4301 915 4356; x_wconf 75' lang='lat' dir='ltr'>ommim</span> <span class='ocrx_word' id='word_1_584' title='bbox 935 4300 978 4357; x_wconf 83' lang='lat' dir='ltr'>te-</span> <span class='ocrx_word' id='word_1_585' title='bbox 1031 4313 1168 4355; x_wconf 88' lang='lat' dir='ltr'>sermone</span> <span class='ocrx_word' id='word_1_586' title='bbox 1181 4296 1225 4353; x_wconf 88' lang='lat' dir='ltr'>vet</span> <span class='ocrx_word' id='word_1_587' title='bbox 1248 4312 1334 4369; x_wconf 89' lang='lat' dir='ltr'>opere</span> <span class='ocrx_word' id='word_1_588' title='bbox 1362 4295 1572 4353; x_wconf 88' lang='lat' dir='ltr'>contrahamus</span> <span class='ocrx_word' id='word_1_589' title='bbox 1601 4298 1759 4369; x_wconf 68' lang='lat' dir='ltr'>offensam</span> <span class='ocrx_word' id='word_1_590' title='bbox 1786 4300 1857 4373; x_wconf 88' lang='lat' dir='ltr'>quia</span> 
     </span>
     <span class='ocr_line' id='line_1_46' title="bbox 148 4383 1858 4465; baseline 0.001 -17"><span class='ocrx_word' id='word_1_591' title='bbox 148 4394 226 4459; x_wconf 77' lang='lat' dir='ltr'>attis,</span> <span class='ocrx_word' id='word_1_592' title='bbox 242 4393 268 4447; x_wconf 80' lang='lat' dir='ltr'>et</span> <span class='ocrx_word' id='word_1_593' title='bbox 282 4389 317 4446; x_wconf 79' lang='lat' dir='ltr'>de</span> <span class='ocrx_word' id='word_1_594' title='bbox 329 4404 416 4445; x_wconf 82' lang='lat' dir='ltr'>mccc</span> <span class='ocrx_word' id='word_1_595' title='bbox 431 4387 551 4443; x_wconf 76' lang='lat' dir='ltr'>amine</span> <span class='ocrx_word' id='word_1_596' title='bbox 564 4386 640 4460; x_wconf 84' lang='lat' dir='ltr'>(Gen.</span> <span class='ocrx_word' id='word_1_597' title='bbox 658 4404 696 4453; x_wconf 82' lang='lat' dir='ltr'>rx,</span> <span class='ocrx_word' id='word_1_598' title='bbox 712 4387 749 4455; x_wconf 80' lang='lat' dir='ltr'>t).</span> <span class='ocrx_word' id='word_1_599' title='bbox 777 4386 896 4445; x_wconf 89' lang='lat' dir='ltr'>Bestiati</span> <span class='ocrx_word' id='word_1_600' title='bbox 916 4405 978 4445; x_wconf 91' lang='lat' dir='ltr'>ma·</span> <span class='ocrx_word' id='word_1_601' title='bbox 1032 4386 1109 4445; x_wconf 90' lang='lat' dir='ltr'>sicut</span> <span class='ocrx_word' id='word_1_602' title='bbox 1123 4402 1172 4444; x_wconf 90' lang='lat' dir='ltr'>ore</span> <span class='ocrx_word' id='word_1_603' title='bbox 1185 4385 1330 4443; x_wconf 76' lang='lat' dir='ltr'>consessio</span> <span class='ocrx_word' id='word_1_604' title='bbox 1347 4385 1378 4440; x_wconf 84' lang='lat' dir='ltr'>fit</span> <span class='ocrx_word' id='word_1_605' title='bbox 1393 4384 1430 4441; x_wconf 86' lang='lat' dir='ltr'>od</span> <span class='ocrx_word' id='word_1_606' title='bbox 1445 4383 1584 4456; x_wconf 87' lang='lat' dir='ltr'>salutem,</span> <span class='ocrx_word' id='word_1_607' title='bbox 1599 4386 1642 4444; x_wconf 94' lang='lat' dir='ltr'>sic</span> <span class='ocrx_word' id='word_1_608' title='bbox 1652 4404 1701 4445; x_wconf 90' lang='lat' dir='ltr'>ors</span> <span class='ocrx_word' id='word_1_609' title='bbox 1711 4390 1744 4445; x_wconf 90' lang='lat' dir='ltr'>tit</span> <span class='ocrx_word' id='word_1_610' title='bbox 1756 4388 1858 4465; x_wconf 89' lang='lat' dir='ltr'>lapsus</span> 
     </span>
     <span class='ocr_line' id='line_1_47' title="bbox 148 4474 1800 4551; baseline -0.005 -14"><span class='ocrx_word' id='word_1_611' title='bbox 148 4481 224 4538; x_wconf 79' lang='lat' dir='ltr'>litia</span> <span class='ocrx_word' id='word_1_612' title='bbox 237 4476 427 4551; x_wconf 79' lang='lat' dir='ltr'>compararit,</span> <span class='ocrx_word' id='word_1_613' title='bbox 443 4476 502 4533; x_wconf 89' lang='lat' dir='ltr'>imo</span> <span class='ocrx_word' id='word_1_614' title='bbox 516 4474 605 4533; x_wconf 80' lang='lat' dir='ltr'>etiam</span> <span class='ocrx_word' id='word_1_615' title='bbox 625 4474 770 4533; x_wconf 81' lang='lat' dir='ltr'>acervavit</span> <span class='ocrx_word' id='word_1_616' title='bbox 791 4476 977 4549; x_wconf 85' lang='lat' dir='ltr'>iniquitatem</span> <span class='ocrx_word' id='word_1_617' title='bbox 1032 4478 1214 4535; x_wconf 89' lang='lat' dir='ltr'>admortem.</span> <span class='ocrx_word' id='word_1_618' title='bbox 1527 4536 1531 4543; x_wconf 58' lang='grc'><strong>,</strong></span> <span class='ocrx_word' id='word_1_619' title='bbox 1797 4522 1800 4529; x_wconf 25' lang='lat' dir='ltr'>r</span> 
     </span>
     <span class='ocr_line' id='line_1_48' title="bbox 150 4562 1860 4653; baseline 0.001 -28"><span class='ocrx_word' id='word_1_620' title='bbox 150 4564 451 4641; x_wconf 65' lang='lat' dir='ltr'>(amnemamnem</span> <span class='ocrx_word' id='word_1_621' title='bbox 471 4564 632 4621; x_wconf 77' lang='lat' dir='ltr'>hestimum</span> <span class='ocrx_word' id='word_1_622' title='bbox 653 4564 809 4632; x_wconf 84' lang='lat' dir='ltr'>feritatem,</span> <span class='ocrx_word' id='word_1_623' title='bbox 835 4566 977 4624; x_wconf 86' lang='lat' dir='ltr'>dicendo:</span> <span class='ocrx_word' id='word_1_624' title='bbox 994 4587 1017 4653; x_wconf 74' lang='lat'>1)</span> <span class='ocrx_word' id='word_1_625' title='bbox 1068 4568 1113 4622; x_wconf 80' lang='grc'>98.</span> <span class='ocrx_word' id='word_1_626' title='bbox 1131 4566 1184 4635; x_wconf 79' lang='lat' dir='ltr'>Qui</span> <span class='ocrx_word' id='word_1_627' title='bbox 1197 4563 1333 4637; x_wconf 66' lang='lat' dir='ltr'>effuderit,</span> <span class='ocrx_word' id='word_1_628' title='bbox 1350 4562 1455 4636; x_wconf 89' lang='lat' dir='ltr'>iuquit,</span> <span class='ocrx_word' id='word_1_629' title='bbox 1472 4567 1638 4635; x_wconf 77' lang='lat' dir='ltr'>sanquinem</span> <span class='ocrx_word' id='word_1_630' title='bbox 1653 4566 1783 4641; x_wconf 81' lang='lat' dir='ltr'>hominis,</span> <span class='ocrx_word' id='word_1_631' title='bbox 1806 4584 1860 4641; x_wconf 83' lang='lat' dir='ltr'>pro</span> 
     </span>
     <span class='ocr_line' id='line_1_49' title="bbox 152 4652 1857 4730; baseline 0 -14"><span class='ocrx_word' id='word_1_632' title='bbox 152 4664 194 4717; x_wconf 81' lang='lat' dir='ltr'>Dc</span> <span class='ocrx_word' id='word_1_633' title='bbox 206 4673 293 4714; x_wconf 78' lang='lat' dir='ltr'>meaa</span> <span class='ocrx_word' id='word_1_634' title='bbox 306 4656 437 4712; x_wconf 79' lang='lat' dir='ltr'>hominos</span> <span class='ocrx_word' id='word_1_635' title='bbox 450 4654 547 4726; x_wconf 64' lang='lat' dir='ltr'>{ratris</span> <span class='ocrx_word' id='word_1_636' title='bbox 561 4654 665 4727; x_wconf 81' lang='lat' dir='ltr'>(Did).</span> <span class='ocrx_word' id='word_1_637' title='bbox 680 4654 796 4710; x_wconf 76' lang='lat' dir='ltr'>Etenim</span> <span class='ocrx_word' id='word_1_638' title='bbox 811 4654 912 4712; x_wconf 79' lang='lat' dir='ltr'>hestia</span> <span class='ocrx_word' id='word_1_639' title='bbox 931 4658 979 4713; x_wconf 90' lang='lat' dir='ltr'>ni·</span> <span class='ocrx_word' id='word_1_640' title='bbox 1032 4656 1169 4730; x_wconf 75' lang='lat' dir='ltr'>sanquine</span> <span class='ocrx_word' id='word_1_641' title='bbox 1183 4653 1302 4709; x_wconf 80' lang='lat' dir='ltr'>hominia</span> <span class='ocrx_word' id='word_1_642' title='bbox 1315 4653 1374 4725; x_wconf 81' lang='lat' dir='ltr'>ejus</span> <span class='ocrx_word' id='word_1_643' title='bbox 1389 4652 1546 4725; x_wconf 73' lang='lat' dir='ltr'>effundetur</span> <span class='ocrx_word' id='word_1_644' title='bbox 1565 4652 1642 4726; x_wconf 70' lang='lat' dir='ltr'>(om.</span> <span class='ocrx_word' id='word_1_645' title='bbox 1668 4674 1706 4726; x_wconf 88' lang='lat' dir='ltr'>rx,</span> <span class='ocrx_word' id='word_1_646' title='bbox 1731 4658 1770 4728; x_wconf 87' lang='grc'>6).</span> <span class='ocrx_word' id='word_1_647' title='bbox 1794 4658 1857 4716; x_wconf 88' lang='lat' dir='ltr'>Non</span> 
     </span>
     <span class='ocr_line' id='line_1_50' title="bbox 152 4740 1858 4819; baseline 0.001 -17"><span class='ocrx_word' id='word_1_648' title='bbox 152 4745 195 4803; x_wconf 91' lang='lat' dir='ltr'>hit</span> <span class='ocrx_word' id='word_1_649' title='bbox 214 4745 368 4803; x_wconf 85' lang='lat' dir='ltr'>nobiscum</span> <span class='ocrx_word' id='word_1_650' title='bbox 382 4743 493 4801; x_wconf 84' lang='lat' dir='ltr'>hahent</span> <span class='ocrx_word' id='word_1_651' title='bbox 507 4759 664 4801; x_wconf 86' lang='lat' dir='ltr'>commuue</span> <span class='ocrx_word' id='word_1_652' title='bbox 678 4747 801 4812; x_wconf 82' lang='lat' dir='ltr'>natura,</span> <span class='ocrx_word' id='word_1_653' title='bbox 812 4743 893 4801; x_wconf 87' lang='lat' dir='ltr'>nullo</span> <span class='ocrx_word' id='word_1_654' title='bbox 902 4744 982 4802; x_wconf 84' lang='lat' dir='ltr'>velut</span> <span class='ocrx_word' id='word_1_655' title='bbox 1034 4743 1141 4802; x_wconf 84' lang='lat' dir='ltr'>erravit</span> <span class='ocrx_word' id='word_1_656' title='bbox 1155 4741 1273 4809; x_wconf 89' lang='lat' dir='ltr'>locutio,</span> <span class='ocrx_word' id='word_1_657' title='bbox 1290 4742 1340 4797; x_wconf 92' lang='lat' dir='ltr'>sed</span> <span class='ocrx_word' id='word_1_658' title='bbox 1356 4740 1507 4813; x_wconf 88' lang='lat' dir='ltr'>emphasis</span> <span class='ocrx_word' id='word_1_659' title='bbox 1522 4747 1577 4813; x_wconf 90' lang='lat' dir='ltr'>est,</span> <span class='ocrx_word' id='word_1_660' title='bbox 1593 4744 1687 4812; x_wconf 82' lang='lat' dir='ltr'>idest,</span> <span class='ocrx_word' id='word_1_661' title='bbox 1701 4760 1858 4819; x_wconf 85' lang='lat' dir='ltr'>exaggera-</span> 
     </span>
     <span class='ocr_line' id='line_1_51' title="bbox 152 4830 1859 4908; baseline 0.001 -16"><span class='ocrx_word' id='word_1_662' title='bbox 152 4835 285 4893; x_wconf 83' lang='lat' dir='ltr'>traterno</span> <span class='ocrx_word' id='word_1_663' title='bbox 295 4835 364 4906; x_wconf 75' lang='lat' dir='ltr'>iure</span> <span class='ocrx_word' id='word_1_664' title='bbox 377 4831 516 4890; x_wconf 70' lang='lat' dir='ltr'>deducte</span> <span class='ocrx_word' id='word_1_665' title='bbox 530 4836 612 4889; x_wconf 88' lang='lat' dir='ltr'>aunt.</span> <span class='ocrx_word' id='word_1_666' title='bbox 633 4832 663 4889; x_wconf 85' lang='lat' dir='ltr'>si</span> <span class='ocrx_word' id='word_1_667' title='bbox 678 4837 785 4890; x_wconf 89' lang='lat' dir='ltr'>nocent</span> <span class='ocrx_word' id='word_1_668' title='bbox 798 4832 980 4908; x_wconf 84' lang='lat' dir='ltr'>hominihus,</span> <span class='ocrx_word' id='word_1_669' title='bbox 1032 4834 1074 4891; x_wconf 89' lang='lat' dir='ltr'>tio</span> <span class='ocrx_word' id='word_1_670' title='bbox 1090 4833 1166 4889; x_wconf 86' lang='lat' dir='ltr'>tactu</span> <span class='ocrx_word' id='word_1_671' title='bbox 1180 4830 1335 4888; x_wconf 86' lang='lat' dir='ltr'>verborum</span> <span class='ocrx_word' id='word_1_672' title='bbox 1350 4836 1404 4898; x_wconf 85' lang='lat' dir='ltr'>est,</span> <span class='ocrx_word' id='word_1_673' title='bbox 1430 4845 1463 4888; x_wconf 90' lang='lat' dir='ltr'>eo</span> <span class='ocrx_word' id='word_1_674' title='bbox 1491 4833 1571 4905; x_wconf 92' lang='lat' dir='ltr'>quod</span> <span class='ocrx_word' id='word_1_675' title='bbox 1593 4832 1620 4890; x_wconf 87' lang='lat' dir='ltr'>is</span> <span class='ocrx_word' id='word_1_676' title='bbox 1648 4833 1699 4905; x_wconf 91' lang='lat' dir='ltr'>qui</span> <span class='ocrx_word' id='word_1_677' title='bbox 1722 4832 1859 4893; x_wconf 83' lang='lat' dir='ltr'>effuderit</span> 
     </span>
     <span class='ocr_line' id='line_1_52' title="bbox 152 4919 1858 4998; baseline -0.001 -17"><span class='ocrx_word' id='word_1_678' title='bbox 152 4923 243 4998; x_wconf 86' lang='lat' dir='ltr'>quasi</span> <span class='ocrx_word' id='word_1_679' title='bbox 259 4922 405 4980; x_wconf 84' lang='lat' dir='ltr'>extraneis</span> <span class='ocrx_word' id='word_1_680' title='bbox 420 4926 535 4990; x_wconf 88' lang='lat' dir='ltr'>nocent,</span> <span class='ocrx_word' id='word_1_681' title='bbox 556 4921 672 4979; x_wconf 84' lang='lat' dir='ltr'>Natura</span> <span class='ocrx_word' id='word_1_682' title='bbox 683 4922 753 4994; x_wconf 72' lang='lat' dir='ltr'>jura</span> <span class='ocrx_word' id='word_1_683' title='bbox 777 4939 836 4979; x_wconf 89' lang='lat' dir='ltr'>non</span> <span class='ocrx_word' id='word_1_684' title='bbox 860 4922 980 4982; x_wconf 85' lang='lat' dir='ltr'>violant.</span> <span class='ocrx_word' id='word_1_685' title='bbox 1035 4921 1210 4995; x_wconf 85' lang='lat' dir='ltr'>sauguinem</span> <span class='ocrx_word' id='word_1_686' title='bbox 1224 4919 1355 4977; x_wconf 89' lang='lat' dir='ltr'>hominis</span> <span class='ocrx_word' id='word_1_687' title='bbox 1370 4920 1438 4994; x_wconf 77' lang='grc'>(81),</span> <span class='ocrx_word' id='word_1_688' title='bbox 1454 4919 1518 4994; x_wconf 91' lang='lat' dir='ltr'>ipse</span> <span class='ocrx_word' id='word_1_689' title='bbox 1533 4921 1619 4993; x_wconf 89' lang='lat' dir='ltr'>quasi</span> <span class='ocrx_word' id='word_1_690' title='bbox 1630 4922 1751 4994; x_wconf 82' lang='lat' dir='ltr'>sanguis</span> <span class='ocrx_word' id='word_1_691' title='bbox 1763 4922 1858 4980; x_wconf 82' lang='lat' dir='ltr'>attun-</span> 
     </span>
    </p>
   </div>
   <div class='ocr_carea' id='block_1_7' title="bbox 150 5098 1859 5583">
    <p class='ocr_par' dir='ltr' id='par_1_8' title="bbox 150 5098 1859 5583">
     <span class='ocr_line' id='line_1_53' title="bbox 190 5098 1856 5175; baseline 0.002 -16"><span class='ocrx_word' id='word_1_692' title='bbox 190 5102 251 5175; x_wconf 88' lang='lat'>(78)</span> <span class='ocrx_word' id='word_1_693' title='bbox 271 5098 378 5159; x_wconf 87' lang='lat' dir='ltr'>Omnes</span> <span class='ocrx_word' id='word_1_694' title='bbox 393 5099 477 5169; x_wconf 82' lang='lat' dir='ltr'>edit,</span> <span class='ocrx_word' id='word_1_695' title='bbox 491 5099 639 5156; x_wconf 68' lang='lat' dir='ltr'>arctavit.</span> <span class='ocrx_word' id='word_1_696' title='bbox 656 5098 727 5157; x_wconf 82' lang='lat' dir='ltr'>Mes.</span> <span class='ocrx_word' id='word_1_697' title='bbox 744 5099 859 5168; x_wconf 89' lang='lat' dir='ltr'>metius,</span> <span class='ocrx_word' id='word_1_698' title='bbox 872 5118 981 5160; x_wconf 81' lang='lat' dir='ltr'>acerva·</span> <span class='ocrx_word' id='word_1_699' title='bbox 1035 5101 1082 5159; x_wconf 80' lang='lat' dir='ltr'>aad</span> <span class='ocrx_word' id='word_1_700' title='bbox 1096 5102 1280 5173; x_wconf 73' lang='lat' dir='ltr'>singularium</span> <span class='ocrx_word' id='word_1_701' title='bbox 1294 5101 1437 5159; x_wconf 77' lang='lat' dir='ltr'>durorum.</span> <span class='ocrx_word' id='word_1_702' title='bbox 1454 5103 1561 5160; x_wconf 87' lang='lat' dir='ltr'>Locum</span> <span class='ocrx_word' id='word_1_703' title='bbox 1574 5105 1671 5159; x_wconf 89' lang='lat' dir='ltr'>tamen</span> <span class='ocrx_word' id='word_1_704' title='bbox 1681 5119 1697 5159; x_wconf 90' lang='lat' dir='ltr'>a</span> <span class='ocrx_word' id='word_1_705' title='bbox 1707 5102 1770 5161; x_wconf 90' lang='lat' dir='ltr'>cod.</span> <span class='ocrx_word' id='word_1_706' title='bbox 1784 5100 1856 5163; x_wconf 81' lang='lat' dir='ltr'>Mar.</span> 
     </span>
     <span class='ocr_line' id='line_1_54' title="bbox 151 5169 1376 5245; baseline -0.002 -14"><span class='ocrx_word' id='word_1_707' title='bbox 151 5178 207 5237; x_wconf 79' lang='lat' dir='ltr'>eit,</span> <span class='ocrx_word' id='word_1_708' title='bbox 223 5173 255 5228; x_wconf 90' lang='lat' dir='ltr'>id</span> <span class='ocrx_word' id='word_1_709' title='bbox 270 5175 315 5229; x_wconf 86' lang='lat' dir='ltr'>est</span> <span class='ocrx_word' id='word_1_710' title='bbox 329 5170 522 5245; x_wconf 74' lang='lat' dir='ltr'>exaggeravit.</span> <span class='ocrx_word' id='word_1_711' title='bbox 538 5170 572 5228; x_wconf 66' lang='grc' dir='ltr'>Β(</span> <span class='ocrx_word' id='word_1_712' title='bbox 597 5169 652 5226; x_wconf 90' lang='lat' dir='ltr'>hoc</span> <span class='ocrx_word' id='word_1_713' title='bbox 674 5170 763 5227; x_wconf 87' lang='lat' dir='ltr'>semel</span> <span class='ocrx_word' id='word_1_714' title='bbox 790 5174 981 5243; x_wconf 89' lang='lat' dir='ltr'>monendum,</span> <span class='ocrx_word' id='word_1_715' title='bbox 1036 5178 1083 5231; x_wconf 89' lang='lat' dir='ltr'>sat</span> <span class='ocrx_word' id='word_1_716' title='bbox 1098 5173 1171 5230; x_wconf 89' lang='lat' dir='ltr'>bene</span> <span class='ocrx_word' id='word_1_717' title='bbox 1183 5172 1376 5231; x_wconf 86' lang='lat' dir='ltr'>restituimus.</span> 
     </span>
     <span class='ocr_line' id='line_1_55' title="bbox 152 5242 1858 5319; baseline 0.001 -17"><span class='ocrx_word' id='word_1_718' title='bbox 152 5245 208 5303; x_wconf 88' lang='lat' dir='ltr'>uhi</span> <span class='ocrx_word' id='word_1_719' title='bbox 224 5243 351 5300; x_wconf 88' lang='lat' dir='ltr'>habetur</span> <span class='ocrx_word' id='word_1_720' title='bbox 370 5244 400 5299; x_wconf 88' lang='lat' dir='ltr'>in</span> <span class='ocrx_word' id='word_1_721' title='bbox 415 5242 484 5311; x_wconf 87' lang='lat' dir='ltr'>edit,</span> <span class='ocrx_word' id='word_1_722' title='bbox 499 5242 634 5312; x_wconf 85' lang='lat' dir='ltr'>verbum,</span> <span class='ocrx_word' id='word_1_723' title='bbox 654 5243 760 5314; x_wconf 66' lang='lat' dir='ltr'>cento,</span> <span class='ocrx_word' id='word_1_724' title='bbox 785 5258 901 5317; x_wconf 87' lang='lat' dir='ltr'>semper</span> <span class='ocrx_word' id='word_1_725' title='bbox 922 5247 982 5303; x_wconf 81' lang='lat' dir='ltr'>tere</span> <span class='ocrx_word' id='word_1_726' title='bbox 1073 5244 1130 5319; x_wconf 87' lang='lat'>(80)</span> <span class='ocrx_word' id='word_1_727' title='bbox 1145 5242 1212 5301; x_wconf 83' lang='lat' dir='ltr'>Ddit</span> <span class='ocrx_word' id='word_1_728' title='bbox 1227 5244 1322 5312; x_wconf 68' lang='lat' dir='ltr'>Rom„</span> <span class='ocrx_word' id='word_1_729' title='bbox 1337 5260 1387 5317; x_wconf 83' lang='lat' dir='ltr'>per</span> <span class='ocrx_word' id='word_1_730' title='bbox 1412 5244 1461 5300; x_wconf 81' lang='lat' dir='ltr'>tce</span> <span class='ocrx_word' id='word_1_731' title='bbox 1484 5244 1663 5315; x_wconf 73' lang='lat' dir='ltr'>intelligimus</span> <span class='ocrx_word' id='word_1_732' title='bbox 1689 5260 1745 5302; x_wconf 80' lang='lat' dir='ltr'>cca</span> <span class='ocrx_word' id='word_1_733' title='bbox 1768 5246 1858 5305; x_wconf 83' lang='lat' dir='ltr'>cotum</span> 
     </span>
     <span class='ocr_line' id='line_1_56' title="bbox 150 5314 1859 5388; baseline 0.001 -13"><span class='ocrx_word' id='word_1_734' title='bbox 150 5318 184 5375; x_wconf 90' lang='lat' dir='ltr'>in</span> <span class='ocrx_word' id='word_1_735' title='bbox 202 5332 278 5373; x_wconf 88' lang='lat' dir='ltr'>mss.</span> <span class='ocrx_word' id='word_1_736' title='bbox 296 5314 351 5388; x_wconf 89' lang='lat' dir='ltr'>tegi</span> <span class='ocrx_word' id='word_1_737' title='bbox 367 5329 471 5371; x_wconf 81' lang='lat' dir='ltr'>aceruo.</span> <span class='ocrx_word' id='word_1_738' title='bbox 1037 5316 1072 5372; x_wconf 83' lang='lat' dir='ltr'>cb</span> <span class='ocrx_word' id='word_1_739' title='bbox 1086 5318 1291 5383; x_wconf 80' lang='lat' dir='ltr'>extraneorum,</span> <span class='ocrx_word' id='word_1_740' title='bbox 1308 5331 1402 5371; x_wconf 83' lang='lat' dir='ltr'>ueram</span> <span class='ocrx_word' id='word_1_741' title='bbox 1416 5317 1531 5372; x_wconf 80' lang='lat' dir='ltr'>etiamr</span> <span class='ocrx_word' id='word_1_742' title='bbox 1556 5324 1721 5385; x_wconf 81' lang='lat' dir='ltr'>nostrorum,</span> <span class='ocrx_word' id='word_1_743' title='bbox 1748 5317 1797 5376; x_wconf 80' lang='lat' dir='ltr'>troc</span> <span class='ocrx_word' id='word_1_744' title='bbox 1819 5326 1859 5377; x_wconf 81' lang='lat' dir='ltr'>eat</span> 
     </span>
     <span class='ocr_line' id='line_1_57' title="bbox 201 5384 1859 5458; baseline 0.004 -16"><span class='ocrx_word' id='word_1_745' title='bbox 201 5388 252 5457; x_wconf 81' lang='grc'>79)</span> <span class='ocrx_word' id='word_1_746' title='bbox 269 5387 320 5442; x_wconf 89' lang='lat' dir='ltr'>Die</span> <span class='ocrx_word' id='word_1_747' title='bbox 335 5402 382 5443; x_wconf 90' lang='lat' dir='ltr'>ma</span> <span class='ocrx_word' id='word_1_748' title='bbox 404 5403 441 5443; x_wconf 86' lang='lat' dir='ltr'>na</span> <span class='ocrx_word' id='word_1_749' title='bbox 453 5390 517 5442; x_wconf 89' lang='lat' dir='ltr'>tum</span> <span class='ocrx_word' id='word_1_750' title='bbox 532 5385 562 5440; x_wconf 89' lang='lat' dir='ltr'>in</span> <span class='ocrx_word' id='word_1_751' title='bbox 577 5400 650 5441; x_wconf 90' lang='lat' dir='ltr'>mss.</span> <span class='ocrx_word' id='word_1_752' title='bbox 666 5384 773 5441; x_wconf 87' lang='lat' dir='ltr'>tamin</span> <span class='ocrx_word' id='word_1_753' title='bbox 789 5384 859 5441; x_wconf 89' lang='lat' dir='ltr'>edit.</span> <span class='ocrx_word' id='word_1_754' title='bbox 881 5400 982 5442; x_wconf 86' lang='lat' dir='ltr'>corrn-</span> <span class='ocrx_word' id='word_1_755' title='bbox 1038 5386 1249 5445; x_wconf 70' lang='lat' dir='ltr'>deneratam-um</span> <span class='ocrx_word' id='word_1_756' title='bbox 1263 5386 1483 5458; x_wconf 71' lang='lat' dir='ltr'>cogitationibus.</span> <span class='ocrx_word' id='word_1_757' title='bbox 1494 5385 1550 5442; x_wconf 87' lang='lat' dir='ltr'>Sed</span> <span class='ocrx_word' id='word_1_758' title='bbox 1561 5384 1716 5443; x_wconf 89' lang='lat' dir='ltr'>lectionem</span> <span class='ocrx_word' id='word_1_759' title='bbox 1727 5394 1859 5448; x_wconf 87' lang='lat' dir='ltr'>nostram</span> 
     </span>
     <span class='ocr_line' id='line_1_58' title="bbox 150 5401 1859 5583; baseline 0.002 -66"><span class='ocrx_word' id='word_1_760' title='bbox 150 5465 229 5533; x_wconf 88' lang='lat' dir='ltr'>ptro.</span> <span class='ocrx_word' id='word_1_761' title='bbox 243 5458 316 5516; x_wconf 86' lang='lat' dir='ltr'>God.</span> <span class='ocrx_word' id='word_1_762' title='bbox 333 5401 429 5526; x_wconf 65' lang='lat' dir='ltr'>Cori),</span> <span class='ocrx_word' id='word_1_763' title='bbox 445 5456 536 5525; x_wconf 80' lang='lat' dir='ltr'>Ceth,</span> <span class='ocrx_word' id='word_1_764' title='bbox 551 5455 631 5512; x_wconf 88' lang='lat' dir='ltr'>Valo.</span> <span class='ocrx_word' id='word_1_765' title='bbox 649 5472 682 5511; x_wconf 88' lang='lat' dir='ltr'>ae</span> <span class='ocrx_word' id='word_1_766' title='bbox 696 5454 766 5512; x_wconf 90' lang='lat' dir='ltr'>edit.</span> <span class='ocrx_word' id='word_1_767' title='bbox 782 5456 860 5525; x_wconf 80' lang='lat' dir='ltr'>tim,</span> <span class='ocrx_word' id='word_1_768' title='bbox 872 5456 939 5513; x_wconf 87' lang='lat' dir='ltr'>Diti.</span> <span class='ocrx_word' id='word_1_769' title='bbox 954 5462 983 5514; x_wconf 89' lang='lat' dir='ltr'>et</span> <span class='ocrx_word' id='word_1_770' title='bbox 1038 5474 1146 5533; x_wconf 88' lang='lat' dir='ltr'>magno</span> <span class='ocrx_word' id='word_1_771' title='bbox 1162 5473 1307 5514; x_wconf 89' lang='lat' dir='ltr'>consensu</span> <span class='ocrx_word' id='word_1_772' title='bbox 1316 5457 1478 5583; x_wconf 57' lang='lat' dir='ltr'>graiarum</span> <span class='ocrx_word' id='word_1_773' title='bbox 1492 5474 1563 5513; x_wconf 88' lang='lat' dir='ltr'>mss.</span> <span class='ocrx_word' id='word_1_774' title='bbox 1579 5474 1612 5515; x_wconf 86' lang='lat' dir='ltr'>ac</span> <span class='ocrx_word' id='word_1_775' title='bbox 1626 5463 1682 5517; x_wconf 79' lang='lat' dir='ltr'>vet.</span> <span class='ocrx_word' id='word_1_776' title='bbox 1698 5460 1779 5529; x_wconf 82' lang='lat' dir='ltr'>edit,</span> <span class='ocrx_word' id='word_1_777' title='bbox 1802 5462 1859 5520; x_wconf 90' lang='lat' dir='ltr'>nisi</span> 
     </span>
    </p>
   </div>
   <div class='ocr_carea' id='block_1_8' title="bbox 148 5526 1867 5757">
    <p class='ocr_par' dir='ltr' id='par_1_9' title="bbox 148 5526 1867 5757">
     <span class='ocr_line' id='line_1_59' title="bbox 173 5526 1763 5605; baseline 0.001 -18"><span class='ocrx_word' id='word_1_778' title='bbox 173 5530 296 5588; x_wconf 76' lang='lat' dir='ltr'>uadem</span> <span class='ocrx_word' id='word_1_779' title='bbox 322 5528 426 5595; x_wconf 77' lang='lat' dir='ltr'>Paris,</span> <span class='ocrx_word' id='word_1_780' title='bbox 442 5545 498 5585; x_wconf 83' lang='lat' dir='ltr'>aon</span> <span class='ocrx_word' id='word_1_781' title='bbox 516 5528 573 5584; x_wconf 84' lang='lat' dir='ltr'>citi</span> <span class='ocrx_word' id='word_1_782' title='bbox 592 5530 709 5591; x_wconf 83' lang='lat' dir='ltr'>tantam,</span> <span class='ocrx_word' id='word_1_783' title='bbox 735 5526 783 5582; x_wconf 80' lang='lat' dir='ltr'>sed</span> <span class='ocrx_word' id='word_1_784' title='bbox 805 5527 985 5597; x_wconf 60' lang='lat' dir='ltr'>maeatarum</span> <span class='ocrx_word' id='word_1_785' title='bbox 1039 5531 1116 5603; x_wconf 90' lang='lat' dir='ltr'>quod</span> <span class='ocrx_word' id='word_1_786' title='bbox 1132 5529 1163 5585; x_wconf 88' lang='lat' dir='ltr'>in</span> <span class='ocrx_word' id='word_1_787' title='bbox 1177 5529 1283 5585; x_wconf 89' lang='lat' dir='ltr'>iisdem</span> <span class='ocrx_word' id='word_1_788' title='bbox 1299 5542 1315 5584; x_wconf 89' lang='lat' dir='ltr'>e</span> <span class='ocrx_word' id='word_1_789' title='bbox 1337 5527 1368 5583; x_wconf 87' lang='lat' dir='ltr'>it.</span> <span class='ocrx_word' id='word_1_790' title='bbox 1381 5544 1436 5585; x_wconf 87' lang='lat' dir='ltr'>vox</span> <span class='ocrx_word' id='word_1_791' title='bbox 1450 5528 1560 5585; x_wconf 77' lang='lat' dir='ltr'>insidiis</span> <span class='ocrx_word' id='word_1_792' title='bbox 1574 5544 1632 5587; x_wconf 88' lang='lat' dir='ltr'>non</span> <span class='ocrx_word' id='word_1_793' title='bbox 1646 5529 1763 5605; x_wconf 88' lang='lat' dir='ltr'>legitur.</span> 
     </span>
     <span class='ocr_line' id='line_1_60' title="bbox 236 5597 1867 5733; baseline 0.004 -75"><span class='ocrx_word' id='word_1_794' title='bbox 236 5599 493 5687; x_wconf 66' lang='lat' dir='ltr'>ramMsavat„</span> <span class='ocrx_word' id='word_1_795' title='bbox 512 5600 600 5684; x_wconf 77' lang='lat' dir='ltr'>teng.</span> <span class='ocrx_word' id='word_1_796' title='bbox 632 5599 743 5682; x_wconf 42' lang='lat' dir='ltr'>et&#39;Era</span> <span class='ocrx_word' id='word_1_797' title='bbox 770 5598 909 5683; x_wconf 76' lang='lat' dir='ltr'>edit.,·...</span> <span class='ocrx_word' id='word_1_798' title='bbox 937 5597 985 5659; x_wconf 82' lang='lat' dir='ltr'>aed</span> <span class='ocrx_word' id='word_1_799' title='bbox 1074 5598 1469 5733; x_wconf 34' lang='grc' dir='ltr'>(ξμιιὼιτοείιις(ιοιχίᾳῗι&gt;Ι</span> <span class='ocrx_word' id='word_1_800' title='bbox 1494 5600 1590 5659; x_wconf 87' lang='lat' dir='ltr'>reddit</span> <span class='ocrx_word' id='word_1_801' title='bbox 1604 5602 1867 5705; x_wconf 69' lang='lat' dir='ltr'>seutentiathX&#39;</span> 
     </span>
     <span class='ocr_line' id='line_1_61' title="bbox 148 5670 1859 5757; baseline 0.004 -24"><span class='ocrx_word' id='word_1_802' title='bbox 148 5675 349 5751; x_wconf 63' lang='lat' dir='ltr'>nugatoriam</span> <span class='ocrx_word' id='word_1_803' title='bbox 362 5671 513 5732; x_wconf 77' lang='lat' dir='ltr'>dommum</span> <span class='ocrx_word' id='word_1_804' title='bbox 528 5670 598 5731; x_wconf 79' lang='lat' dir='ltr'>Atia</span> <span class='ocrx_word' id='word_1_805' title='bbox 612 5670 716 5743; x_wconf 69' lang='lat' dir='ltr'>Paua,</span> <span class='ocrx_word' id='word_1_806' title='bbox 729 5685 783 5729; x_wconf 82' lang='lat' dir='ltr'>non</span> <span class='ocrx_word' id='word_1_807' title='bbox 804 5671 859 5733; x_wconf 78' lang='lat' dir='ltr'>att</span> <span class='ocrx_word' id='word_1_808' title='bbox 876 5674 985 5735; x_wconf 81' lang='lat' dir='ltr'>tantam</span> <span class='ocrx_word' id='word_1_809' title='bbox 1039 5672 1072 5734; x_wconf 89' lang='lat' dir='ltr'>Iu</span> <span class='ocrx_word' id='word_1_810' title='bbox 1104 5688 1164 5749; x_wconf 85' lang='lat' dir='ltr'>rpr.</span> <span class='ocrx_word' id='word_1_811' title='bbox 1190 5674 1236 5731; x_wconf 78' lang='lat' dir='ltr'>sic</span> <span class='ocrx_word' id='word_1_812' title='bbox 1268 5687 1347 5733; x_wconf 89' lang='lat' dir='ltr'>emm</span> <span class='ocrx_word' id='word_1_813' title='bbox 1385 5670 1446 5735; x_wconf 83' lang='lat' dir='ltr'>dtr.</span> <span class='ocrx_word' id='word_1_814' title='bbox 1471 5684 1490 5737; x_wconf 86' lang='grc' dir='ltr'>ο</span> <span class='ocrx_word' id='word_1_815' title='bbox 1518 5681 1611 5755; x_wconf 58' lang='lat' dir='ltr'>textor</span> <span class='ocrx_word' id='word_1_816' title='bbox 1638 5680 1699 5749; x_wconf 70' lang='lat' dir='ltr'>etas</span> <span class='ocrx_word' id='word_1_817' title='bbox 1731 5684 1859 5757; x_wconf 63' lang='lat' dir='ltr'>scoparet</span> 
     </span>
    </p>
   </div>
   <div class='ocr_carea' id='block_1_9' title="bbox 321 5798 1702 5869">
    <p class='ocr_par' dir='ltr' id='par_1_10' title="bbox 321 5798 1702 5869">
     <span class='ocr_line' id='line_1_62' title="bbox 321 5798 1702 5869; baseline 0.001 -1"><span class='ocrx_word' id='word_1_818' title='bbox 321 5800 450 5869; x_wconf 74' lang='lat' dir='ltr'>terror.</span> <span class='ocrx_word' id='word_1_819' title='bbox 472 5798 552 5869; x_wconf 77' lang='lat' dir='ltr'>xit.</span> <span class='ocrx_word' id='word_1_820' title='bbox 1662 5804 1702 5869; x_wconf 81' lang='lat' dir='ltr'>tt</span> 
     </span>
    </p>
   </div>
   <div class='ocr_carea' id='block_1_10' title="bbox 0 0 2084 6181">
    <p class='ocr_par' dir='ltr' id='par_1_11' title="bbox 0 0 2084 6181">
     <span class='ocr_line' id='line_1_63' title="bbox 0 0 2084 6181; baseline 0 0"><span class='ocrx_word' id='word_1_821' title='bbox 0 0 2084 6181; x_wconf 95' lang='lat' dir='ltr'> </span> 
     </span>
    </p>
   </div>
  </div>
 </body>
</html>
