4159 6184
182 367 235 457 ter
797 378 1155 471 consentitur
1175 386 1291 454 sace.
1828 382 1889 467 titt

208 512 312 589 Μ
336 505 739 585 thiltliirssemhus,
762 532 870 576 munem
892 533 1014 582 mmera-
1029 516 1057 589 Δ
1070 520 1213 581 mtionmr
1233 524 1347 599 gsnerb
1368 526 1496 583 servaret
1515 518 1637 593 humani
1650 516 1888 595 ueluttioigper-
1971 536 1972 539 ’
1999 498 2002 503 ’

179 603 416 677 meum&
434 617 455 671 e
476 601 554 673 totio
577 611 661 665 ternae
682 605 876 677 (demerui).
894 606 1014 663 Oeoele-
1069 612 1210 683 petuitute
1229 613 1406 677 tabularum.
1427 617 1460 669 ut
1490 629 1525 669 ex
1556 628 1590 669 ea
1615 627 1714 669 semen
1740 609 1888 683 reliquum

179 696 268 765 stium
293 690 490 767 pruchmtudo
515 690 684 762 verborum,
699 694 725 751 si
749 696 816 767 quis
831 695 1013 754 seadecoro
1068 700 1235 773 pullularet.
1256 702 1307 759 Cui
1335 700 1484 759 sententie
1514 699 1664 757 convenire
1692 698 1780 755 etiam
1811 700 1887 777 ²4⁸

177 784 327 859 intellectu
352 779 408 854 pie
429 778 542 837 mentis
567 782 734 842 examinet?
749 784 919 859 Indignatur
935 785 1012 841 Deus
1068 784 1140 845 illud
1168 788 1284 846 videtur
1311 790 1389 863 quod
1419 789 1486 845 ait:
1511 789 1616 857 Deiota,
1646 788 1752 861 inquit,
1779 804 1888 845 omnem

177 873 304 949 peccetis
336 870 459 939 nostris,
496 868 550 930 sed
580 887 637 927 uon
668 872 851 931 obliviscitur
882 874 1009 948 pietatis.
1066 880 1293 935 resurrectionem
1319 879 1421 935 cornis.
1451 876 1664 935 Resurrecticni
1681 880 1781 935 autem
1805 894 1888 935 com·

175 962 307 1021 llinatur
320 956 522 1033 supplicium,
538 958 591 1017 sed
617 975 676 1017 non
688 962 832 1033 permittit
851 962 1009 1021 excidium·
1067 968 1149 1023 muni
1166 984 1221 1023 usu
1237 972 1347 1025 natura
1365 966 1509 1023 contraria
1522 966 1712 1023 videturesse
1736 965 1886 1039 purgatio;

176 1048 537 1119 &demturaindictam
552 1051 669 1105 revocat
682 1051 878 1107 severitatem.
891 1052 1009 1109 Delatu-
1065 1055 1136 1130 quis
1158 1057 1330 1129 purgatione
1353 1052 1502 1120 reciditur,
1518 1058 1547 1111 et
1570 1053 1737 1128 reprimitur
1756 1071 1886 1113 resurre-

177 1158 241 1209 rum
270 1157 304 1197 se
326 1139 401 1198 dicit
418 1152 540 1195 omnem
558 1153 679 1198 ceruam
700 1156 758 1195 non
777 1143 900 1206 eterra,
921 1141 1009 1199 seda
1064 1143 1886 1217 ctionisluxuria.0muelemenquodpurgatur,speciem

175 1230 246 1290 lucie
260 1234 356 1295 terra.
373 1226 490 1286 Florem
507 1224 634 1295 decutit,
658 1228 785 1285 redirem
808 1233 920 1297 servat;
936 1230 1009 1285 sinit
1063 1232 1182 1301 amittit,
1200 1232 1399 1290 substantiam
1415 1247 1498 1287 suam
1515 1236 1620 1299 servat,
1636 1236 1724 1303 atque
1740 1230 1886 1287 meliorat.

176 1314 603 1390 ntiuproiupdosubstsutiae
618 1316 699 1372 virus
720 1319 838 1373 maneat
856 1315 1005 1386 humana,
1062 1318 1212 1393 Repressit
1247 1322 1338 1395 igitur
1368 1319 1507 1375 Dominus
1538 1320 1588 1393 qui
1615 1321 1680 1391 jam
1713 1319 1888 1395 purgatione

173 1424 238 1481 guas
261 1405 301 1471 ¹in
336 1404 493 1476 superlicio
531 1403 656 1473 laboret,
690 1406 772 1461 intus
813 1404 1006 1476 impassibilis
1063 1406 1164 1464 diluvii
1188 1424 1360 1483 corporeum
1380 1424 1467 1463 usum
1486 1408 1554 1480 (31),
1574 1408 1888 1479 conversationemque

173 1495 345 1570 perseveret,
360 1490 564 1563 immunisque
578 1510 661 1560 noso
686 1493 723 1551 ad
746 1493 1005 1551 eorumsubstitu·
1060 1498 1257 1569 generationis
1289 1497 1354 1567 ejus
1387 1513 1451 1567 que
1484 1497 1707 1569 degeneraverat
1735 1514 1755 1551 a
1781 1496 1887 1554 decoro

171 1584 280 1643 &uem
314 1580 366 1651 qai
400 1594 457 1637 non
479 1578 543 1649 sint
560 1581 658 1639 reatui
678 1577 804 1641 cononi,
829 1587 1003 1640 reservetur.
1061 1589 1172 1641 nature
1193 1590 1222 1645 et
1243 1584 1352 1655 accepti
1375 1583 1514 1653 muneris,
1533 1588 1678 1641 venustat.
1698 1585 1886 1643 Haeserun-

167 1670 293 1733 Fatum-e
304 1672 407 1733 autem
419 1667 527 1740 posuit,
544 1670 656 1738 Dente,
672 1674 819 1740 uuquam
837 1666 1003 1729 litterarum
1059 1673 1131 1743 dum
1152 1674 1292 1731 litteram.
1318 1673 1399 1738 Quod
1421 1677 1518 1731 autem
1542 1675 1578 1730 ad
1603 1673 1735 1733 altiorem
1750 1672 1886 1747 pertinet

168 1758 264 1833 spires
284 1754 486 1829 quidelentur
514 1756 580 1815 sine
602 1758 710 1821 Fraude
720 1755 882 1824 librorum,
896 1762 926 1813 et
939 1757 1004 1817 siae
1060 1777 1180 1817 sensum
1207 1759 1307 1818 diluvii
1331 1761 1443 1837 species
1462 1766 1548 1835 typus
1563 1766 1607 1819 est
1624 1761 1805 1834 purgationis
1819 1758 1884 1815 ani-

166 1843 372 1914 imminutione
385 1843 560 1911 trbuiamm.
577 1848 794 1908 Atramentum
809 1842 937 1913 deletur,
951 1848 1003 1904 sed
1061 1865 1115 1905 me
1131 1852 1249 1907 nostra.
1266 1848 1367 1921 ltaque
1382 1865 1448 1905 cum
1465 1867 1546 1905 ramis
1564 1853 1661 1905 nostra
1676 1864 1707 1906 se
1720 1866 1741 1905 a
1751 1862 1885 1919 corppra-

166 1939 279 2013 ugrum
292 1937 410 2001 ,manet
426 1932 567 1995 Delector
586 1934 755 2004 elementa,
777 1934 811 1991 ut
834 1934 1005 2001 scribantur
1059 1935 1138 1997 libus
1155 1936 1259 1994 muudi
1274 1934 1364 2011 hujus
1378 1937 1522 1995 illecebris
1537 1939 1645 2011 quibus
1665 1940 1732 1993 ants
1755 1933 1883 1991 delceta-

166 2021 477 2105 plsrupagaemeliora.
491 2025 703 2093 dramatum
719 2022 1003 2089 tollitur,substau·
1059 2024 1157 2094 batur,
1168 2022 1390 2092 abluerit,houis
1404 2044 1520 2103 quoque
1535 2022 1761 2100 cogitationibus
1776 2021 1883 2079 veteris

168 2120 276 2187 ilum
296 2112 512 2183 summittatur.
529 2111 652 2180 neimo,
666 2114 782 2188 iuquit,
797 2110 1002 2184 corruptelam
1058 2112 1216 2171 colluviem
1231 2113 1400 2185 cupiditatis
1424 2118 1580 2189 absterget,
1595 2120 1736 2187 tanquam
1751 2110 1881 2187 *puriori

166 2202 466 2277 “inmutantibus
479 2202 758 2276 gipcorraptiousm.
769 2201 1003 2273 Deleborssur·
1056 2200 1116 2257 hus
1132 2201 1294 2259 absorbeas
1309 2204 1392 2277 aquis
1405 2205 1589 2263 turbidorum
1604 2204 1685 2278 prius
1710 2199 1882 2261 amaritudi-

168 2299 322 2367 ssetiepem
346 2293 443 2362 earnis
467 2310 486 2351 a
513 2291 589 2360 isoio
613 2295 708 2361 tems,
742 2299 777 2351 ut
802 2291 942 2350 scribam
970 2291 1002 2346 iu
1055 2304 1131 2347 nem
1148 2288 1336 2351 fluentorum.

171 2387 333 2463 pebedbus
355 2379 727 2457 murmurabundus
748 2383 945 2451 libroterrs,
963 2383 1003 2446 ¹ut
1092 2380 1145 2433 47.
1163 2378 1282 2451 litsecit,
1297 2380 1399 2454 inquit,
1415 2386 1507 2441 omnio
1530 2384 1585 2441 Noe
1608 2396 1670 2455 poce
1693 2379 1833 2444 medem
1854 2380 1884 2435 ei

168 2479 294 2545 sssipm
313 2477 353 2544 ip
375 2473 449 2536 libro
470 2467 736 2541 vilmlleleantur,
750 2469 886 2538 Domine
906 2484 1000 2534 meus,
1055 2466 1194 2526 Dominus
1208 2468 1281 2525 Deus
1299 2470 1374 2539 (Gerr.
1396 2472 1612 2547 vt1,5).Justus
1639 2469 1778 2527 mandata
1800 2482 1882 2525 acce-

168 2568 303 2637 thmjue,
316 2564 469 2633 dsleapbsr
482 2560 541 2631 cito
556 2558 702 2623 elementa
714 2559 795 2629 lsrri,
811 2563 851 2615 ut
871 2557 1001 2615 scriban-
1056 2553 1112 2627 pit,
1133 2573 1234 2615 servus
1255 2556 1388 2630 imperia.
1405 2562 1455 2619 liic
1478 2560 1563 2617 amici
1588 2562 1722 2617 censetur
1744 2555 1806 2613 loco
1829 2554 1882 2629 qpi

168 2664 221 2733 'tar
233 2646 674 2722 elementatillsristiliboiestur
687 2647 866 2704 resurrectio
876 2652 1003 2712 terrens,
1056 2642 1163 2703 iecerit
1178 2663 1362 2721 quecunque
1376 2650 1558 2723 exsequenda
1573 2646 1732 2721 susceperit
1748 2663 1761 2700 ε.
1771 2644 1820 2701 ille
1830 2643 1882 2715 qui

172 2747 347 2815 &ababa
360 2737 626 2818 grstiureduadet.
641 2734 726 2801 Veni,
741 2736 1005 2808 Moysesprapnre
1055 2737 1147 2790 nutat
1161 2736 1325 2810 obsequiis,
1341 2740 1419 2797 oneri
1442 2737 1592 2797 servitutis
1616 2734 1770 2793 addicitur.
1792 2731 1882 2807 ¹lieni-

172 2815 331 2915 μάψ,
350 2834 447 2906 tagam
465 2827 575 2901 accipe,
589 2822 713 2895 suscipe
729 2825 831 2896 apices
855 2824 1004 2896 qucsjzrm
1057 2838 1118 2895 que
1134 2829 1162 2881 et
1176 2826 1321 2883 Dominus
1335 2827 1422 2887 desua
1436 2829 1506 2885 dicit
1520 2828 1547 2883 in
1557 2824 1730 2899 Evangelio:
1741 2822 1885 2884 Vosomici

170 2923 381 2990 wicpertus
410 2918 512 2987 divina
531 2932 598 2981 ,uon
621 2912 726 2978 deleat.
745 2913 871 2986 Suscipe
889 2912 1006 2970 tabulas
1059 2914 1117 2975 mei
1140 2917 1214 2985 estu,
1234 2917 1262 2972 si
1279 2918 1397 2989 feceritis
1415 2932 1478 2991 pum
1495 2918 1627 2991 prtecipio
1645 2914 1729 2971 coln.
1746 2915 1810 2976 lom
1828 2929 1885 2986 raon

173 3035 252 3092 'qm
278 3012 423 3077 Dominus
446 3008 559 3066 statum
579 3001 920 3068 interannuntiantem
943 3001 1007 3073 ipse
1058 3001 1152 3065 dicum
1178 3021 1223 3063 cos
1252 3022 1344 3061 sorum
1372 3009 1460 3081 (loun.
1487 3024 1533 3072 xv,
1559 3008 1593 3061 ll
1610 3014 1636 3063 et
1651 3004 1710 3077 lbi.
1730 3003 1887 3070 Mandator

173 3097 433 3175 m.smgu,.sst
450 3094 534 3165 ipsas
553 3090 626 3159 mihi
646 3104 712 3151 mea
729 3087 818 3161 culpa
836 3088 1006 3156 sustulerat,
1060 3105 1129 3163 ergo
1151 3096 1182 3148 ut
1200 3094 1306 3161 emico,
1327 3099 1486 3155 mandatur
1504 3099 1537 3152 ut
1555 3095 1581 3152 ei
1600 3094 1649 3171 qui
1676 3092 1772 3163 valida
1795 3093 1887 3153 chari·

172 3196 238 3258 ω
256 3190 410 3259 ,Μωυε
431 3179 626 3251 reddidisset.
640 3177 711 3240 lure
740 3176 859 3249 quidem
893 3178 1008 3251 Moyses
1061 3183 1131 3245 tute,
1148 3181 1245 3238 sobrio
1275 3185 1398 3243 consilio
1414 3203 1448 3243 es
1471 3203 1536 3257 qus
1558 3186 1790 3255 manditarent,
1805 3202 1887 3245 exse-

173 3284 351 3357 ww
365 3278 422 3342 opt,
439 3287 476 3334 ne
494 3268 636 3335 babuerit
659 3264 758 3321 diviua
781 3265 941 3339 privilegis,
958 3245 1181 3340 quicquatur.
1211 3270 1268 3325 Nec
1301 3254 1413 3330 lelellit'
1434 3272 1592 3331 Dominum
1608 3274 1754 3347 judicium
1788 3291 1887 3349 suum,

170 3366 402 3437 monterrant
415 3358 568 3430 obsequis.
583 3356 640 3412 Sed
665 3357 737 3427 puto
761 3354 840 3425 quod
861 3371 919 3411 non
934 3355 1008 3411 mibi
1061 3355 1306 3429 implevitjustus
1322 3363 1468 3431 universa,
1486 3379 1542 3419 non
1560 3364 1736 3436 partem,sed
1753 3364 1889 3437 universe

170 3479 241 3528 ω,
254 3458 306 3520 ssd
315 3450 432 3521 ,iudeis
446 3446 576 3521 tragonis.
594 3442 717 3517 Fregisti
733 3441 857 3510 iudeis,
873 3442 1009 3515 recepisti
1062 3460 1126 3517 qne
1156 3446 1296 3502 meudula
1323 3456 1395 3507 sunt
1419 3452 1462 3518 ei;
1483 3455 1512 3507 et
1529 3451 1594 3509 ideo
1614 3453 1769 3529 Scriptura
1784 3454 1888 3512 divina

175 3548 263 3609 milri.
279 3546 389 3603 Fracte
420 3540 492 3596 sunt
506 3534 629 3608 priores,
647 3535 679 3588 ot
700 3529 886 3601 ,posteriores
905 3548 1008 3589 mane·
1056 3533 1174 3607 accepit
1188 3534 1404 3595 testimouium.
1419 3540 1477 3595 Nec
1493 3542 1675 3613 superfluum
1706 3550 1791 3617 putes
1820 3544 1889 3619 quia

174 3641 254 3696 rent
265 3628 388 3705 Fregisti
410 3642 461 3683 eas
489 3621 519 3680 iu
539 3620 708 3695 pectoribus
731 3615 909 3675 iudeorum.
933 3620 1007 3685 Quid
1060 3620 1152 3677 simul
1167 3621 1265 3697 posuit
1280 3621 1440 3683 Dominum
1455 3631 1483 3682 et
1497 3627 1601 3699 Deum,
1615 3649 1683 3689 nam
1712 3637 1740 3690 et
1764 3634 1843 3707 Deus
1858 3634 1887 3690 in

174 3726 258 3795 mim
277 3718 417 3799 maer-gt
435 3715 469 3774 ut
489 3709 606 3779 tabulas
627 3709 770 3776 maerent,
786 3722 913 3778 quarum
935 3725 1007 3780 pra·
1063 3709 1195 3774 Domino,
1211 3714 1239 3766 et
1254 3709 1397 3770 Dominus
1412 3714 1442 3769 in
1459 3719 1516 3773 Deo
1533 3734 1540 3773 ;
1556 3720 1606 3775 sed
1624 3726 1656 3775 ut
1674 3721 1767 3779 Patris
1792 3726 1822 3778 et
1835 3722 1902 3780 Fi·

169 3814 402 3889 ,πίμπρη
413 3819 473 3870 pon
490 3798 629 3872 possenti
645 3798 718 3858 acce
730 3796 875 3855 secundas
891 3794 1009 3856 tabulas
1061 3797 1094 3853 lii
1111 3796 1258 3871 intelliges
1282 3815 1440 3859 commune
1464 3810 1651 3877 preceptum.
1668 3808 1764 3883 Aliqui
1789 3813 1888 3870 lamen

168 3905 282 3962 gimo
295 3888 521 3958 “maamad
535 3904 592 3945 uon
608 3888 719 3944 tecam.
737 3884 844 3940 Dicunt
856 3902 890 3943 se
914 3885 1009 3959 legere
1064 3888 1131 3942 ante
1145 3902 1198 3942 uos
1210 3886 1252 3942 sic
1266 3885 1450 3961 interpretati
1465 3895 1582 3959 suut,eo
1597 3896 1676 3966 quod
1691 3896 1850 3955 Dominum
1861 3904 1890 3955 et

172 3990 280 4061 divine
294 3978 506 4058 elements,sed
523 3993 581 4032 non
594 3972 807 4048 leguntlligito
821 3974 870 4030 liei
883 3975 1009 4048 scriptas
1060 3974 1156 4041 ‚neum
1172 3974 1293 4031 dicendo
1309 3976 1364 4035 boc
1377 3977 1452 4045 loco,
1467 3984 1497 4036 et
1519 3980 1695 4040 vindicaturi
1717 3989 1744 4041 et
1765 3984 1890 4059 ignosci-

175 4058 248 4153 μὴ
261 4070 511 4150 papulmMoyses
524 4064 597 4132 dicit
612 4066 705 4133 (Dent.
721 4078 761 4131 11,
778 4060 822 4135 10)
839 4080 845 4119 :
865 4062 910 4119 illi
934 4064 1010 4137 digi-
1064 4063 1122 4119 turi
1138 4062 1286 4137 geminam
1302 4068 1478 4139 expresserit
1501 4073 1691 4141 potestatem
1714 4076 1744 4127 et
1767 4072 1817 4147 qui
1842 4072 1890 4131 hic

168 4175 249 4229 mm
264 4163 388 4231 ueiens
406 4156 521 4231 legunt,
544 4153 656 4228 istrum
675 4150 787 4224 legunt.
809 4152 1010 4209 stramentum
1065 4151 1287 4226 vindicatprius
1313 4154 1342 4211 iu
1359 4161 1533 4229 peccatores,
1551 4157 1614 4215 ideo
1638 4164 1707 4217 ante
1730 4160 1890 4221 Dominum

174 4256 294 4319 vident,
313 4246 460 4322 spiritum
487 4240 536 4299 bei
560 4258 618 4297 non
650 4239 760 4296 vident.
794 4238 851 4296 Sed
883 4240 1012 4297 Fcolesia
1066 4239 1187 4309 dixerit;
1205 4242 1343 4314 quoniam
1359 4261 1425 4300 vero
1437 4250 1549 4317 postea,
1565 4251 1599 4303 ut
1612 4248 1684 4319 justi
1696 4249 1891 4307 seminarium

169 4337 500 4417 ¹„mpii,otrciirssututru
513 4328 654 4403 spiritum
666 4324 889 4401 noritldeoque
903 4329 1013 4386 Paulus
1062 4335 1247 4403 propagetur
1260 4331 1404 4406 indulget,
1420 4334 1485 4391 ideo
1500 4339 1708 4411 Deumpostea
1725 4338 1893 4397 nominave-

167 4423 476 4500 mttmitppmnon
492 4415 734 4485 atramento,sed
756 4413 862 4487 spiritu
884 4416 935 4473 Dei
957 4415 1013 4472 vivi
1068 4416 1116 4473 rit.
1133 4418 1265 4493 Denique
1288 4420 1419 4476 lactarus
1444 4422 1589 4479 mundum
1615 4422 1693 4481 Deus
1715 4425 1894 4488 diciturtlu

167 4522 218 4594 tl!
232 4518 354 4585 efflui,
367 4515 394 4568 2.
410 4509 449 4581 3).
465 4508 488 4579 Ο
502 4504 682 4578 sacrilegum
706 4502 840 4575 ineptum
870 4504 1013 4577 populum
1067 4508 1206 4579 principio
1219 4509 1285 4579 fecit
1299 4510 1369 4565 Deus
1384 4510 1520 4567 autumet
1534 4514 1646 4569 terrum
1666 4514 1699 4570 Fi
1721 4514 1794 4573 dicit
1811 4518 1892 4586 oens,

168 4608 356 4673 jamtum
368 4599 426 4674 (29)
438 4596 554 4668 lilomo
567 4592 673 4667 ppiritu
691 4591 741 4649 Dei
757 4590 870 4659 scribit,
882 4596 911 4649 et
927 4593 1014 4651 homo
1029 4602 1054 4671 [J
1068 4594 1118 4665 ,iot
1134 4596 1183 4651 iun
1197 4594 1273 4668 (Gen.
1290 4614 1310 4663 r,
1329 4599 1353 4666 l,
1368 4598 1407 4670 3).

171 4687 478 4766 *ahmanutrituu
491 4688 522 4741 et
546 4680 589 4740 illi
610 4679 712 4737 volunt
733 4678 827 4737 Deum
851 4684 1015 4737 atramento
1377 4685 1492 4742 CAPUT
1511 4687 1581 4743 XlV.

178 4780 355 4855 ωερμῂῳ,
371 4792 430 4847 nott
444 4772 562 4847 spiritu·
1070 4771 1211 4827 llilnoimn
1225 4789 1307 4829 verno
1320 4777 1439 4847 tempore
1451 4777 1589 4846 cremisse,
1601 4782 1631 4832 ut
1641 4782 1731 4848 moon
1745 4794 1774 4835 eo
1788 4780 1893 4835 crucio-

212 4868 367 4941 noiomo,
383 4867 417 4921 ot
429 4862 467 4921 sd
481 4857 633 4933 superiora
646 4856 810 4924 redeamus,
837 4857 923 4913 debet
938 4858 1015 4916 Dens
1106 4850 1203 4898 rentur
1229 4844 1372 4913 tornines,·
1391 4851 1416 4901 et
1443 4852 1637 4904 secmntestrnr
1666 4864 1738 4904 rinno
1766 4848 1830 4915 Noc,
1862 4857 1892 4905 ut

176 4954 435 5033 monuissem
457 4946 718 5023 eruic-arram
743 4946 860 5018 aaar
880 4947 1014 5021 stipe...
1105 4914 1894 5061 ittitmtttttttuttttttttnttttt

170 5061 349 5123 pomaque
366 5040 536 5104 declaratur
558 5035 635 5135 quod
659 5033 839 5106 superfluam
863 5034 1014 5092 bertricum
1106 5058 1261 5125 ramponem
1284 5061 1383 5119 meum
1407 5064 1488 5133 mque
1510 5061 1630 5131 corpori,
1643 5059 1781 5115 diluvium
1795 5061 1892 5131 sim·

175 5134 376 5215 'nntivitstem
400 5131 527 5203 propter
559 5125 739 5196 impietatem
782 5123 847 5195 ejus
879 5123 1017 5181 deleverit
1104 5129 1173 5183 cori.

180 5224 291 5304 speeie
307 5221 486 5284 litterarum
506 5210 700 5272 substantiam
719 5215 819 5267 summ
846 5216 875 5268 et
900 5228 1016 5269 conver·
1106 5216 1149 5271 tv.
1166 5217 1217 5273 Est
1231 5216 1318 5273 etiam
1334 5215 1384 5275 illa
1399 5235 1456 5274 non
1474 5216 1671 5289 perfunctoria
1685 5217 1892 5290 consideratio,

226 5399 345 5472 (mm
359 5410 432 5462 nm,
452 5392 546 5462 corb„
571 5391 674 5463 long,
698 5387 778 5444 Vale.
796 5392 824 5445 et
847 5387 929 5445 colb.
946 5401 1013 5446 cum
1105 5394 1162 5467 (30)
1179 5392 1254 5449 ildit.
1271 5409 1382 5461 omnes,
1407 5395 1514 5463 umeris
1535 5409 1645 5450 seruere
1666 5388 1782 5454 hamoni
1796 5400 1892 5456 satuit.

177 5478 248 5531 vet,
265 5463 336 5530 edit.
351 5464 434 5522 Rom.
450 5467 557 5533 numm,
571 5462 773 5532 cremitepnnt.
789 5477 804 5516 o
829 5462 952 5532 ineptum
965 5477 1014 5532 pc·
1069 5464 1138 5521 Mss.
1156 5464 1248 5531 Calb,
1266 5464 1362 5529 Corb,
1377 5464 1466 5537 Long.
1483 5470 1511 5520 et
1526 5464 1599 5521 ltlaz.
1615 5471 1647 5521 ut
1661 5467 1691 5523 in
1706 5472 1796 5525 textu.

176 5545 291 5621 putum
301 5538 466 5596 eadmerum
482 5534 550 5592 Cod.
566 5532 673 5603 Vat.,o
696 5532 872 5614 sacrilegium
892 5532 1015 5613 ineptum
1105 5536 1161 5617 (dl)
1179 5536 1220 5590 lta
1235 5552 1306 5590 mss.
1324 5541 1450 5605 quatuor
1466 5536 1595 5593 melioris
1612 5544 1698 5595 note.
1713 5540 1769 5598 Alii
1784 5558 1850 5599 vero
1866 5544 1896 5598 et

177 5617 362 5686 'mmm
377 5608 458 5677 gaz,
480 5606 609 5675 gandam,
637 5618 653 5659 o
681 5602 860 5674 sacrilegium
888 5609 1014 5677 ineptum
1068 5607 1150 5675 edit,
1166 5606 1298 5662 Dominus
1321 5608 1484 5677 purgatione
1498 5608 1633 5667 diluuii...
1649 5616 1773 5671 mannis
1796 5628 1894 5671 uenus-

176 5672 289 5763 pepedi
301 5668 465 5739 tridentum.
1069 5681 1131 5733 toto.
