4159 6184
148 360 199 440 m
708 367 1264 449 mmmmmmmm
1777 384 1840 471 m

147 496 231 567 loxos
246 492 425 573 emolliatur,
438 502 527 577 atque
548 498 580 568 in
601 504 666 579 etus
688 504 840 581 ampiexus
862 508 959 569 omnis
974 512 1000 581 Α
1017 511 1162 587 maguis:
1179 530 1274 589 oeque
1287 512 1441 577 harmonia
1453 514 1563 591 aalma,
1593 512 1664 593 quia
1686 520 1717 580 et
1732 516 1837 595 bolus·

147 585 313 657 resolvetur,
329 594 358 647 st
370 590 483 651 lcnmm
495 593 560 665 eius
576 594 697 669 aperiat,
724 595 774 668 qui
797 596 882 653 dehet
897 614 961 655 esse
1017 602 1095 658 modi
1111 601 1264 661 harmonia
1277 606 1375 663 carnis
1389 611 1451 664 est:
1468 624 1561 681 neque
1575 624 1625 668 aer
1638 608 1748 681 enims,
1763 611 1835 683 quis

145 676 259 735 clausus
273 682 302 735 et
317 684 417 753 septus
431 680 604 740 intentionis
617 683 726 751 studio,
743 687 772 741 et
795 684 961 743 considera·
1016 688 1095 747 atiud
1110 692 1498 767 estttatilisspiritus,atiud
1508 697 1626 754 anima:
1640 698 1834 773 nequsignis,

143 766 216 823 tione
231 766 374 836 rationist
389 771 488 827 Hortus
516 771 729 839 enimctonsus,
757 776 819 845 tom
833 776 958 847 squatus
1015 780 1060 835 est
1074 779 1192 836 anima:
1226 798 1321 854 neque
1346 790 1486 858 ἐντελέχιιι
1519 784 1637 848 anime:
1672 786 1838 847 sedenim

142 854 229 927 (Coei.
261 872 299 920 tv,
317 856 370 929 12).
402 858 535 931 Namque
563 858 670 915 mentis
694 860 793 933 vigore
821 861 959 931 resoluto,
1014 868 1045 923 et
1069 867 1189 936 vivom
1221 869 1293 941 quie
1324 872 1419 929 iactus
1446 876 1492 929 est
1519 874 1613 929 Adam
1645 874 1676 930 in
1702 874 1832 945 enimam

142 959 244 1002 sensns
259 960 292 1001 se
306 946 464 1018 corporalis
488 944 689 1005 delectationis
711 950 874 1020 effundunt,
895 968 959 1023 per·
1012 954 1156 1012 viventem
1171 958 1248 1025 (Gen.
1273 975 1305 1028 u,
1318 961 1364 1030 7);
1394 976 1428 1017 eo
1454 962 1531 1033 quod
1554 960 1728 1021 insensibile
1741 966 1832 1037 Qus

140 1032 239 1089 oioioei
257 1033 348 1091 nimis
363 1034 412 1107 (5),
428 1038 458 1093 et
468 1035 499 1091 iu
514 1036 711 1110 appetentiam
726 1038 842 1111 plenam
862 1040 959 1111 gravis
1013 1044 1150 1101 exanime
1164 1062 1271 1118 eorpus
1294 1047 1394 1105 anima
1415 1049 1540 1107 uvtttcet
1562 1053 1591 1107 et
1617 1050 1769 1124 gnomen
1784 1052 1835 1114 list

139 1121 257 1195 periculi
279 1128 471 1195 proruentes:
496 1142 570 1197 quos
591 1124 616 1181 si
643 1125 749 1182 mantis
773 1127 958 1185 vivideoon·
1011 1136 1039 1189 et
1054 1133 1238 1206 prestantior
1255 1134 1352 1201 homo,
1384 1138 1421 1193 de
1448 1153 1507 1211 quo
1538 1137 1661 1195 dicitnr:
1690 1138 1837 1213 seientia

138 1209 265 1268 siderate
280 1213 439 1271 mansisset
451 1214 596 1279 custodia,
613 1214 796 1271 refrenasset.
1012 1230 1106 1277 neure
1117 1222 1255 1295 dijudicat
1270 1223 1347 1281 858
1361 1228 1474 1283 omnio:
1501 1227 1560 1299 ipse
1581 1230 1673 1283 comm
1692 1229 1836 1292 enemim

456 1328 572 1386 CAPUT
591 1327 625 1385 ῃ,
1007 1309 1151 1381 judicator
1165 1312 1264 1383 (icor.
1281 1329 1312 1381 ιι,
1328 1313 1382 1383 15).
1399 1313 1451 1371 lito
1479 1319 1525 1371 est
1549 1315 1735 1387 prestantior
1747 1320 1835 1375 rebr-

138 1414 441 1485 naissitanae
461 1419 703 1491 quapotostmam
724 1420 954 1491 praecantant,
1009 1398 1059 1455 ‘¹⁸-
1076 1398 1159 1456 Ussdt
1185 1404 1215 1499 aa
1245 1399 1335 1456 navio
1368 1401 1458 1458 divi*
1488 1402 1559 1472 ocu
1586 1409 1628 1459 δεῖ
1654 1404 1733 1464 mmo
1763 1405 1835 1477 cet

168 1487 293 1558 qwlrbue
306 1490 345 1545 sit
358 1490 454 1545 animo
466 1488 802 1617 ed‘ttstomrccandamrai
813 1494 953 1559 notarem,
1009 1500 1114 1543 memor
1127 1502 1154 1542 0⁸
1169 1503 1238 1560 ertit,
1254 1493 1304 1544 tvl
1318 1490 1396 1560 filivs
1418 1489 1550 1557 iambus,
1571 1491 1629 1547 ’1¹3²'
1651 1490 1834 1563 emendas
1865 1513 1870 1523 ·

169 1574 317 1630 asemper
331 1560 468 1643 tnqtoeo
487 1560 739 1633 temactpartcm,
762 1577 816 1633 qua
837 1564 956 1619 obnoxia
1008 1574 1169 1642 cumiret.
1185 1593 1248 1646 vnt,
1268 1575 1343 1633 ὅτ...
1372 1579 1456 1633 nomo
1479 1578 1597 1634 coemit
1624 1577 1833 1650 similatorie

169 1630 396 1701 mmmmm·
1008 1670 1049 1718 est
1062 1662 1151 1733 (Psoi.
1164 1679 1262 1732 cantu,
1277 1665 1314 1735 ti.
1330 1664 1393 1721 Non
1408 1663 1458 1721 iile
1485 1666 1648 1722 secundum
1668 1666 1832 1740 imaginem

167 1746 194 1801 3.
212 1743 328 1801 intuere
343 1742 443 1816 igitur,
459 1760 476 1799 o
490 1743 591 1815 homo,
607 1744 658 1818 qui
683 1745 734 1813 sis,
746 1762 804 1819 quo
829 1747 954 1805 salutern
1009 1750 1060 1807 Dei
1075 1748 1164 1807 bomo
1178 1751 1316 1808 vanitatis
1329 1756 1375 1808 est
1390 1768 1396 1808 :
1412 1754 1462 1810 sed
1478 1752 1529 1825 qui
1544 1752 1618 1809 iliud
1628 1753 1740 1825 amisit,
1755 1759 1784 1813 et
1799 1754 1831 1813 in

135 1836 224 1903 mam,
241 1832 390 1905 vitamque
412 1833 531 1891 tuearis.
559 1832 632 1901 Quid
658 1838 703 1893 est
726 1833 826 1909 itaque
841 1836 953 1893 bomo?
968 1879 993 1946 B
1010 1843 1162 1911 peccatum
1183 1840 1301 1909 decidit,
1328 1843 1358 1897 et
1385 1840 1415 1896 in
1438 1840 1602 1899 materialia
1624 1840 1830 1915 retentionem

137 1920 236 1981 Utrum
253 1920 353 1979 anime
368 1937 401 1979 uc
415 1937 492 1989 cero,
509 1938 546 1979 an
561 1922 715 1995 utriusque
730 1922 856 1997 copule?
868 1923 952 1981 Aliud
1007 1931 1062 1994 eat,
1078 1927 1134 1983 iste
1151 1927 1240 1983 homo
1254 1931 1300 1985 est
1314 1926 1460 1985 vanitatis.

137 2010 209 2066 enim
226 2025 280 2067 nos
293 2024 407 2076 sumus,
418 2008 498 2067 eliud
509 2014 661 2067 nostrum:
675 2010 953 2085 aliisquiindoitur,
1041 2015 1070 2070 5.
1094 2015 1203 2072 Anima
1216 2014 1306 2087 igitur
1320 2016 1485 2073 secundnm
1498 2017 1544 2073 sni
1560 2019 1698 2076 naturam
1717 2016 1830 2091 optima

138 2096 244 2157 etaliud
254 2096 614 2172 caementumtegimus
623 2098 750 2155 inveteri
762 2102 951 2157 testamento:
1008 2106 1054 2157 est
1068 2120 1075 2158 ε
1087 2104 1138 2161 sed
1150 2102 1323 2177 plerumque
1332 2120 1385 2176 per
1391 2104 1590 2164 irrationabile
1599 2106 1638 2177 (7)
1649 2105 1696 2163 sni
1704 2106 1831 2171 obnoxia

139 2186 231 2245 bena
244 2186 350 2246 mitae
363 2186 641 2259 pascendorum
659 2187 691 2243 in
713 2190 859 2261 AEqpptom
874 2188 951 2260 (Gen.
1008 2190 1040 2246 tut
1055 2189 1229 2264 comptioni,
1246 2195 1279 2247 nt
1294 2190 1495 2249 inclinetnrad
1508 2192 1671 2266 voluptates
1681 2195 1824 2267 eorporis,

138 2291 207 2340 navi,
221 2274 278 2347 ib),
294 2275 331 2330 de
354 2273 524 2331 hominibus
549 2276 671 2331 dietum.
696 2276 731 2331 iit
754 2274 823 2331 alibi
840 2276 953 2333 dictum
1006 2280 1078 2335 etad
1091 2278 1367 2351 petolantiam,‹tnm
1380 2296 1549 2339 mensnram
1560 2287 1828 2355 rerumnentenet,

138 2368 195 2423 eat:
210 2362 267 2421 tlon
291 2364 464 2435 perennabit
490 2365 605 2435 spiritus
637 2380 717 2421 meos
737 2366 769 2420 in
796 2364 952 2421 omninibus
1006 2371 1058 2422 eut
1072 2365 1183 2423 tollitur
1197 2366 1347 2439 opinione,
1362 2371 1451 2439 atque
1465 2367 1655 2427 inclinabaed
1671 2370 1828 2439 materiam

138 2452 204 2519 dtis,
219 2453 350 2524 qnoniam
360 2467 457 2509 comer
469 2457 536 2509 sem
549 2452 625 2521 (Gerr.
641 2469 679 2519 vr,
696 2452 734 2523 3).
757 2451 797 2508 De
812 2450 951 2510 atterutro
1006 2453 1208 2527 agglutinatur
1221 2453 1344 2527 corpori.
1362 2455 1410 2513 Sic
1423 2455 1644 2529 invisibileejus
1655 2457 1826 2533 impeditor,

136 2539 330 2613 “golegitun
347 2539 849 2610 quiabomodicitnretdeenima
872 2541 952 2598 etde
1005 2542 1161 2599 otmatitia
1181 2541 1328 2615 repletur;
1357 2543 1430 2615 quie
1457 2544 1530 2600 dum
1558 2545 1684 2604 intendit
1695 2546 1824 2618 malitis,

136 2642 226 2685 earne.
242 2627 299 2685 Sed
315 2626 367 2683 ilta
380 2626 516 2685 discretio
536 2631 591 2695 est,
616 2628 693 2700 quod
711 2627 759 2685 nbi
788 2626 887 2685 animo
899 2644 951 2701 pro
1004 2632 1068 2702 eius
1082 2647 1115 2687 se
1128 2629 1208 2688 vitiis
1222 2630 1323 2703 reptet,
1339 2634 1368 2687 et
1381 2632 1415 2687 fit
1428 2631 1544 2688 deiectu
1558 2631 1701 2691 bonitatis
1716 2633 1824 2693 inim·

136 2715 248 2775 homine
260 2715 532 2789 ponitur,ttebrteus
545 2716 788 2789 significaturDeo
799 2716 951 2773 adherens
1005 2718 1161 2792 perantior.

137 2820 190 2861 noo
205 2803 330 2877 ruspari,
357 2808 390 2859 ut
410 2807 455 2861 est
475 2802 568 2859 iilud:
595 2806 696 2861 Ammo
709 2803 848 2863 bmedioto
862 2806 951 2861 omtn's
1322 2806 1440 2863 caput
1455 2808 1504 2863 111.

135 2892 251 2965 emptec
265 2894 358 2965 (Pron.
374 2908 414 2957 ιι,
429 2893 485 2964 20).
503 2891 557 2952 Ubi
572 2896 671 2949 nomm
686 2908 752 2949 carc
763 2909 815 2964 pro
831 2892 950 2950 bomine
1004 2879 1127 2947 Ptrftdss
1145 2880 1242 2936 anima
1264 2881 1380 2962 ‘elmi‘
1402 2877 1546 2963 obductu.
1570 2878 1697 2955 t't'it'ssti'
1710 2879 1824 2946 bomilia

136 2984 330 3054 noncupatur,
346 2984 479 3053 peccator
491 2979 676 3052 exprimitur,
692 2984 724 3035 ut
734 2984 779 3036 est
789 2979 861 3037 iilud
877 2981 951 3051 :Epo
1040 2948 1585 3089 ἴῶνξδᾝξέἐῗηηῖἕπςῗῧὲὢαὲ
1606 2948 1825 3105 &mazam

134 3078 224 3131 antem
237 3068 435 3127 enuntiarem
457 3067 636 3125 venumdans
658 3068 707 3125 aab
734 3076 844 3140 peccato
857 3089 867 3135 ,·
881 3067 951 3140 quod
1039 3092 1214 3152 ,mmm
1229 3104 1293 3162 m
1305 3092 1401 3146 ms,
1424 3091 1511 3146 ,pam
1536 3090 1665 3148 mm
1689 3088 1734 3147 W·
1755 3106 1825 3148 m,

134 3160 322 3230 monem,
347 3172 402 3213 non
429 3170 568 3228 copnotco.
597 3160 658 3213 Ntm
685 3158 761 3213 enim
788 3155 859 3228 qood
877 3157 947 3223 voto,
1039 3166 1097 3217 aas
1111 3161 1302 3217 noeomneidct.

135 3262 183 3315 opo
195 3262 203 3301 ε
216 3245 263 3303 sed
274 3244 346 3317 qaod
373 3243 429 3311 cdi,
445 3242 519 3299 iilud
541 3244 614 3315 facio
636 3244 714 3315 (dore
738 3261 789 3311 vu,
807 3245 840 3299 tt
855 3244 948 3317 etti).
964 3234 986 3303 G
1038 3251 1067 3304 o.
1083 3249 1211 3306 Perieota
1238 3252 1338 3305 eutem
1352 3248 1453 3305 anima
1481 3250 1632 3306 arceatur
1646 3249 1822 3317 mesiam:

133 3335 263 3407 Eocjam
286 3331 432 3406 posterius
446 3336 477 3389 et
494 3331 530 3387 de
553 3336 688 3404 utroque.
713 3332 795 3389 Atius
810 3337 854 3389 est
868 3332 947 3389 euim
1003 3353 1089 3393 omne
1104 3337 1341 3405 immoderatum,
1356 3335 1477 3403 mobile,
1493 3334 1656 3409 malignum
1671 3335 1825 3411 resupino

133 3424 180 3494 qui
194 3423 266 3491 vuit,
279 3421 357 3479 alios
371 3420 423 3495 qui
438 3420 500 3477 odit
513 3420 563 3493 (b),
579 3419 655 3477 elius
666 3420 715 3492 qui
728 3422 805 3477 tacit.
819 3421 948 3493 Denique
1001 3422 1825 3497 respuit;neovidet‚necappropinquatadullinsterrena

132 3510 255 3567 addidit:
272 3510 304 3567 Si
317 3525 383 3583 erqo
397 3509 468 3581 qood
485 3507 541 3577 odi,
572 3510 621 3565 boo
634 3510 706 3581 [ocio
733 3511 869 3567 conantio
884 3509 947 3581 tepi,
1001 3511 1078 3571 labis
1092 3512 1327 3583 corruptionem:
1345 3511 1451 3569 divinis
1465 3511 1600 3579 intendit,
1609 3516 1757 3580 umnam
1767 3530 1822 3572 aa·

131 3600 258 3669 moniam
289 3598 359 3655 borio
384 3604 432 3655 est.
448 3598 527 3655 vanc
539 3600 632 3654 nutem
655 3598 717 3670 jam
732 3612 787 3653 non
805 3612 853 3666 eqo
877 3597 949 3654 illud
1002 3603 1063 3656 tem
1076 3599 1230 3656 materiam
1241 3598 1325 3671 tagit.
1343 3599 1423 3671 i'uge
1442 3602 1663 3664 autemast,non
1677 3604 1823 3662 meream·

130 3702 234 3759 operor,
249 3687 295 3749 sed
308 3687 380 3760 quod
407 3686 514 3743 habitat
540 3687 571 3743 ie
584 3700 628 3743 me
653 3688 792 3758 peccatum
820 3684 898 3755 (ibid.
915 3687 949 3741 td
1002 3687 1145 3760 linquere,
1161 3687 1288 3744 sedeme
1303 3685 1445 3754 interris,
1467 3686 1612 3757 justitiam
1635 3693 1665 3752 et
1676 3688 1825 3751 monca-

130 3786 154 3832 et
166 3777 223 3849 17).
238 3775 312 3837 iilud
329 3790 445 3848 quoqne
459 3772 644 3848 expressius:
666 3773 744 3831 Video
755 3773 842 3843 teano
855 3777 950 3831 cernis
1003 3780 1064 3833 bem
1078 3780 1187 3842 tenere,
1203 3774 1374 3831 renuntiare
1387 3773 1478 3839 vitiis,
1494 3789 1554 3829 non
1568 3775 1673 3834 usibus
1695 3775 1824 3837 elenen
1869 3820 1873 3831 .

130 3880 199 3925 mem
212 3868 408 3938 rcpepaoatem
422 3864 478 3932 teat
505 3864 604 3919 camis
632 3878 697 3919 mee
724 3870 751 3919 et
768 3864 951 3935 captivantem
1003 3867 1111 3921 torum.
1151 3862 1292 3936 Fugiebat
1318 3863 1358 3934 (8)
1386 3863 1425 3918 De
1458 3863 1556 3917 tinnit.
1583 3860 1826 3935 diotecensi
1947 3875 1950 3886 '

131 3970 173 4010 aas
202 3956 232 4011 in
263 3954 323 4026 teqe
350 3954 455 4026 penem
481 3951 560 4023 (ibid.
594 3951 651 4021 23).
685 3951 719 4007 itt
751 3955 850 4007 tamen
882 3967 950 4007 oum
1004 3955 1197 4025 coqaocmnt,
1230 3954 1245 4021 5
1276 3950 1403 4022 Fecerat)
1436 3948 1528 4006 David
1558 3953 1678 4009 sanctos
1703 3965 1721 4005 e
1745 3949 1827 4015 iente

132 4042 366 4116 ntrumqueinso
376 4042 593 4097 concertantem
604 4038 753 4095 hominem
764 4037 952 4108 declarasset,
1005 4040 1094 4107 Saut;
1124 4057 1182 4098 non
1212 4039 1324 4112 ntique,
1352 4042 1495 4094 atterras
1523 4036 1829 4109 relinqueremini

132 4128 185 4187 boc
201 4136 244 4189 est
258 4130 427 4187 interiorem
441 4133 472 4186 et
484 4126 709 4191 exteriorem,in
737 4126 841 4183 anima
857 4127 951 4201 magis
1005 4128 1139 4196 immitis,
1168 4132 1198 4184 et
1226 4125 1452 4195 inobservantis,
1481 4130 1513 4183 et
1539 4125 1645 4198 perfidi
1668 4122 1829 4191 declinaret

133 4232 218 4290 mam
233 4219 262 4275 in
280 4218 411 4291 eorporis
425 4220 508 4289 parte
518 4233 550 4273 se
559 4214 664 4272 maluit
674 4215 862 4283 constituere,
873 4216 951 4288 quod
1005 4216 1184 4290 contagium.
1200 4216 1341 4289 Fugiobat
1357 4220 1459 4271 autum
1489 4214 1642 4275 aduenas
1669 4214 1739 4284 neo,
1750 4212 1830 4275 siout

132 4307 229 4365 anima
243 4304 476 4365 contraheretur
489 4303 602 4376 captiva
618 4303 654 4361 ed
670 4306 832 4375 peccatum,
848 4302 878 4358 in
894 4319 953 4375 qua
1005 4310 1035 4362 et
1050 4306 1112 4378 ipae
1126 4305 1185 4361 ait:
1200 4303 1323 4363 ittam
1336 4304 1436 4359 ocimo
1450 4318 1511 4361 meo
1522 4309 1583 4374 post
1601 4305 1629 4359 te
1655 4302 1744 4373 (Prol-
1759 4318 1827 4374 uti,

135 4410 196 4452 esee
226 4412 257 4453 ee
271 4393 384 4463 maliet,
398 4398 427 4451 ei
441 4407 506 4449 esse
521 4391 675 4449 confirmat
702 4390 819 4447 dicens:
850 4392 953 4461 letalia
1006 4394 1044 4466 s).
1057 4393 1235 4459 abducebat,
1251 4409 1293 4458 se,
1311 4398 1340 4447 et
1354 4390 1508 4448 ablevabat
1523 4390 1604 4447 vitiis
1625 4389 1726 4451 secuti
1738 4389 1830 4463 hujus

133 4498 179 4551 eoo
193 4484 298 4543 borno?
324 4484 386 4555 quis
412 4496 457 4538 me
488 4480 616 4539 liberabit
646 4479 680 4535 de
712 4494 823 4549 corpore
856 4481 952 4535 mortis
1008 4482 1142 4541 elevabat
1157 4480 1385 4537 animameunm
1401 4478 1479 4534 siout
1500 4479 1583 4535 issac
1608 4477 1638 4535 in
1654 4477 1829 4550 compassi

135 4570 214 4644 bajas
228 4573 314 4644 (tbid.
330 4570 401 4642 Qtli
415 4572 578 4643 Tamquam
595 4568 631 4625 ab
645 4572 781 4625 extraneo
803 4568 895 4635 hoste,
911 4568 953 4624 ita
967 4590 990 4655 1)
1006 4569 1199 4633 abalienabat,
1212 4568 1256 4624 rai
1271 4570 1315 4641 (ot
1328 4566 1377 4623 atii
1393 4566 1512 4639 habent)
1524 4566 1744 4629 deambulabat.
1756 4567 1830 4629 Nem

135 4676 163 4715 se
178 4658 453 4719 desideretliberari
470 4674 594 4715 acerne.
1006 4660 1061 4717 hoo
1089 4673 1204 4731 qnoque
1232 4655 1360 4714 ostendit
1387 4671 1455 4713 oum
1495 4654 1654 4713 virtutibus
1686 4653 1830 4715 tenutam

168 4750 194 4807 t.
224 4750 287 4809 Non
316 4764 386 4822 ergo
412 4746 535 4820 sanguis
563 4744 673 4811 anima,
699 4743 771 4817 qnia
793 4744 889 4801 oannis
909 4749 954 4801 est
1007 4748 1113 4805 habere
1127 4744 1316 4813 consortium,
1332 4748 1366 4801 nt
1386 4742 1557 4801 deambulet
1579 4742 1783 4814 unuquisque
1797 4740 1829 4799 in

169 4891 207 4962 (5)
228 4892 270 4947 tta
299 4905 371 4947 mss.
422 4888 502 4945 iures
530 4885 726 4960 potioresque.
756 4884 822 4943 Vei.
842 4888 952 4953 autem,
1008 4884 1438 4968 habent,etodpetulunt1om.
1463 4878 1831 5009 'l'ert'io'pronretioeobile

137 4958 240 5018 Theoti.
257 4965 286 5018 et
298 4965 354 5017 vet.
370 4905 452 5028 coit,
465 4974 548 5014 senso
566 4974 595 5013 se
619 4956 771 5027 corporales
798 4954 953 5014 delectatio·
1007 4973 1076 5029 qm,
1092 4961 1125 5013 nt
1139 4957 1227 5013 babet
1241 4957 1310 5013 edrt.
1341 4954 1437 5025 iiam„
1452 4963 1480 5011 et
1504 4954 1585 5011 stuba
1598 4970 1613 5010 e
1627 4968 1696 5027 eyes,
1715 4954 1748 5006 ot
1766 4942 1829 5017 alte

137 5046 179 5087 ner
212 5030 359 5107 effundunt
381 5031 543 5102 perniciora
547 5068 600 5083 .....
628 5029 807 5099 proruentes;
832 5028 953 5096 theod,
1008 5044 1112 5085 omnes
1126 5033 1156 5082 et
1170 5044 1242 5083 msa.
1270 5031 1425 5095 nostrates,
1447 5027 1512 5082 eod.
1526 5025 1607 5105 Vat.⁸
1621 5022 1738 5105 prefert
1752 5022 1830 5103 taei-

136 5106 307 5173 pedamen.
324 5106 390 5159 vat.
407 5100 481 5158 atter
494 5098 586 5163 Vale..
603 5099 691 5154 Torn.
715 5114 748 5153 aa
772 5098 953 5168 Romanii,
1008 5099 1092 5155 sibile
1118 5100 1178 5171 qus
1207 5114 1295 5170 quem
1324 5099 1379 5155 hoc
1407 5098 1471 5153 tooo
1490 5095 1574 5166 sequi
1589 5093 1683 5150 trnmt.
1698 5092 1831 5165 Demque

137 5178 233 5233 man
245 5192 275 5233 se
289 5189 321 5233 co
358 5174 458 5241 craten
470 5176 537 5239 etc,
552 5174 584 5227 ot
599 5170 669 5225 edit.
686 5168 745 5224 anti
770 5186 824 5223 ue.
1008 5187 1068 5226 non
1084 5170 1181 5227 minor
1201 5171 1281 5227 ambi
1304 5169 1370 5224 endi
1386 5167 1468 5224 iocus
1495 5182 1534 5222 an
1562 5163 1730 5246 legendum,
1758 5162 1831 5233 sitit
1856 5186 1863 5199 ·

179 5246 288 5315 tijlites.
316 5244 524 5319 niquotbone
553 5185 771 5309 insurrecturi
798 5239 953 5321 qoodcdit.
1009 5242 1125 5312 deserta,
1154 5244 1187 5295 nt
1214 5240 1243 5296 in
1272 5186 1420 5314 plerisque
1448 5253 1522 5293 mss.
1554 5239 1584 5291 et
1608 5234 1679 5291 edrt.
1706 5237 1831 5319 ‘Amqao

181 5320 207 5385 t)
222 5316 269 5374 Sin
285 5332 360 5372 mss.
390 5331 441 5371 sex
455 5312 668 5387 probatissimi.
699 5326 765 5366 oum
783 5311 852 5366 edit.
870 5310 954 5366 Rom.
1009 5312 1088 5379 Eira,
1105 5311 1202 5379 Froh,
1231 5328 1269 5365 an
1293 5324 1371 5375 vero,
1400 5310 1430 5362 et
1456 5308 1488 5377 fit
1514 5296 1827 5391 desectaentrpeltis.

139 5392 172 5442 st
191 5394 248 5444 vat.
277 5388 344 5444 rod.
364 5385 417 5442 lov
445 5399 513 5441 enm
529 5387 590 5441 ant.
621 5380 866 5441 edit..secandttm
882 5383 955 5437 irro-
1008 5382 1065 5439 Sed
1081 5383 1250 5439 adsensum
1268 5394 1372 5453 parum
1387 5378 1546 5433 admodum
1563 5376 1670 5433 referre
1684 5381 1831 5433 existima·

138 5460 292 5521 liceebilem
319 5459 366 5515 rai
386 5460 516 5531 parterm
546 5456 648 5527 long..
677 5453 785 5508 Theod.
813 5457 842 5507 ot
861 5451 954 5519 Veto..
1010 5470 1103 5511 mus..
1364 5518 1370 5529 ¹
1553 5518 1570 5531 ..

138 5534 177 5585 sui
203 5534 318 5587 motuni.
333 5528 448 5585 Rursus
474 5526 653 5583 eodemiooo
681 5523 731 5579 nbi
747 5522 815 5578 edit.
846 5524 956 5579 Amet
1046 5526 1084 5597 (8)
1100 5522 1256 5580 Gratianus
1269 5519 1330 5575 loeo
1346 5522 1395 5585 ott,
1425 5518 1572 5575 Ambrosii
1601 5535 1721 5575 sensum
1742 5519 1831 5601 refert

138 5604 209 5673 Era,
224 5602 260 5658 nd
276 5602 516 5674 imperitantium,
532 5602 560 5653 et
575 5597 658 5653 Rom.
685 5612 753 5651 cum
789 5610 861 5650 mss.
876 5594 954 5663 Vat,
1010 5597 1210 5667 potiusquam
1227 5591 1330 5659 verba3
1347 5606 1411 5663 que
1428 5597 1525 5646 tamen
1550 5607 1568 5646 a
1592 5606 1624 5648 se
1646 5590 1776 5648 exhiberi
1791 5604 1831 5646 st·

137 5674 219 5733 Tcrn.
234 5672 404 5741 nctnood,
420 5670 673 5743 deprimentium,
689 5666 738 5723 alii
750 5680 823 5725 mss.
835 5670 863 5723 et
883 5666 954 5725 edit.
1012 5667 1140 5741 gnificat.
