4159 6184
213 330 251 403 at
890 322 1042 395 11118.
1065 320 1258 394 macen
1877 319 1919 394 88

212 471 313 532 118888
332 470 498 529 venaretur
522 464 698 535 Mediolant;
714 480 783 523 cum
806 463 923 523 duobus
949 462 1034 521 88818
1049 460 1077 529 Α
1125 464 1171 519 51.
1188 463 1328 521 Ρ8818888
1342 460 1432 535 hujus
1445 460 1516 519 anni
1529 465 1575 520 est
1597 460 1680 537 pium
1695 458 1770 521 iliad
1785 461 1919 523 Gratiani

211 562 413 637 superioribus
426 559 535 617 ibidem
549 557 637 614 etiam
653 558 851 613 commoratus
867 554 918 622 ait,
933 554 1035 609 eodem
1090 553 1229 619 edictum,
1246 569 1305 626 quo
1319 552 1452 609 Victoria
1467 552 1598 626 88888188
1613 556 1728 621 888818,
1741 554 1820 611 unde
1834 553 1918 612 illam

173 670 177 684 ·
208 650 460 724 jureinalterum
475 646 583 706 exiliis
599 642 1037 716 potest,revocari.Proindeque
1090 641 1278 698 8888188888
1288 643 1352 714 jam
1368 644 1540 707 removerat,
1556 645 1727 714 reposuerat
1747 644 1920 699 autemlu·

211 741 243 798 in
258 741 337 797 111188
353 744 483 812 tempore
498 734 567 792 certi
583 732 657 789 nibil
671 732 959 788 eat.Vidsturautem
970 747 1035 787 vero
1090 730 1189 786 118888
1212 735 1356 804 apostata,
1380 728 1443 786 tolli
1461 731 1596 802 jubebat.
1612 730 1773 787 Auierebat
1795 731 1920 805 insuper

211 830 332 904 propius
348 828 432 884 111888
448 840 529 881 reum
554 822 690 879 eumdem
706 838 781 887 esse,
798 820 849 893 qui
875 820 1035 877 Sozomeno
1089 821 1244 878 vestalium
1264 819 1424 893 privilegia,
1449 818 1683 878 sacrificulorum
1707 821 1872 888 commoda,
1890 827 1920 876 ct

210 922 378 986 tociacum
402 918 480 973 esest
500 928 643 984 paganus,
661 910 826 967 Gratianum
848 911 979 965 conviciis
994 909 1034 963 la·
1090 910 1231 984 pecunias
1246 908 1457 965 sacrificiorum
1472 907 1643 981 sumptibus
1655 908 1830 966 destinatas.
1851 910 1918 965 ido-

210 1008 391 1071 ceromata
402 1010 481 1075 patre
495 1000 640 1071 iadipaam
652 1000 837 1071 appellaverat
849 998 972 1070 (Sozam.
983 996 1033 1053 lib.
1090 999 1198 1056 lolatraa
1213 1003 1245 1055 ut
1259 998 1315 1054 hoo
1329 998 1507 1070 imperatum
1522 997 1796 1065 revocaretur,cihit
1808 997 1917 1055 omisc-

210 1113 262 1162 va,
277 1112 303 1152 c.
318 1094 374 1163 25).
390 1091 480 1163 Cujus
500 1090 670 1161 deprecator
693 1088 771 1159 apud
788 1086 951 1159 principem
967 1103 1034 1142 cum
1090 1094 1177 1156 runt;
1195 1104 1288 1160 eaque
1301 1088 1338 1144 de
1349 1102 1439 1143 causa
1452 1103 1505 1159 per
1526 1086 1748 1159 Symmachum,
1765 1086 1918 1144 nobilissi-

211 1200 297 1243 nemo
311 1197 374 1237 esse
388 1179 486 1243 veltet,
501 1178 684 1244 Ambrosius,
703 1182 734 1231 ut
749 1176 797 1232 ille
812 1177 908 1241 881881,
924 1192 975 1248 per
986 1192 1034 1231 se·
1090 1196 1172 1234 mum
1183 1178 1279 1233 virum
1290 1174 1917 1248 8188818888188881188188888,18888881881

211 1277 321 1329 cretam
333 1270 456 1342 januam
482 1266 518 1322 ad
543 1266 714 1321 Gratianum
743 1269 911 1337 penetrans,
928 1262 1034 1321 misero
1090 1266 1224 1323 libellum
1238 1265 1418 1323 obtulereltt
1432 1267 1552 1321 sanctus
1567 1270 1676 1333 noster,
1691 1264 1777 1334 cuius
1792 1264 1917 1322 consilio

212 1377 325 1435 pagano
339 1356 437 1415 delicti
452 1354 576 1425 gratiam
593 1352 769 1426 impetravit.
1089 1356 1296 1428 imperatorem
1311 1354 1372 1410 bac
1392 1352 1554 1410 decrevisse
1581 1352 1732 1425 probabile
1759 1357 1814 1422 est,
1830 1352 1882 1409 ubi
1898 1372 1916 1410 a

244 1452 289 1506 52.
306 1448 364 1504 Hoc
379 1446 467 1502 etiam
483 1459 560 1499 anno
581 1441 704 1514 contigit
726 1446 758 1498 ut
779 1441 836 1497 duo
861 1439 1033 1497 cubicularii
1089 1444 1215 1500 nemaeo
1231 1444 1362 1499 Romano
1381 1441 1518 1514 pontifice
1539 1440 1773 1498 Christianorum
1796 1447 1915 1498 senato·

209 1536 395 1613 imperatoris
424 1531 516 1606 (Paul.
545 1530 575 1588 in
607 1532 666 1587 Vita
693 1530 878 1587 Ambacum.
895 1530 939 1595 18,
956 1533 985 1584 81
1003 1528 1033 1583 18
1089 1549 1155 1589 rum
1171 1530 1304 1588 libellum
1318 1528 1431 1601 accepit
1445 1528 1542 1601 (epist.
1559 1530 1603 1596 17,
1623 1544 1706 1585 num.
1723 1529 1915 1600 l0),tamet·

210 1627 288 1685 Adm.
299 1628 330 1683 ia
340 1625 389 1680 tib.
404 1624 443 1679 ae
454 1623 530 1679 Dom.
543 1623 652 1677 lacera.
668 1619 763 1691 sacr.),
780 1620 830 1691 qui
846 1619 1034 1675 sectabantur
1088 1622 1216 1678 ficaciter
1228 1620 1289 1693 egit
1303 1619 1378 1692 apud
1395 1617 1549 1687 Caesarem,
1564 1621 1598 1673 ut
1619 1618 1753 1690 ejusdem
1773 1620 1914 1692 rescripto

210 1721 308 1790 partes
323 1714 506 1779 Arianorum,
518 1715 655 1765 sanctum
671 1709 818 1765 doctorem
835 1708 870 1764 ad
884 1706 1032 1779 publicam
1086 1709 1131 1766 via
1146 1726 1200 1767 sua
1214 1709 1328 1782 integra
1341 1710 1515 1776 servaretur,
1531 1711 1559 1763 et
1572 1705 1689 1762 libellus
1710 1706 1914 1779 Symmachia-

209 1806 245 1862 de
259 1800 397 1876 atpaterio
412 1798 623 1855 incarnationis
643 1797 884 1870 disceptationem
900 1811 1033 1868 provoca·
1048 1828 1073 1893 B
1087 1816 1144 1856 888
1159 1816 1196 1855 88
1209 1798 1330 1871 quidem
1345 1795 1488 1867 legeretur
1503 1794 1718 1863 attrahebant
1733 1812 1791 1852 non
1802 1799 1915 1853 temere

209 1895 284 1949 rent.
301 1893 459 1963 Receperat
486 1886 587 1943 111818
616 1886 751 1942 Portiana
779 1884 899 1942 basilica
926 1884 980 1941 hoc
1002 1898 1033 1940 88
1089 1887 1196 1959 conjici
1210 1890 1315 1960 potest.

209 1966 833 2050 iacturumcuipromiaso,utcondictu'm
854 1973 1033 2040 188881881-
1122 1978 1168 2032 55.
1202 1979 1256 2032 Aa.
1290 1973 1366 2044 383.)
1398 1973 1458 2030 1188
1487 1988 1565 2029 anno
1595 1972 1686 2029 vitam
1718 1972 1913 2046 temporalem

208 2062 729 2125 818888181111888888888181188
752 2062 836 2135 equis
864 2068 1033 2119 corruentes
1088 2068 1197 2120 aeterna
1226 2062 1350 2120 mutarit
1379 2066 1500 2118 aeneiae
1527 2060 1676 2118 Acholius.
1703 2061 1773 2132 tljus
1796 2062 1913 2119 obitum

210 2157 300 2214 nactis
314 2156 476 2212 cervicibus
497 2153 628 2210 animam
639 2150 834 2219 exhalassent,
849 2150 1031 2217 Ambrosius,
1087 2152 1215 2225 episcopi
1231 2150 1407 2208 Macedonia
1423 2156 1454 2207 81
1475 2148 1571 2207 clerus
1593 2148 1676 2206 urbis
1697 2149 1914 2207 Thessalonica

206 2244 347 2301 terribilis
363 2244 441 2300 illius
457 2258 544 2299 casus
560 2242 690 2297 nondum
706 2239 820 2305 certior,
836 2256 902 2295 eum
919 2254 1032 2295 sermo·
1088 2257 1139 2314 per
1157 2240 1269 2297 litteras
1284 2241 1368 2297 beato
1388 2237 1553 2305 Ambrosio,
1569 2239 1620 2312 qui
1642 2238 1814 2296 mirabiliori
1838 2256 1913 2313 qua-

207 2350 275 2391 nam
291 2334 327 2389 ad
343 2331 483 2405 populum
499 2330 611 2399 habuit,
629 2330 706 2386 unde
722 2328 838 2385 libellus
854 2329 891 2384 ae
904 2330 1032 2384 lacerna·
1086 2331 1156 2387 dam
1171 2330 1284 2387 ratione
1299 2328 1383 2385 illum
1395 2328 1460 2400 J'am
1473 2333 1603 2394 noverat,
1623 2327 1837 2401 significarunt.
1854 2328 1912 2387 118-

207 2423 292 2479 tianis
305 2420 638 2477 Dominicaesacramcato
662 2415 855 2472 concinnatus
875 2418 931 2471 est.
950 2416 1031 2469 Atta·
1087 2435 1229 2493 aponeum
1242 2420 1279 2476 ed
1294 2433 1345 2475 eos
1361 2418 1444 2474 misit
1456 2421 1576 2473 sanctus
1587 2416 1704 2489 praesul,
1715 2417 1745 2473 in
1761 2433 1819 2489 quo
1829 2426 1912 2490 post·

208 2526 275 2567 men
291 2508 386 2565 eidem
401 2512 575 2580 argumento
599 2508 786 2561 accesserunt
810 2504 935 2558 duarum
954 2501 1031 2557 811111-
1087 2524 1177 2581 quam
1198 2508 1338 2565 intimum
1366 2521 1455 2563 auum
1483 2507 1520 2561 de
1546 2510 1640 2561 morte
1666 2504 1742 2562 tenti
1769 2504 1911 2563 antistitis

206 2598 362 2663 cultatem,
377 2612 452 2668 quas
466 2594 563 2651 181881
587 2609 639 2666 per
658 2590 831 2649 Gratianum
856 2590 954 2664 ipsum
970 2590 1030 2645 viro
1086 2596 1216 2654 dolorem
1228 2594 1475 2670 patefmifflpiet,
1497 2594 1551 2667 15),
1567 2598 1596 2651 et
1616 2594 1748 2669 egregias
1772 2594 1835 2667 eju,
1850 2593 1910 2650 vif.

206 2692 308 2743 sancto
323 2687 546 2759 proposuerant,
562 2680 732 2738 solutiones.
752 2678 881 2743 Quarum
911 2678 1030 2751 quidem
1085 2686 1265 2759 tuaejustis
1282 2684 1420 2741 laudibus
1448 2685 1621 2756 prosecutus
1650 2688 1704 2749 eet,
1730 2682 1861 2740 letatum
1876 2700 1911 2740 se

205 2773 413 2833 difficultatum
430 2770 1031 2847 88188188881888888118881888889881-
1085 2791 1151 2832 0⁸⁸0
1177 2773 1362 2840 testificetur,
1391 2772 1470 2845 quod
1498 2772 1530 2828 in
1561 2773 1627 2843 ojus
1656 2770 1753 2828 locum
1780 2772 1911 2846 thynius

204 2866 248 2921 1111
262 2863 358 2936 1³0⁸sta
372 2867 443 2929 0181,
460 2859 604 2935 imberbi
623 2859 700 2915 011011
713 2856 820 2913 Christi
845 2856 1029 2929 0111ὓὶ11018]-
1085 2864 1220 2936 eiusdem
1240 2862 1335 2919 sancti
1357 2860 1466 2935 dignus
1488 2860 1663 2934 discipulae,
1679 2865 1758 2918 esset
1783 2860 1909 2918 locatus.

205 2952 279 3009 tiam
294 2950 473 3007 versabatur.
490 2954 524 3005 18
539 2947 595 3003 1888
610 2962 695 3019 porro
710 2944 856 3001 Ambrosii
881 2946 989 3001 mirum
999 2946 1029 3002 in
1084 2952 1180 3009 Aliam
1194 2968 1310 3025 quoque
1324 2949 1481 3024 epistelam
1490 2948 1597 3024 anysio
1611 2949 1730 3023 scripsit
1739 2950 1835 3023 (epist.
1850 2952 1909 3023 to),

206 3039 328 3096 modum
345 3036 441 3094 elucet
458 3036 611 3101 modestia,
628 3035 706 3107 quod
730 3050 797 3089 cum
822 3050 879 3090 non
904 3035 1031 3106 potuerit
1084 3040 1114 3097 in
1130 3046 1270 3114 qua,post
1283 3043 1455 3097 consuetum
1471 3038 1674 3112 gratulationis
1689 3038 1909 3106 oiflcium,eum

207 3132 403 3185 memoratum
427 3130 563 3182 eventum
587 3140 645 3181 non
669 3138 855 3195 cognoscere,
871 3127 1029 3195 antequam
1084 3130 1229 3197 hortatur,
1245 3133 1278 3185 81
1291 3126 1476 3201 praeceptoria
1490 3127 1537 3183 sui
1551 3144 1586 3185 ac
1600 3128 1761 3185 decessoris
1775 3126 1911 3184 imitetur

205 3216 300 3273 eidem
315 3214 444 3273 sermoni
460 3230 512 3271 suo
534 3212 602 3270 libri
628 3212 753 3269 sormam
775 3212 1026 3281 accommodaret;
1044 3192 1066 3259 C
1084 3219 1218 3276 virtutes.

205 3304 309 3363 mortis
323 3301 600 3361 tamen-intelicium
623 3301 728 3357 horum
747 3303 891 3374 juvenum
916 3300 1026 3359 nullam
1117 3306 1575 3365 511118811888888881888888
1599 3322 1705 3378 paeana
1733 3309 1787 3374 est,
1816 3323 1909 3379 quem

205 3394 324 3452 omnino
340 3393 441 3450 iecerit
456 3391 646 3449 mentionem.
1083 3396 1274 3469 subsequenti
1289 3412 1366 3452 auno
1391 3399 1573 3452 memoratus
1596 3394 1791 3468 Symmachus
1807 3395 1906 3468 (Aetot.

239 3484 285 3540 53.
301 3482 437 3539 Verteute
458 3481 513 3537 hoc
536 3498 623 3550 anno,
649 3479 824 3537 Ambrosius
853 3480 975 3537 Romam
996 3496 1027 3537 se
1082 3484 1119 3541 cd
1135 3484 1238 3541 leant.
1256 3498 1321 3556 pag.
1346 3483 1408 3550 832,
1435 3498 1463 3537 8.
1490 3482 1535 3554 11)
1559 3481 1715 3554 imputavit
1735 3481 1908 3539 Christianae

204 3570 338 3636 contulit,
362 3574 394 3627 ut
421 3585 529 3643 magno
550 3568 673 3626 concilio
702 3569 780 3643 quod
806 3568 867 3626 illic
893 3569 1027 3626 habitum
1083 3572 1228 3646 religioni,
1245 3573 1324 3645 quod
1338 3570 1482 3640 videlicet,
1498 3570 1605 3644 puellis
1625 3571 1719 3627 Vesta
1741 3574 1827 3643 atque
1843 3571 1907 3629 ido·

203 3662 258 3729 est,
275 3658 438 3715 interesset.
457 3659 532 3715 llum
559 3657 669 3714 ibidem
685 3662 794 3731 ageret,
807 3658 908 3715 morbo
932 3674 1027 3715 corre-
1083 3662 1180 3718 lorum
1195 3660 1397 3718 sacerdotibus
1425 3658 1577 3732 privilegia
1601 3675 1657 3715 sua
1684 3663 1783 3716 essent
1796 3656 1906 3715 ablata.

203 3752 341 3821 piasset,
358 3747 462 3819 inquo
484 3763 551 3803 eum
580 3750 701 3803 sanctus
721 3746 870 3815 Acholius,
893 3762 981 3819 quem
997 3747 1028 3802 18
1082 3750 1138 3807 Sed
1153 3749 1329 3806 Ambrosius
1340 3748 1587 3820 argumentosius
1601 3746 1699 3804 iutilia
1710 3764 1775 3804 esse
1786 3746 1909 3819 pulchre

203 3835 311 3892 Urbem
326 3834 1027 3907 evocaverateademcausa‚inviseraneatiquam
1084 3836 1468 3909 demonstravit;illsmqua
1492 3836 1582 3893 tritici
1607 3835 1760 3909 penuriam
1789 3836 1909 3891 univer·

203 3922 321 3980 omisit:
338 3925 424 3996 cujus
451 3938 642 3997 congressum
667 3920 786 3977 maximi
809 3922 941 3979 beneficii
965 3922 1028 3980 loco
1084 3926 1176 3983 salem
1191 3943 1250 3982 non
1265 3924 1413 3982 exstitisse
1423 3926 1569 3997 plerasque
1588 3924 1668 3981 enim
1691 3924 1850 3997 provincias
1863 3941 1908 3980 re-

202 4012 329 4085 ponebat
345 4012 469 4069 aotistes
485 4015 596 4067 noster.
608 4010 808 4076 Quorumdam
819 4014 919 4066 autem
931 4010 1028 4084 opinio
1083 4014 1218 4071 daadcsse
1230 4015 1373 4085 framenta
1387 4016 1417 4069 81
1431 4013 1560 4083 proxime
1584 4011 1718 4085 sequenti
1743 4029 1819 4069 anno
1836 4028 1909 4070 raes·

202 4106 248 4157 881
262 4102 399 4158 eumdem
414 4099 603 4155 Ambrosium
618 4102 741 4154 Romam
766 4102 829 4154 ium
850 4098 980 4171 primum
995 4118 1030 4159 cx
1081 4118 1140 4161 sem
1170 4104 1326 4176 [maclam
1352 4106 1380 4159 et
1406 4101 1574 4160 liberalioris
1600 4100 1746 4160 vindemiae
1778 4101 1911 4174 18881818

203 4207 261 4264 quo
276 4194 408 4262 tempore
427 4188 458 4243 in
482 4188 654 4259 episcopum
683 4185 793 4243 electus
813 4188 918 4259 188881,
934 4190 1028 4261 proic-
1084 4192 1262 4250 successisse
1278 4190 1440 4265 (11818118,
1456 4208 1539 4247 oum.
1557 4193 1721 4263 1781881).

201 4284 282 4337 otum
298 4294 373 4335 esse.
398 4276 480 4343 Quod
504 4276 529 4331 si
555 4291 658 4332 verum
686 4279 741 4347 est,
765 4274 833 4331 huic
856 4276 953 4335 itineri
977 4278 1028 4334 tri·
1118 4281 1164 4337 57.
1180 4278 1300 4336 Maximi
1313 4278 1472 4336 rebellione
1485 4278 1583 4336 clades
1610 4277 1703 4335 mutto
1717 4277 1834 4352 gravior
1848 4279 1909 4335 im-

201 4368 320 4424 buenda
335 4370 432 4433 eruut,
449 4381 512 4437 quc
529 4368 590 4438 post
609 4380 695 4422 annos
720 4366 826 4437 aliquot
847 4366 1029 4425 ordinationis
1084 4368 1164 4442 perio
1181 4366 1263 4424 illata
1277 4369 1322 4424 eat
1347 4382 1436 4439 quam
1456 4365 1558 4440 inopia
1583 4366 1784 4422 frumentaria.
1800 4365 1911 4440 ’lyran-

200 4469 269 4525 saae,
286 4458 320 4511 ut
334 4453 476 4511 Paulinus
492 4459 636 4511 memorat
653 4453 695 4527 (in
719 4456 779 4511 Vita
803 4455 908 4522 Araia,
925 4458 1029 4515 milet
1084 4454 1368 4530 888111818183118
1386 4455 1473 4527 maiia
1496 4455 1610 4512 artibus
1630 4455 1790 4528 imperator
1812 4453 1909 4510 decia-

201 4544 257 4616 10),
273 4542 330 4615 ipsi
346 4542 542 4616 contigerunt.
559 4544 682 4600 Matrem
698 4543 729 4600 in
742 4544 815 4601 vivis
830 4543 893 4617 ipse
907 4562 966 4603 non
981 4563 1027 4603 re-
1043 4562 1068 4628 ])
1083 4551 1166 4603 88188
1178 4548 1242 4614 est;
1257 4543 1419 4601 simulabat
1446 4547 1546 4601 tamen
1568 4559 1731 4618 purpuram
1755 4560 1773 4600 a
1799 4558 1830 4600 ss
1849 4558 1910 4598 non

201 4632 288 4706 perit,
299 4632 350 4688 aed
362 4631 403 4688 ibi
418 4631 491 4687 vidit
505 4632 588 4689 iliam
604 4631 745 4705 puellam,
760 4633 807 4689 coi
824 4650 946 4690 manum
957 4634 1028 4691 otim
1083 4636 1257 4708 usurpatam
1272 4634 1324 4691 aed
1353 4633 1502 4691 recusanti
1527 4637 1615 4705 atque
1639 4633 1730 4689 invito
1755 4632 1911 4689 obtrusum

200 4720 350 4795 porrigere
378 4725 570 4777 consueverat
594 4720 833 4791 maculandam,
849 4738 883 4779 ac
908 4722 1028 4780 taudem
1082 4741 1158 4783 sese.
1174 4724 1247 4781 Gom
1263 4738 1371 4797 magua
1384 4722 1513 4780 exercitu
1525 4721 1690 4779 transmisit
1704 4721 1735 4778 in
1751 4720 1860 4779 Gallias
1876 4737 1911 4777 ac

201 4809 319 4868 mulieri
334 4809 499 4883 paralytica
514 4810 643 4867 restituit
658 4811 858 4867 membrorum
874 4811 1028 4871 usum.His
1083 4812 1240 4871 Gratianus
1255 4813 1306 4869 ubi
1321 4809 1470 4885 proditum
1485 4827 1516 4868 so
1531 4810 1751 4867 ac-dastitatum
1766 4828 1783 4866 a
1798 4808 1899 4867 suisvi

200 4898 284 4956 addit
299 4900 442 4957 baronius
454 4904 590 4955 sanctum
609 4899 780 4973 episcopum
793 4898 959 4956 stabularia
969 4901 1028 4957 cui·
1083 4902 1136 4971 dit,
1152 4918 1254 4958 versos
1268 4900 1357 4973 Alpes
1372 4902 1473 4973 lugam
1486 4899 1619 4956 tentavit.
1644 4900 1750 4958 Verum
1768 4897 1910 4972 8181183-

200 4988 269 5047 dam
290 4988 327 5046 ob
353 5004 509 5062 prosperos
533 5004 691 5045 successus
718 4987 905 5045 insolescenti
933 4988 1027 5045 diram
1083 4990 1197 5045 dunum
1212 5004 1300 5045 cursa
1316 4987 1431 5045 delatus
1444 4991 1499 5056 881,
1516 4988 1639 5044 immani
1664 4986 1772 5045 scelere
1787 4990 1911 5043 necatus

201 5075 357 5133 imminere
372 5076 532 5134 vindictam
547 5076 761 5151 prenuntiassc
773 5094 780 5132 :
792 5076 843 5133 sed
858 5076 927 5134 huic
942 5078 1029 5135 tradi·
1083 5078 1140 5134 1811
1154 5077 1201 5133 die
1214 5093 1266 5134 vm
1281 5074 1343 5132 1181.
1359 5075 1557 5148 Septembres,
1574 5093 1651 5134 anno
1677 5076 1743 5133 vite
1755 5088 1832 5143 xxiv,
1850 5075 1911 5131 im-

200 5164 273 5221 tioni
290 5164 535 5239 nultaacriptoris
547 5165 652 5222 veteris
665 5164 825 5222 auctoritas
840 5164 1027 5238 astipulatur.
1083 5166 1156 5240 perii
1173 5171 1271 5223 autem
1293 5180 1335 5222 vu
1357 5168 1387 5222 et
1407 5181 1508 5222 menae
1534 5182 1572 5223 nr.
1588 5163 1693 5223 Infelix
1717 5164 1855 5237 princeps
1877 5162 1910 5219 in

201 5252 317 5317 088818
331 5268 397 5309 vero
412 5270 479 5309 cum
493 5254 641 5326 voluptate
657 5253 823 5310 charissimi
845 5254 944 5312 1881818
959 5273 1028 5313 aon·
1082 5254 1214 5311 hostium
1229 5271 1352 5311 auorum
1368 5257 1511 5329 potestate
1525 5253 1751 5321 detentua,aihil
1768 5253 1909 5324 trequen-

201 5344 303 5414 spectu
320 5342 348 5396 et
363 5340 508 5415 colloquio
524 5342 694 5399 Marcelline
715 5343 808 5415 potita
823 5342 909 5399 luerit
924 5361 1029 5416 quam·
1082 5342 1143 5400 tius
1156 5344 1333 5417 cogitatione
1347 5350 1435 5417 atque
1449 5360 1499 5401 ore
1512 5344 1751 5416 versabat,quam
1760 5338 1911 5397 Ambrosii

201 5446 259 5502 qua
274 5426 397 5487 sollicite
414 5431 621 5488 ministraverit
634 5430 704 5489 huic
715 5432 878 5507 egrotanti,
896 5448 963 5489 cum
980 5448 1027 5489 ax·
1083 5432 1214 5505 parentis
1229 5448 1347 5489 nomeu.
1364 5433 1402 5487 To
1415 5448 1467 5501 mc,
1484 5432 1660 5489 aitsanctus
1683 5430 1818 5497 antistes,
1835 5430 1913 5483 irater

200 5517 310 5592 plicatu
325 5518 431 5575 inutile
447 5520 586 5577 Paulinus
602 5520 725 5590 duxerit,
740 5537 794 5578 nos
810 5536 927 5595 quoque
942 5520 1029 5579 lacto·
1083 5528 1131 5578 trac
1143 5523 1270 5594 pericala
1283 5523 1452 5595 8888188188,
1467 5522 1544 5579 taire
1565 5521 1622 5576 tais
1646 5520 1911 5589 8818888888)-

202 5622 268 5664 rom
283 5606 479 5682 relinquimus
495 5608 675 5683 cogitationi.
981 5608 984 5617 '
1080 5610 1213 5683 peltatas,
1228 5610 1368 5670 mama
1381 5610 1480 5685 teplras
1501 5608 1612 5667 1818188
1636 5608 1756 5668 debiam
1771 5605 1913 5680 (11881818
