4159 6184
168 411 248 488 lois
454 515 456 520 Ι
702 409 930 483 belesario
952 413 995 478 IN
1013 411 1212 482 recinunt
1233 415 1369 484 xxxii.
1814 411 1894 484 loll

163 553 386 630 berelinguam
397 567 414 610 a
425 549 515 623 malo,
528 547 585 609 ists
597 545 729 609 desinere
745 552 781 610 ab
797 552 850 620 irs,
865 553 1003 625 indigna·
1023 555 1050 620 Α
1100 550 1127 604 5.
1149 552 1224 617 Ouid
1239 557 1293 622 est,
1313 553 1343 608 in
1357 543 1575 609 emulationem
1586 549 1735 612 excitaret
1750 547 1891 627 exemplo

166 647 281 706 tionem
297 643 479 718 relinquere.
509 639 561 698 llle
589 641 803 715 precepitsine
830 642 895 698 dolo
910 637 1004 713 loqui,
1061 636 1086 693 oi
1102 655 1262 712 possumus
1289 642 1469 716 aperiamus.
1495 640 1726 715 Intemperantes
1749 640 1891 699 mulieres

166 737 224 796 iste
239 733 369 794 instituit
393 749 460 790 csse
483 735 684 798 mansuetum,
708 732 757 804 qui
783 733 902 804 premia
917 746 1005 786 mon·
1061 731 1196 799 quedam
1213 737 1293 800 suot,
1314 748 1378 804 que
1405 731 1533 787 aliorum.
1548 733 1709 806 conjugum
1724 731 1812 788 corda
1828 728 1891 787 sol·

168 823 337 886 suetudinis
373 821 598 879 demonstravit.
635 822 704 886 Quae
736 822 850 892 mejora
874 821 1005 877 lementa
1060 815 1194 877 licitant:
1212 838 1286 893 quos
1310 837 1377 876 oum
1404 820 1614 876 consuetudini
1638 839 1697 878 sue
1725 821 1893 893 probroque

169 918 241 975 sunt
268 913 366 971 cordis
399 910 535 978 humani,
571 926 661 983 quam
687 911 881 966 mansuetudo
915 913 1004 980 atque
1060 907 1255 974 subdiderint,
1272 926 1329 965 non
1346 912 1490 966 contente
1515 909 1620 966 erroris
1636 910 1683 967 sui
1713 908 1820 966 babere
1845 924 1894 966 se·

167 1002 343 1077 simplicitas
359 1018 366 1058 :
381 999 493 1074 quibus
508 1003 537 1055 et
561 997 644 1055 dolor
667 998 763 1055 omnis
784 1003 906 1072 accepte
923 997 1003 1054 leva·
1059 1001 1182 1067 cretum,
1199 999 1319 1053 student
1332 1015 1434 1054 coram
1447 998 1600 1069 jugalibus
1625 1016 1727 1056 eorum
1744 1015 1832 1054 suum
1842 998 1891 1068 J‘a-

166 1098 218 1151 tur
231 1092 357 1165 injurie,
374 1094 405 1146 et
419 1088 501 1146 labes
517 1087 651 1144 criminis
666 1089 762 1144 omnis
777 1085 966 1144 excluditur?
1058 1087 1137 1143 ctare
1161 1087 1317 1159 flagitium,
1343 1093 1376 1144 ut
1390 1105 1441 1145 eas
1456 1087 1487 1142 in
1512 1087 1606 1144 zelum
1634 1089 1679 1144 sui
1705 1086 1832 1146 excitent
1862 1092 1893 1145 et

203 1183 230 1239 3.
247 1181 288 1237 Ad
305 1179 368 1236 bec
395 1178 487 1252 igitur
513 1193 637 1233 manum
663 1177 877 1234 medicamento
899 1176 1003 1232 mitte·
1057 1173 1253 1245 inflamment,
1268 1165 1454 1248 triumphum
1471 1178 1628 1250 quemdam
1651 1178 1688 1234 de
1704 1175 1804 1233 delore
1819 1192 1891 1249 pro·

166 1287 247 1339 mus,
272 1275 305 1325 ut
326 1267 453 1324 vulnera
477 1270 579 1323 nostra
607 1281 757 1332 curemus,
784 1281 820 1322 ne
836 1266 860 1322 si
876 1265 1002 1321 velimus
1056 1263 1163 1320 barum
1189 1265 1331 1320 mentium
1355 1271 1384 1322 et
1405 1265 1603 1323 commotione
1627 1269 1801 1339 captantes«
1819 1265 1888 1331 Ques

167 1359 266 1416 dicere
280 1357 359 1430 quod
375 1355 451 1412 alios
466 1371 569 1411 curere
584 1353 743 1426 possimus,
760 1354 875 1410 dicatur
889 1352 1000 1408 nobis:
1057 1353 1244 1410 emulatione
1270 1355 1396 1412 leminea
1419 1355 1497 1411 thori
1534 1356 1645 1429 proprii
1674 1354 1886 1414 contumeliam

171 1469 187 1500 e
202 1447 326 1513 Medice,
340 1461 411 1501 cura
424 1447 453 1499 te
468 1443 567 1515 ipsum
579 1444 655 1511 (Luc.
673 1459 711 1509 ιν,
727 1443 783 1514 23).
801 1463 815 1492 o
832 1442 907 1514 Ergo
922 1439 1001 1512 quod
1057 1458 1116 1497 non
1127 1443 1262 1512 terentes,
1274 1443 1392 1500 solvunt
1403 1443 1568 1518 complaciti
1577 1443 1675 1502 vincla
1685 1444 1889 1518 conjugii,aut

169 1536 261 1593 etiam
277 1551 333 1590 non
357 1532 492 1598 medicis,
521 1531 571 1588 sed
596 1530 683 1605 vulgo
708 1546 825 1603 quoque
847 1529 921 1584 solet
936 1545 1001 1584 esse
1057 1530 1229 1602 quotidiana
1253 1531 1315 1588 rixa
1337 1534 1487 1590 decertant
1501 1535 1578 1608 (87);
1604 1535 1697 1608 fitque
1712 1551 1747 1590 ex
1761 1535 1886 1594 emula·

168 1636 336 1688 commune,
365 1624 399 1676 ut
415 1620 593 1676 medicinam
610 1619 695 1692 pauci
712 1619 917 1690 profiteantur,
933 1616 1002 1689 plu·
1056 1618 1137 1674 tione
1149 1618 1305 1689 discordia,
1329 1638 1364 1678 cx
1373 1622 1557 1681 dissensione
1573 1624 1742 1693 dissidium,
1759 1641 1817 1696 quo
1833 1626 1884 1682 do-

167 1711 237 1768 rimi
262 1713 362 1767 tamen
391 1707 523 1765 remedia
546 1707 724 1780 ejusalique
741 1707 814 1763 scire
831 1703 1000 1762 sedicunt:
1058 1723 1126 1761 mus
1137 1709 1351 1765 toleturbetur.
1364 1711 1501 1783 Exemplo
1523 1712 1765 1785 igiturproterve
1780 1714 1885 1771 mulie·

166 1799 212 1857 vel
237 1799 316 1872 quod
344 1796 526 1853 medicorum
551 1796 635 1869 pueri
661 1795 775 1852 iaciunt
803 1811 858 1850 nos
883 1809 1001 1866 quoque
1057 1794 1099 1850 ris
1110 1810 1262 1866 cognosce,
1274 1798 1324 1870 qui
1334 1797 1419 1871 legis,
1435 1804 1533 1871 partes
1555 1816 1619 1858 esse
1629 1801 1885 1873 nequissimede·

167 1887 265 1945 alieno
279 1886 494 1943 medicamento
522 1883 686 1940 remedium
713 1882 1000 1957 indigentibuspro-
1020 1882 1261 1985 Btestnbilieque
1271 1888 1414 1955 versutie,
1425 1888 1560 1961 improba
1571 1889 1885 1948 emulationcalteriue

166 1978 310 2034 feramus.
327 1974 412 2030 Dives
436 1972 616 2046 magistrum
646 1971 793 2040 adhibeat,
814 1987 927 2044 pauper
946 1970 1004 2024 mi·
1060 1970 1192 2048 animam
1216 1990 1419 2033 commovere:
1450 1977 1588 2050 aliudque
1603 1995 1668 2036 esse
1680 1979 1788 2049 zelum,
1804 1979 1884 2036 aliud

167 2067 308 2124 nistrum.
336 2063 389 2128 Qui
404 2061 524 2134 perlecti
548 2060 735 2117 altitudinem
749 2059 835 2132 capit,
854 2061 1004 2114 sirmatex
1061 2059 1236 2130 parazelum.
1260 2063 1326 2120 Hec
1349 2069 1394 2121 est
1413 2051 1491 2122 enim
1517 2083 1605 2139 prava
1634 2067 1794 2136 emulatio,
1818 2085 1883 2142 que

166 2155 251 2229 ipso:
269 2153 321 2226 qui
336 2150 468 2223 planiore
491 2149 650 2218 desiderat,
668 2150 698 2204 in
713 2148 788 2204 valle
804 2151 950 2220 pascatur,
970 2151 1004 2202 ut
1059 2147 1204 2205 bonorum
1232 2153 1379 2210 subintrat
1401 2154 1537 2211 allectum
1551 2173 1558 2211 :
1574 2173 1633 2228 qua
1655 2157 1744 2213 etiam
1759 2158 1881 2214 iudeus

168 2239 517 2319 parvulus.0uilluvium
534 2237 649 2304 metuit,
666 2238 701 2293 de
714 2235 807 2293 rivulo
823 2236 906 2292 bibat
920 2236 1000 2306 (85):
1059 2238 1165 2293 erravit
1179 2239 1341 2312 quievero
1370 2242 1488 2299 etbono
1517 2244 1689 2318 evangelice
1718 2245 1882 2320 discipline

169 2337 199 2390 et
214 2332 264 2404 qui
279 2328 460 2404 profundum
476 2330 573 2400 pavet,
590 2327 626 2382 ed
653 2325 737 2382 littus
751 2329 857 2382 enatet.
874 2321 1003 2380 Pulchre
1058 2323 1173 2394 itinere,
1189 2329 1271 2385 devia
1294 2330 1368 2403 legis
1392 2331 1577 2389 emulatione
1601 2333 1718 2390 deflexit
1744 2335 1813 2408 (88),
1841 2336 1882 2392 si·

169 2427 269 2480 autem
293 2420 412 2476 sanctus
437 2416 528 2474 David
551 2415 582 2470 in
607 2413 756 2488 superiore
779 2414 893 2487 psalmo
908 2413 1000 2481 (Prot.
1058 2418 1110 2470 cut
1133 2416 1168 2471 de
1183 2419 1383 2490 seApostolus
1409 2421 1450 2475 ait
1464 2422 1596 2495 (Philipp.
1613 2440 1656 2490 111,
1683 2425 1724 2495 6),
1739 2425 1819 2496 quod
1835 2441 1883 2482 se-

167 2510 254 2583 xxxv)
268 2507 370 2581 injusti
383 2507 475 2564 vitam
487 2501 697 2571 describitbic
703 2503 778 2575 justi
790 2521 797 2571 ;
814 2503 854 2558 ibi
867 2501 1002 2572 injustus
1057 2505 1188 2560 cundum
1204 2507 1419 2564 emulationem
1447 2509 1520 2583 legis
1539 2513 1770 2584 persequebatur
1783 2513 1882 2570 Eccle-

170 2597 336 2674 expouitur,
351 2597 399 2653 hic
411 2596 514 2667 justus
542 2592 725 2660 instituitur;
755 2592 804 2648 ille
819 2589 876 2647 sibi
903 2587 1000 2646 delin-
1057 2593 1133 2649 siam
1148 2594 1267 2651 christi,

170 2687 247 2763 quit,
262 2687 309 2744 bic
324 2685 399 2744 tollit
415 2683 504 2742 etiam
529 2681 624 2740 aliena
647 2685 775 2755 peccata.
792 2681 827 2736 Et
840 2679 904 2735 ideo
920 2680 1001 2750 quod
1091 2685 1118 2739 6.
1136 2684 1208 2758 Ergo
1220 2686 1354 2758 quamvis
1375 2686 1453 2742 Deus
1464 2691 1564 2744 noster
1574 2687 1698 2762 ingratis
1710 2689 1893 2747 iudeorum·

170 2778 303 2852 primum
315 2775 564 2832 medicamentum
580 2771 618 2828 sit
629 2770 756 2842 justitie
766 2769 1000 2826 consideremus,
1056 2773 1253 2830 offenderetur
1276 2774 1443 2846 frequenter
1456 2775 1608 2833 affectibus
1627 2781 1656 2833 et
1669 2776 1796 2849 querelis
1810 2796 1818 2846 ;
1833 2783 1882 2835 sa.

475 2913 681 2972 ENARRATIO
1056 2878 1124 2918 men
1146 2867 1334 2936 assumptum
1358 2864 1447 2920 semel
1475 2869 1503 2922 et
1517 2864 1641 2922 electum
1666 2866 1722 2922 sibi
1737 2866 1882 2940 populum

685 2957 691 2971 '
1056 2951 1180 3007 minime
1204 2952 1405 3024 relinquebat3
1422 2955 1474 3009 sed
1488 2954 1642 3028 synagoga
1655 2959 1771 3011 tantum
1788 2972 1882 3013 mere·

207 3045 234 3100 ⁴·
251 3042 346 3112 (Vtri
365 3041 403 3112 1·)
417 3061 431 3090 ”
443 3037 518 3108 ΝῡῙῑ,
533 3037 641 3110 inquii,
657 3035 812 3111 mulignarl
825 3035 900 3090 inter
915 3032 1000 3088 mali·
1054 3039 1112 3095 trix
1122 3057 1230 3112 procax
1243 3041 1359 3098 irritare
1373 3058 1440 3098 eum
1452 3042 1539 3115 coepit
1547 3043 1577 3098 in
1589 3042 1784 3100 emulationis
1797 3061 1883 3102 ama-

170 3135 295 3208 gnantes
308 3149 314 3187 :
326 3145 421 3202 neque
436 3127 592 3184 emulatus
605 3126 694 3182 fueris
708 3125 848 3182 iacientes
859 3120 1000 3194 iniquite-
1054 3129 1225 3197 citudinem,
1237 3131 1482 3203 prevaricationis
1496 3149 1527 3188 se
1542 3132 1691 3189 miscendo
1707 3132 1881 3208 sacrilegiis.

170 3227 243 3279 iem·
261 3242 275 3270 ‘’
289 3219 419 3275 Primum
435 3218 585 3274 discamus
601 3215 670 3288 quid
682 3215 721 3272 ⁸st
733 3237 747 3267 «
757 3212 887 3271 emulari
895 3211 951 3283 (86)
964 3229 971 3280 3
985 3234 999 3263 »
1057 3218 1185 3290 Denique
1210 3220 1284 3275 dixit
1310 3221 1346 3276 ad
1363 3221 1544 3277 sacerdotem
1558 3223 1654 3279 Aaron
1669 3238 1675 3277 :
1692 3245 1707 3272 «
1724 3223 1780 3278 Fac
1795 3223 1882 3281 nobis

170 3311 243 3368 licet
253 3308 348 3365 minor
361 3308 405 3365 vis
415 3306 560 3364 sermonis
571 3304 660 3377 hujus
670 3305 709 3361 sit
724 3305 754 3359 in
776 3303 890 3370 Latino,
907 3291 1034 3372 quami.
1054 3307 1125 3362 deos
1148 3324 1223 3380 quos
1246 3309 1403 3365 adoremus
1426 3310 1521 3381 (exod.
1548 3327 1637 3379 xxxii,
1655 3312 1702 3382 1);
1724 3332 1737 3361 o
1753 3315 1783 3368 et
1795 3311 1881 3370 vituli

170 3399 204 3456 in
219 3398 325 3456 Greco.
341 3395 414 3454 Nem
429 3400 458 3452 ct
470 3395 500 3452 in
515 3395 593 3451 beno
619 3392 834 3450 emulationem
860 3388 998 3461 legimus,
1053 3398 1142 3466 ceput
1162 3397 1283 3452 adorere
1306 3402 1465 3470 coeperunt.
1490 3399 1572 3455 Unde
1588 3417 1640 3472 per
1654 3399 1801 3458 canticum
1817 3418 1880 3459 ma.

171 3491 202 3546 et
215 3487 245 3544 in
261 3484 348 3544 malo.
364 3484 495 3558 Denique
510 3482 667 3557 Apostolus
683 3482 753 3539 dicit
770 3499 776 3537 :
798 3503 808 3530 ι
824 3479 939 3536 Bonum
955 3481 1000 3533 esi
1054 3499 1146 3554 gnum
1168 3486 1258 3556 Moysi
1274 3485 1417 3542 Dominus
1432 3487 1462 3543 in
1490 3504 1538 3544 ore
1557 3489 1653 3562 ipsius
1668 3489 1821 3547 resultavit
1835 3491 1880 3548 di·

172 3573 305 3648 emulari
320 3575 350 3630 in
381 3574 458 3631 bono
486 3587 603 3645 semper
617 3571 717 3644 (Gelai.
737 3587 775 3642 1v,
796 3569 851 3642 18).
870 3589 884 3616 »
900 3566 935 3620 lit
949 3581 1000 3621 su·
1054 3586 1142 3626 cens:
1161 3592 1176 3622 ι(
1202 3571 1261 3643 Ipsi
1275 3573 1473 3630 excitaverunt
1497 3592 1544 3632 me
1569 3575 1879 3637 inmutationem„

171 3681 227 3741 1)Νι
248 3664 311 3737 ῑΡθθ
337 3661 429 3719 (Ῑῗῐῑῑῑ
447 3685 462 3713 “
490 3660 676 3718 AEmulaflffli
690 3677 739 3716 VOS
753 3676 810 3716 ¹1⁰1]
826 3657 919 3723 bene3
948 3655 1000 3710 sed
1055 3675 1114 3715 non
1138 3658 1208 3726 Deo,
1237 3660 1425 3718 irritaverunt
1439 3680 1485 3719 me
1501 3665 1531 3719 in
1547 3665 1713 3723 simulacris
1727 3668 1881 3745 euis;ego

172 3753 326 3812 excludere
336 3768 387 3809 vos
398 3751 544 3822 volunt,ut
555 3749 621 3807 illos
629 3747 809 3806 aemulemini
820 3744 899 3818 (lbid.
917 3743 971 3815 17).
985 3765 999 3792 s
1055 3751 1153 3803 autem
1165 3746 1295 3804 excitabo
1318 3766 1368 3806 eos
1392 3751 1423 3804 in
1438 3750 1656 3810 emulationem
1666 3754 1697 3810 ia
1709 3771 1767 3812 non
1783 3764 1880 3831 gente,

172 3844 209 3900 ut
221 3843 328 3899 iterum
343 3841 407 3914 ipse
423 3840 512 3896 ait:«
541 3838 729 3896 AEmulamini
746 3831 999 3894 melioracheris·
1055 3835 1085 3889 in
1110 3835 1228 3890 natione
1255 3833 1414 3909 insipiente
1443 3838 1565 3895 irritabo
1592 3857 1642 3897 eos
1669 3842 1760 3910 (Dect.
1789 3863 1880 3913 xxxu,

174 3931 302 4003 metali
328 3929 389 3986 Cor.
418 3946 469 3998 nn,
498 3929 584 4002 31).»
615 3928 698 3985 Eted
729 3928 876 3984 Romanos
897 3920 999 3977 hebes.
1055 3925 1111 3995 21).
1130 3925 1365 3996 ›iliaquomodo
1396 3926 1540 3984 Dominus
1555 3929 1762 3985 condemnavit
1790 3932 1884 4005 Syna-

177 4039 194 4070 «
206 4016 276 4072 Dico
287 4031 366 4090 ergo,
375 4015 519 4088 numquid
531 4015 573 4072 sic
585 4015 780 4083 offenderunt,
795 4018 827 4069 ut
840 4009 1001 4068 caderent?
1056 4029 1136 4087 goge
1160 4013 1340 4070 meretricios
1365 4031 1473 4086 mores,
1489 4033 1545 4088 quo
1558 4018 1690 4090 ipsorum
1706 4016 1737 4073 in
1754 4035 1805 4077 οὓς
1819 4038 1883 4078 ver.

172 4105 277 4163 Absit:
293 4105 344 4162 sed
360 4103 477 4161 illorum
494 4106 569 4162 779
584 4104 724 4161 delictum
750 4103 831 4160 salus
846 4102 893 4158 est
907 4098 1000 4172 genti·
1057 4099 1166 4156 sutiam
1192 4103 1383 4174 retorqueret,
1409 4106 1437 4159 et
1462 4120 1515 4160 suo
1543 4106 1729 4162 allicerentur
1753 4105 1882 4182 ingenio,

174 4196 278 4262 bus,ut
292 4192 358 4251 illos
374 4192 549 4251 emulentur
573 4194 660 4266 (Rern.
685 4210 725 4261 xv,
755 4193 810 4264 11).
826 4213 840 4243 o
857 4191 892 4246 Et
906 4187 1001 4244 inira:
1057 4188 1107 4261 qui
1123 4188 1281 4245 Dominum
1292 4190 1386 4247 Deum
1396 4209 1484 4247 suum
1497 4210 1515 4249 a
1527 4209 1586 4266 quo
1596 4194 1742 4266 assumpti
1755 4194 1883 4266 lucrant,

176 4305 191 4333 «
207 4281 298 4339 Vobis
326 4280 404 4338 enim
428 4281 493 4338 dico
517 4281 655 4356 gentibus
675 4298 682 4337 z
708 4280 840 4354 quandiu
866 4291 919 4350 ego
935 4291 1001 4332 sum
1057 4278 1197 4351 gravibus
1227 4278 1387 4353 sacrilegiis
1402 4281 1577 4351 refutarunt,
1589 4284 1659 4340 deos
1674 4281 1731 4339 eibi
1745 4302 1820 4358 quos
1835 4303 1884 4344 co·

175 4369 309 4443 gentium
323 4367 491 4442 Apostolus,
508 4370 706 4427 ministerium
722 4384 821 4424 meum
835 4365 1001 4432 illustrabo,
1057 4365 1150 4423 lerent
1164 4366 1305 4440 eligentes
1326 4385 1332 4424 :
1351 4385 1507 4426 assumens
1521 4387 1537 4426 e
1556 4371 1700 4428 contrario
1715 4372 1773 4430 sibi
1788 4376 1884 4434 Eccle-

177 4457 380 4530 siquomcdo
403 4457 654 4515 emulercarnem
669 4461 820 4525 meamet
842 4454 936 4511 salvos
960 4454 1003 4508 fe·
1058 4455 1133 4511 siam
1148 4456 1184 4512 de
1207 4455 1348 4528 profanis,
1371 4474 1460 4530 quam
1476 4460 1627 4531 prelatum
1642 4461 1699 4518 sibi
1731 4463 1795 4521 siue
1810 4465 1883 4541 lege,

177 4546 256 4604 eiam
271 4545 386 4619 aliquos
400 4561 435 4603 ex
445 4546 518 4619 ipsis
528 4547 607 4619 (liic.
624 4545 688 4617 13);
707 4567 721 4595 »
737 4543 791 4600 hoc
807 4549 861 4611 eet,
877 4541 1003 4598 alliciam
1059 4544 1121 4601 sine
1137 4546 1231 4618 gratia
1250 4544 1418 4602 iudeorum
1445 4549 1572 4621 populus
1596 4551 1822 4625 ingemisceret3
1842 4561 1885 4612 at·

176 4650 297 4693 caruem
327 4651 432 4691 meam.
463 4635 595 4708 Denique
622 4643 776 4707 παραζτχσω
802 4633 920 4688 Graeous
949 4630 1004 4687 he·
1020 4647 1165 4727 uneeo
1189 4633 1317 4705 amplius
1332 4634 1363 4690 in
1379 4635 1595 4695 emulationem
1610 4639 1729 4697 illorum
1747 4643 1886 4700 excitare·

178 4726 239 4782 bet.
269 4723 343 4780 Nem
371 4728 401 4780 et
425 4723 495 4780 bic:
527 4731 743 4798 μὴπαραζηώσλυ
763 4729 1006 4794 incompetentem
1061 4725 1110 4776 tur
1125 4721 1256 4791 allectus,
1273 4739 1330 4793 quo
1344 4723 1479 4781 viliorum
1496 4727 1571 4785 lacta
1586 4734 1664 4787 essct
1683 4729 1793 4786 electio.
1811 4731 1884 4785 Nam

179 4812 295 4880 habei;
324 4819 385 4884 μήὸι
412 4821 487 4882 ζήλου
515 4825 572 4880 τοὺς
599 4824 727 4880 ποιοῦντας
740 4824 786 4881 τὴν
801 4818 922 4882 ἀνομίαν;
952 4809 1006 4865 hoc
1062 4815 1129 4867 ente
1154 4827 1212 4882 quo
1238 4811 1404 4868 alliceretur
1431 4814 1480 4870 ille
1514 4816 1641 4890 populus
1676 4834 1734 4873 non
1758 4817 1886 4874 habebnt

179 4905 236 4969 est,
252 4898 311 4956 noli
326 4899 471 4974 malignos
487 4901 516 4956 in
533 4900 748 4959 emulationem
773 4899 916 4968 excitare;
933 4915 1005 4971 quo·
1062 4915 1129 4955 cum
1145 4899 1240 4955 solum
1257 4916 1289 4956 sc
1303 4901 1453 4959 abomino
1468 4905 1666 4962 consideraret
1679 4903 1814 4960 electum.
1830 4903 1885 4960 Ubi

180 4990 264 5047 niam
279 4987 322 5045 illi
338 5007 396 5046 non
413 4989 448 5047 de
463 4991 549 5063 bono,
566 4993 616 5048 sed
633 4992 668 5047 de
684 4991 761 5048 malo
776 4993 898 5046 certant.
1062 5005 1129 5045 vero
1142 4989 1266 5060 advertit
1280 4991 1402 5047 ascitam
1419 5007 1453 5048 ea
1468 4994 1636 5049 nationibus
1651 5007 1811 5048 convenam
1823 4990 1886 5065 ple·
1986 5025 1993 5037 ι

220 5105 275 5178 (85)
291 5103 361 5162 Mes.
375 5105 515 5179 quinque,
529 5106 604 5176 biiii,
620 5110 645 5162 ct
660 5109 708 5178 qui
720 5105 888 5178 profundum
901 5107 1007 5177 potoou
1099 5105 1156 5174 (87)
1172 5105 1219 5161 Sic
1246 5106 1316 5162 edit.
1340 5112 1395 5163 vet.
1426 5124 1460 5163 ac
1488 5108 1571 5162 Rom.
1602 5107 1673 5162 Mes.
1695 5110 1794 5162 autem
1808 5103 1884 5165 Vici.

182 5177 221 5234 ad
237 5177 330 5233 littora
343 5180 435 5234 natat.
1064 5180 1093 5232 et
1107 5177 1187 5232 Celb.
1204 5193 1272 5232 cum
1296 5183 1351 5232 vet.
1377 5178 1446 5234 edit.
1462 5177 1492 5232 in
1508 5179 1649 5251 margine,
1665 5185 1713 5233 aui
1725 5178 1888 5250 quotidiano
1951 5197 1954 5202 ·

220 5248 278 5316 (86)
298 5247 381 5305 liam.
421 5248 490 5304 edit.
522 5247 607 5317 sola,
642 5249 705 5305 Noli
730 5247 909 5303 cubemulori
937 5248 1009 5302 inter
1064 5250 1110 5303 oie
1135 5249 1282 5304 decertant.
1312 5248 1367 5303 Alii
1396 5249 1506 5320 plures,
1541 5258 1589 5305 aut
1615 5249 1785 5322 quotidianae
1821 5253 1887 5310 vite

184 5319 379 5390 mclipocnier.
408 5321 536 5376 Primum
563 5321 702 5376 decamus
729 5319 796 5402 quid
820 5318 1008 5374 ritmboemc·
1063 5319 1223 5375 decernunt.

185 5390 264 5447 lori?
284 5390 364 5446 Hanc
393 5391 511 5464 quidem
538 5390 691 5449 lectionem
717 5391 853 5446 videntur
888 5405 923 5444 ea
945 5405 1009 5460 que
1100 5391 1156 5462 (88)
1169 5390 1245 5446 Edit.
1262 5392 1322 5444 ant.
1339 5393 1368 5445 et
1390 5389 1473 5445 lium.
1497 5406 1564 5446 cum
1580 5408 1650 5448 mss.
1680 5388 1887 5450 Vnt.Colb.et

185 5466 362 5535 sequuntur,
377 5462 524 5535 postulare
537 5482 543 5532 ;
568 5463 619 5520 sed
634 5479 688 5519 nos
709 5478 745 5518 ex
760 5461 816 5517 fide
831 5461 920 5518 verbo
934 5477 1006 5518 mes.
1064 5463 1151 5528 liet,
1168 5464 1216 5533 qui
1230 5479 1247 5516 o
1260 5476 1321 5516 cero
1348 5463 1416 5516 bono
1430 5463 1597 5531 eucnpelice
1615 5463 1778 5536 discipline,
1808 5463 1887 5521 devia

187 5537 216 5590 ct
230 5535 287 5590 vet.
317 5533 385 5589 edit.
415 5540 667 5606 representamus.
698 5533 750 5589 Cui
778 5548 845 5588 vero
869 5531 1010 5604 placuerit
1065 5535 1132 5605 lepis
1159 5532 1336 5590 erovrlctionc
1363 5532 1484 5601 dcslccit.
1525 5533 1616 5591 Pan's.
1648 5535 1782 5608 quedam
1817 5551 1886 5592 cum

184 5604 283 5661 varias
311 5603 401 5676 hujus
415 5605 550 5663 versiculi
574 5606 711 5663 lectiones
726 5619 910 5686 cognoscere,
927 5603 1011 5661 adeat
1065 5606 1127 5677 lleg
1131 5644 1237 5660 ......
1276 5602 1434 5674 discipline
1470 5603 1576 5675 devius,
1614 5607 1692 5676 lepis,
1727 5611 1781 5663 etc.
1817 5606 1887 5662 Om-

187 5674 349 5744 Nobilium,
365 5678 442 5748 apud
458 5693 545 5750 quem
560 5679 723 5746 etiemcum
739 5675 864 5732 alvorum
880 5675 1010 5748 Petrum,
1065 5677 1160 5758 nium,
1188 5674 1231 5729 uti
1260 5677 1410 5745 putemus,
1438 5675 1547 5747 optime
1573 5685 1698 5752 quatuor
1731 5678 1780 5736 alii
1813 5694 1887 5750 ques

187 5751 252 5806 tuin
267 5745 424 5821 ipsiusmet
438 5749 581 5807 Ambrosii
598 5748 793 5823 expositiones
809 5748 942 5822 reperiet.
1067 5751 1159 5805 secuti
1173 5760 1288 5802 sumus.
