4159 6184
275 276 335 339 no
1006 260 1039 324 S.
1062 256 1250 325 aueaosu
1495 326 1504 339 ,
1865 326 1868 330 ,
1892 278 1941 345 m

272 402 483 481 jrrueotatelbil
498 399 580 475 (leid.
596 372 645 473 Di)
661 399 723 455 Non
739 396 914 469 ergoadhue
930 398 1095 469 percuteret
1112 395 1243 460 Acatcre
1275 413 1382 453 omnem
1418 412 1551 455 earnem:
1583 398 1636 456 sed
1670 398 1701 455 in
1729 404 1805 473 parte
1834 404 1942 469 vindicta

276 509 394 551 omnem
408 497 517 549 terram
535 488 609 547 aient
625 488 701 554 lecit,
717 484 856 542 omnibus
880 484 983 541 diebus
1003 486 1096 539 terre.
1153 489 1295 542 servatur,

278 581 337 641 lltsi
352 581 550 638 vindicaverat
563 578 593 635 in
617 575 770 633 hominum
791 589 885 647 genus
897 592 904 643 ;
929 576 1027 629 tamen
1049 587 1098 627 eo·
1445 594 1563 651 CAPUT
1581 594 1682 651 xxm,

276 674 415 745 gnoverat
429 668 500 742 qnia
514 664 640 764 vindicta
651 662 724 737 legis
741 662 775 763 ad
789 662 923 718 timorem
935 661 1061 733 proficit,
1072 662 1101 715 et
1155 680 1230 749 Quod
1251 683 1291 737 ap
1314 682 1480 739 „mmm
1504 684 1609 740 Samen
1633 687 1662 739 et
1685 684 1796 753 mensis,
1819 687 1901 759 frigus
1922 696 1947 747 a

276 758 473 835 cognitionem
503 756 652 818 doetrrnae,
683 768 778 825 magra
810 767 898 823 quam
924 749 959 805 ad
988 753 1100 805 nature
1190 757 1278 808 estus
1300 769 1358 808 non
1382 754 1576 827 requiescent,
1599 754 1636 810 arl
1656 755 1774 813 litteram
1791 762 1948 818 etmoraliter

278 847 623 915 commutationemque
639 841 746 914 corrigi
775 840 804 895 in
821 837 969 911 aliquibus
993 841 1099 911 potest,
1190 824 1353 895 militm?-

190 960 195 969 ·
278 940 307 995 in
325 935 461 995 omnibus
476 930 584 989 mutari
599 947 657 987 non
668 933 774 1004 petest.
790 927 1031 999 Vindicavitergo
1047 925 1101 982 Do·
1189 931 1234 986 82.
1251 929 1324 997 Quid
1352 930 1391 987 sit
1410 929 1499 987 etiam
1523 916 1686 1003 quod'ait:
1709 936 1840 989 Semeaet
1861 938 1949 1004 messia

278 1027 387 1092 minus,
404 1026 437 1079 ut
450 1021 623 1079 timeremus
636 1037 643 1088 ;
670 1017 800 1092 pepercit
824 1020 856 1073 ut
873 1032 1099 1072 reservaremur.
1153 1019 1243 1091 {rigeo
1257 1028 1282 1075 et
1297 1019 1477 1087 actualem
1490 1020 1660 1087 etoertos,rlie
1673 1027 1699 1076 et
1711 1020 1905 1093 redemtore
1915 1040 1949 1079 re·

279 1118 312 1173 ill
327 1112 483 1171 vindicavit
499 1109 588 1167 semel
604 1110 640 1166 ad
654 1106 819 1180 exemplum
831 1104 955 1171 timoris,
972 1102 1102 1178 pepercit
1155 1108 1370 1181 quiesceatldec.
1382 1108 1674 1181 vrrr,22).Secundum
1685 1108 1811 1165 litteram
1823 1108 1951 1182 signifieat

278 1206 308 1261 in
328 1202 488 1275 reliquum,
515 1216 551 1254 ne
575 1198 777 1254 dominaretur
798 1211 914 1267 semper
935 1191 1100 1251 amaritudo
1154 1213 1347 1268 permansura
1361 1198 1550 1253 manentibus
1572 1198 1734 1253 seeundum
1758 1196 1951 1255 institutionem

278 1290 408 1367 peceati;
424 1287 514 1345 simul
529 1286 598 1359 quia
613 1286 637 1341 si
654 1284 720 1357 quis
736 1287 854 1357 peecata
881 1282 980 1355 cupiat
993 1280 1101 1353 sapius
1157 1285 1281 1349 Domini.
1306 1290 1335 1342 ot
1357 1290 1466 1342 statum
1490 1302 1578 1343 auum
1601 1285 1781 1359 temporibus
1806 1286 1953 1360 incorrupta

277 1379 435 1445 vindicare,
451 1392 537 1449 asper
560 1374 655 1447 magis
679 1388 767 1447 quam
794 1370 944 1428 censorius
964 1369 1099 1425 babetur.
1155 1373 1253 1431 lutura
1275 1374 1427 1442 animalia,
1450 1374 1495 1431 vel
1519 1390 1675 1431 nemorosa
1694 1375 1802 1431 omnia,
1816 1374 1952 1434 Nemeum

279 1470 404 1542 Ideoque
418 1466 490 1523 dicit
504 1464 666 1519 Dominus:
691 1463 750 1518 Non
773 1460 904 1531 adjiciam
924 1460 998 1514 altro
1014 1458 1100 1514 male·
1155 1469 1383 1536 corrumpnntur
1405 1469 1547 1536 tempora,
1572 1463 1893 1537 corrumpunturatianr
1913 1463 1955 1519 illa

277 1558 367 1613 dicere
388 1564 472 1613 terrm
494 1559 604 1626 propter
624 1567 706 1621 opera
729 1550 881 1615 hominvm,
906 1548 934 1602 id
960 1550 1015 1613 est,
1032 1546 1102 1618 qula
1155 1569 1219 1626 que
1234 1552 1416 1625 temporibus
1428 1552 1491 1609 suis
1506 1568 1629 1625 queque
1643 1553 1814 1625 gignuntur.
1831 1550 1859 1607 Si
1872 1555 1954 1607 auton

277 1646 416 1719 pietatem
433 1658 518 1699 sunm
529 1641 606 1696 circa
615 1638 835 1696 universitatem
845 1634 998 1692 bominum
1009 1634 1102 1692 voluit
1154 1640 1287 1697 confusio
1303 1639 1342 1696 sit
1356 1639 1685 1713 tempommpuomodo
1699 1642 1824 1711 possunt
1832 1639 1956 1696 contusio

278 1733 438 1801 declarare,
466 1734 495 1787 et
517 1734 616 1785 tamen
639 1725 825 1785 securitatem
850 1730 878 1780 et
893 1723 1100 1797 negligentiam
1154 1746 1191 1785 oo
1205 1730 1281 1785 laeta
1294 1730 1381 1785 etiam
1396 1747 1431 1786 aa
1443 1746 1506 1802 que
1522 1733 1592 1785 sunt
1606 1728 1759 1802 gignentia
1782 1726 1955 1800 permaneret

278 1821 436 1895 quamdam
454 1818 603 1873 mentibus
614 1816 753 1872 humanis
764 1812 866 1869 etiarm
876 1830 933 1868 aun
946 1812 1058 1878 debuit,
1068 1810 1099 1867 in
1154 1819 1228 1891 Ergo
1242 1822 1374 1891 temporo
1385 1823 1459 1875 sunt
1473 1836 1537 1891 qne
1552 1823 1603 1874 ant
1617 1821 1811 1889 corrumpunt
1824 1820 1957 1873 autreaer·

278 1925 387 1983 peueos
402 1905 540 1973 vindicat,
549 1904 648 1977 plures
657 1907 795 1961 reservat.
808 1902 916 1958 Deinde
927 1917 994 1958 eum
1007 1899 1097 1955 dicit:
1153 1912 1232 1975 rant,
1246 1911 1333 1979 prout
1344 1906 1410 1979 ipsa
1423 1907 1468 1962 sui
1487 1905 1646 1963 habuerint
1660 1905 1841 1978 qualitatem.
1851 1905 1957 1976 [deoque

277 2004 338 2058 Nan
370 1995 501 2067 adiiciam
532 1994 600 2067 (63),
634 1991 762 2050 ostendit
785 1991 863 2064 quod
887 1988 1100 2062 allevetmagie
1153 2012 1249 2053 annus
1265 1995 1954 2062 excontrariisdncitnr,vere,autumnoestete,

278 2102 424 2145 erumnae
448 2082 601 2139 hominum
627 2098 716 2155 quam
740 2080 882 2153 ingravet,
910 2078 1005 2135 sciens
1020 2078 1098 2150 quod
1153 2084 1259 2152 bieme,
1276 2085 1353 2141 sicul
1367 2084 1522 2141 harmonia
1541 2083 1698 2141 cantilenae
1721 2081 1865 2156 permistis
1877 2080 1956 2155 gravi·

278 2177 395 2252 penitus
411 2175 529 2245 peecata
540 2171 694 2227 bominum
706 2166 812 2225 anlerri
824 2184 881 2223 non
891 2170 1010 2239 queunt.
1021 2166 1099 2223 Tun·
1154 2174 1211 2229 bus
1226 2178 1254 2230 et
1268 2174 1362 2231 acutis
1377 2173 1492 2229 videtur
1505 2171 1675 2229 consistere.
1694 2172 1744 2230 Sic
1759 2174 1866 2245 ergoet
1885 2185 1955 2225 mun·

278 2282 367 2340 quam
393 2264 421 2319 in
445 2260 615 2336 proverbio:
642 2260 670 2315 Sl
701 2258 767 2331 quis
793 2256 846 2315 reti
862 2255 964 2313 subtili
981 2255 1100 2313 baurim
1154 2263 1210 2319 dns
1224 2262 1279 2319 iste
1294 2278 1330 2319 ex
1342 2262 1496 2318 contrariis
1511 2262 1686 2331 continetur,
1700 2277 1766 2318 aero
1780 2254 1956 2330 atterra,igni

279 2352 378 2427 cupiat
392 2368 511 2425 aquam,
527 2350 570 2406 sie
583 2348 633 2421 qui
650 2346 792 2404 melitium
808 2362 842 2401 ex
858 2344 1024 2418 pectoribus
1046 2343 1100 2399 bo·
1155 2355 1183 2407 et
1195 2367 1280 2423 aquo.
1297 2350 1402 2406 Nostro
1417 2366 1534 2424 quoqne
1548 2366 1671 2423 corpora
1698 2348 1804 2423 lrigore
1827 2351 1855 2403 et
1866 2344 1954 2412 calore,

280 2442 394 2499 minum
409 2442 533 2495 conatur
548 2436 671 2515 auterre.
1154 2440 1278 2496 humore
1300 2443 1330 2495 et
1352 2438 1493 2506 siccitate,
1518 2439 1676 2511 quemdem
1709 2442 1819 2493 natura
1840 2434 1954 2492 ordinem

314 2531 359 2587 81.
378 2530 437 2585 Noa
460 2526 600 2599 adjiciam,
626 2522 732 2596 inquit,
754 2520 915 2577 maledicere
937 2524 1024 2578 lerrae
1036 2536 1099 2593 pro·
1155 2531 1280 2586 serrant.
1297 2528 1369 2584 Nam
1386 2527 1411 2585 si
1422 2527 1564 2584 naturalis
1579 2528 1650 2583 ordo
1664 2544 1700 2583 ae
1712 2522 1956 2583 mansuraeonlun-

278 2628 341 2693 pler
353 2623 461 2691 peccata
475 2610 1101 2684 hominum2qttiapermattt’lsettstls'ltotninis
1155 2618 1244 2684 ditur,
1267 2622 1337 2673 tune
1357 2633 1476 2673 necesse
1502 2620 1548 2673 est
1568 2620 1713 2688 sequatur
1737 2614 1875 2671 interitus.
1896 2610 1956 2682 Ergo

278 2709 431 2782 diligenter
444 2719 526 2777 super
539 2704 615 2758 mala
631 2702 800 2775 ajueeatute
811 2703 877 2776 (aa).
894 2703 966 2759 Vide
981 2715 1102 2773 quomo·
1128 2761 1131 2765 ,
1155 2711 1268 2763 eertum
1282 2706 1414 2762 ordinem
1429 2710 1595 2778 temporum
1611 2705 1769 2771 Dominus,
1785 2704 1888 2759 remote
1904 2714 1958 2754 eon·

279 2798 316 2854 do
332 2793 464 2853 studiose
479 2809 532 2849 aos
542 2790 712 2863 delinquere
725 2792 798 2849 Deus
810 2793 965 2867 significet,
978 2789 1101 2847 dicendo
1136 2784 1270 2851 'lusione
1284 2794 1396 2863 diluvii,
1412 2795 1449 2851 ad
1460 2792 1709 2867 perseverantiam
1721 2790 1822 2849 muudi
1831 2783 1958 2863 promittit

281 2899 450 2959 permanere
467 2898 555 2955 super
569 2879 646 2936 mala
657 2896 776 2937 sensum
789 2882 915 2939 bominis
929 2881 1099 2954 diligenter:
1156 2884 1299 2939 futurum.

281 2990 339 3047 quo
355 2972 433 3029 dicto
449 2970 613 3043 significare
627 2966 1102 3045 rideturdiligentereorhominis
1190 2973 1234 3029 83.
1252 2971 1345 3027 altior
1360 2974 1457 3027 autem
1473 2986 1579 3027 sensus
1594 2969 1763 3036 hochabet,
1777 2973 1955 3041 utpersernen

281 3063 315 3120 ed
333 3065 450 3136 peecata
465 3059 653 3133 propendere,
670 3062 699 3114 at
715 3058 809 3117 inesse
832 3057 986 3133 principali
1001 3061 1100 3113 nostro
1155 3059 1356 3134 intelligamus
1372 3059 1560 3132 principium,
1576 3074 1769 3133 permessem
1781 3042 1956 3127 intelligamus

231 3220 235 3231 Ι
280 3150 426 3208 lubricum
441 3147 640 3220 delinquendi,
656 3151 684 3203 et
698 3149 776 3219 quod
792 3150 876 3221 pejus
891 3152 946 3218 cst,
964 3145 1098 3203 studium
1116 3126 1138 3193 C
1157 3151 1256 3206 finem.
1274 3151 1305 3205 la
1320 3153 1445 3221 utroque
1460 3147 1565 3205 salutis
1580 3152 1625 3205 est
1645 3164 1751 3205 eausa.
1775 3146 1894 3202 alterurn
1907 3138 1960 3195 sine

281 3257 339 3297 non
349 3240 461 3297 deesse.
479 3238 544 3294 ldae
559 3236 644 3292 enim·
654 3237 705 3307 ait,
720 3236 967 3310 diligenter‚qnasi
982 3234 1102 3292 solliciti
1157 3238 1249 3295 altero
1262 3238 1467 3311 imperfectum
1482 3241 1543 3305 est;
1560 3236 1630 3309 quia
1649 3238 1706 3293 ntsi
1732 3234 1901 3310 principium
1913 3230 1959 3293 eal,

281 3328 386 3396 simus,
412 3344 448 3384 ne
471 3326 644 3383 immunitas
665 3324 757 3398 culpe
782 3326 867 3383 nobis
892 3326 984 3397 possit
1018 3324 1101 3380 obre·
1156 3314 1961 3399 finisqonritnr,neepetasteseesublatolineprinci·

281 3435 359 3492 pere.
390 3416 500 3485 Deinde
527 3432 584 3471 non
619 3414 648 3470 in
682 3432 774 3471 unum
809 3416 921 3472 malum
943 3412 1024 3481 dixit,
1051 3413 1102 3469 sed
1158 3417 1250 3491 pium,
1267 3422 1296 3472 et
1311 3416 1378 3473 finis
1394 3416 1424 3471 in
1439 3414 1618 3488 principium
1632 3413 1963 3485 recurritllrgosemper

280 3505 519 3580 supercreatum,
535 3522 552 3559 o
567 3504 720 3575 juventule,
745 3504 876 3561 addidit:
902 3520 936 3560 ex
960 3501 1011 3558 illa
1023 3500 1102 3559 anim
1159 3505 1188 3561 in
1203 3506 1306 3561 eadem
1322 3520 1509 3561 recursurum
1524 3504 1595 3558 dom
1605 3501 1636 3559 in
1646 3501 1707 3559 boc
1716 3501 1825 3559 mundo
1833 3501 1963 3568 oetgeate

280 3594 475 3652 atatecrescit
486 3591 610 3660 malitia,
623 3592 691 3649 licet
701 3592 770 3649 alibi
779 3593 937 3667 legerimus
950 3591 1028 3665 qnod
1045 3607 1103 3647 aon
1159 3598 1301 3651 memorat
1312 3593 1486 3661 homanum,
1499 3595 1532 3648 ut
1542 3608 1609 3648 enm
1620 3590 1727 3664 incipit
1737 3584 1964 3657 annuendum:

282 3684 321 3741 sit
336 3684 399 3740 sine
415 3686 532 3755 peceato
549 3698 600 3738 nec
616 3681 708 3738 unius
719 3682 774 3739 diei
791 3681 889 3738 inians
914 3682 972 3753 (lob
984 3696 1043 3747 xlv,
1065 3680 1102 3752 l).
1160 3700 1227 3739 cum
1242 3684 1351 3750 linitur,
1368 3681 1499 3754 incipiat,
1515 3697 1575 3737 non
1590 3680 1690 3737 medio
1706 3678 1835 3737 mundus
1853 3680 1966 3743 tempor·

282 3772 336 3829 Sed
353 3776 383 3829 et
397 3770 519 3828 infantia
535 3769 598 3826 eine
614 3776 730 3843 peceato
746 3787 802 3825 non
819 3772 858 3826 sit
870 3775 989 3843 propter
1003 3784 1104 3841 corpo·
1160 3771 1331 3829 resolvatur.
1350 3771 1436 3827 itaet
1451 3786 1535 3827 meas
1550 3769 1670 3842 quando
1684 3768 1798 3842 aliquid
1812 3764 1918 3823 videtur
1929 3757 1966 3812 in·

282 3862 323 3917 ris
337 3860 549 3928 infirmitatem,
565 3858 716 3933 diligentie
733 3862 830 3915 autem
846 3863 875 3915 et
890 3858 1021 3915 studium
1036 3873 1106 3930 pec·
1160 3863 1266 3935 cipere,
1292 3861 1328 3916 od
1353 3860 1442 3917 finem
1465 3874 1559 3931 usque
1582 3858 1753 3925 contendat,
1779 3860 1808 3912 at
1829 3849 1917 3925 operis
1930 3842 1968 3900 ⁸¹1i

283 3949 367 4007 candi
383 3948 504 4021 incipiat
519 3966 536 4005 a
544 3948 717 4020 juventate3
735 3951 767 4003 ut
781 3964 853 4020 puer
867 3946 951 4019 quasi
967 3945 1105 4002 infirmus
1161 3951 1322 4007 terminum
1338 3952 1458 4021 querat.
1474 3947 1595 4014 Quando
1611 3947 1678 4002 finit
1692 3944 1813 4018 aliquod
1827 3955 1906 4015 opus,
1917 3947 1966 3991 aen

283 4041 392 4113 peccet,
410 4036 529 4110 juvenis
553 4041 694 4108 tanquam
718 4035 881 4108 improbus,
906 4035 955 4109 qui
975 4035 1107 4091 studiose
1162 4040 1247 4113 quasi
1260 4041 1465 4095 consummato
1478 4052 1564 4109 opere
1579 4034 1703 4092 ferietur
1717 4035 1793 4106 (ddlz
1809 4030 1859 4089 sod
1881 4027 1908 4081 in
1925 4020 1972 4079 alia

284 4128 383 4201 cupiat
399 4130 517 4200 peccata
530 4124 608 4183 m
623 4124 817 4191 committere,
833 4128 861 4181 et
876 4124 905 4181 in
932 4124 1108 4181 criminibus
1162 4131 1294 4185 recurrat
1305 4142 1402 4199 opera,
1418 4129 1448 4181 et
1461 4141 1578 4198 semper
1591 4124 1777 4181 incrementa
1787 4116 1972 4177 virtutisarer

285 4215 436 4289 glorietur.
469 4213 553 4288 Apud
582 4212 737 4286 plerosque
770 4213 847 4269 euim
873 4213 1107 4284 innocentiapro
1162 4215 1376 4288 caetzquando
1389 4214 1508 4287 quidem
1531 4214 1609 4270 videt
1632 4213 1714 4285 qnod
1739 4212 1770 4268 io
1794 4210 1972 4266 sructusauos

285 4305 410 4379 ignavia,
427 4310 456 4360 et
470 4302 557 4377 culpa
573 4320 624 4377 pro
640 4301 726 4360 laude
741 4302 876 4359 habetur.
894 4299 1109 4359 ltaselnauria
1163 4322 1281 4379 semper
1293 4310 1372 4361 terro
1387 4306 1536 4361 revocetur
1559 4302 1627 4375 (67),
1656 4301 1708 4373 qni
1733 4298 1841 4356 diversi
1864 4296 1972 4351 auteert

286 4398 313 4449 el
329 4392 439 4450 deliciis
450 4395 478 4449 et
493 4391 702 4449 adulteriorum
719 4391 872 4449 attactibus
882 4391 1110 4463 juvenesjacta·
1166 4400 1194 4451 et
1217 4399 1327 4463 estete,
1354 4396 1386 4447 ut
1409 4393 1439 4448 io
1473 4391 1606 4464 partibus
1637 4389 1781 4457 Orientis,
1813 4389 1863 4442 ant
1891 4378 1974 4436 estate

286 4497 317 4537 rc
332 4484 520 4537 consuerunt.
536 4480 647 4537 Crescit
671 4496 739 4554 ergo
764 4497 831 4538 cum
857 4480 992 4536 aetatibus
1008 4477 1144 4559 colomp
1164 4487 1366 4555 autumnoque
1390 4486 1560 4549 nascantur,
1584 4483 1617 4536 ut
1638 4478 1671 4535 in
1696 4477 1832 4551 partibus
1852 4466 1974 4529 Occiden-

287 4568 378 4625 Omne
394 4567 483 4641 igitur
498 4585 589 4641 genus
605 4569 758 4625 hominum
771 4571 834 4643 jam
851 4584 907 4625 nan
928 4584 1106 4625 consumen-
1166 4574 1215 4631 tis.

288 4658 359 4714 dum
391 4655 529 4725 declarat,
560 4674 628 4713 eum
662 4657 750 4713 dicit:
784 4659 843 4715 Non
882 4658 1014 4730 adjiciam
1044 4672 1108 4729 per·
1201 4664 1248 4723 8l.
1265 4661 1470 4732 aliotempore
1481 4653 1977 4727 terrarumaeminariapartusauos

324 4856 382 4928 (62)
407 4853 491 4909 Rom.
515 4853 584 4909 edit.
610 4852 683 4921 solo,
707 4870 742 4910 ex
763 4854 944 4911 adolescendo
967 4870 1028 4909 rua.
1051 4855 1111 4911 Non
1163 4870 1266 4918 terram
1283 4865 1395 4930 propter
1415 4872 1500 4928 opero
1527 4854 1682 4914 bominem,
1699 4855 1770 4927 quia
1795 4847 1978 4924 permandet?

289 4942 354 4996 erpo
374 4924 506 4998 adjiciam
524 4928 666 4996 poculere
687 4940 794 4981 omnem
816 4942 928 4981 caraem
950 4927 1029 4991 aierit,
1045 4927 1110 5008 (eci,
1164 4933 1283 4989 hominis
1305 4928 1451 5000 diligenter
1477 4934 1587 4999 propter
1617 4927 1696 4981 mata
1737 4942 1774 4981 ex
1810 4911 1978 4978 adolmeattu

290 4997 417 5055 munitm
431 4996 524 5053 dietus
542 5005 634 5053 terrae.
652 4996 723 5051 Cum
741 5013 810 5052 ross.
825 4996 969 5053 consentit
981 4997 1113 5053 Nobilius
1166 5020 1226 5059 sua.

291 5070 319 5123 in
335 5068 413 5123 hune
428 5068 537 5131 locum,
553 5068 609 5123 nisi
627 5067 703 5139 quod
721 5070 807 5140 paulo
819 5069 955 5141 superius
965 5068 1114 5140 interpun-
1211 5076 1248 5129 65
1275 5070 1305 5125 ln
1320 5070 1383 5127 sola
1398 5069 1482 5125 Rom.
1495 5066 1555 5124 edit
1568 5067 1676 5141 legitur
1690 5066 1751 5123 dies
1767 5067 1795 5121 et
1819 5077 1883 5117 occ.

291 5140 417 5195 ctionem
432 5140 474 5195 sie
490 5144 573 5211 putet
587 5155 651 5195 essa
666 5140 897 5195 restituendum:
916 5142 951 5193 dt
970 5138 1044 5194 discit
1059 5140 1113 5194 Do·
1201 5075 1248 5217 iffi
1273 5142 1380 5198 Dmnos
1394 5140 1504 5196 aditet
1518 5138 1617 5211 plures
1633 5156 1706 5195 mss.
1723 5151 1807 5209 opere
1818 5132 1935 5205 finiatur·

293 5213 387 5292 miuus
402 5212 569 5281 recogitans:
582 5216 644 5267 Nea
667 5212 807 5283 urljiciam,
824 5217 878 5267 ete.
901 5209 981 5274 Quod
996 5210 1115 5266 llebrao
1167 5216 1216 5273 Ele
1239 5215 1337 5271 antius
1350 5212 1435 5270 Corb.
1451 5217 1481 5267 et
1496 5212 1598 5283 Long,
1613 5226 1695 5283 opere
1708 5210 1841 5280 seretur.
1957 5259 1961 5270 ,

293 5278 398 5335 melros
413 5282 588 5353 respondere
604 5284 719 5338 asserit.
1203 5233 1249 5357 (gl
1275 5284 1319 5341 Ita
1343 5300 1393 5340 sex
1416 5299 1489 5339 mas.
1518 5288 1547 5338 et
1573 5282 1647 5338 edit.
1676 5282 1743 5337 Am.
1771 5293 1806 5334 aa
1835 5268 1980 5331 emetri

328 5352 384 5421 (⁶3)
398 5350 473 5407 Edit·
490 5353 586 5423 R⁰m·‚
602 5354 659 5410 Non
682 5354 811 5426 adfictum
834 5360 975 5425 perculere
1003 5368 1114 5409 omnem
1169 5358 1236 5415 aliis
1262 5374 1340 5430 egas,
1355 5360 1430 5411 terro
1444 5357 1598 5410 renouetur.
1616 5352 1727 5409 lterum
1744 5350 1800 5405 hoe
1816 5345 1917 5403 eodem
1928 5337 1982 5392 low

293 5436 412 5477 tarnem·
1169 5431 1234 5487 ilat.
1251 5430 1315 5486 cod.
1333 5426 1432 5490 babet,
1447 5426 1496 5498 qui
1507 5426 1609 5485 diuersi
1621 5440 1687 5481 cere
1696 5429 1723 5479 et
1732 5423 1839 5487 estete,
1852 5418 1983 5472 octauu-

329 5492 386 5575 (ῥά)
411 5492 452 5547 lta
476 5508 548 5549 mss.
573 5499 602 5549 et
625 5496 726 5579 prisea
749 5496 817 5553 edit.
834 5510 941 5568 magno
956 5511 1114 5558 consenso.
1169 5519 1221 5581 pue
1233 5502 1393 5567 nascentur,
1408 5498 1545 5571 oligeto.

294 5562 370 5625 aare.
386 5561 482 5631 bom..
497 5564 553 5623 Nea
569 5566 712 5641 adjectam,
729 5567 834 5645 inquit,
855 5569 929 5627 altra
952 5568 1116 5634 maledicere
