4159 6184
149 327 224 424 111(
706 321 934 387 absentato
955 319 996 386 ltt
1016 318 1206 386 PSALMUM
1225 319 1289 384 XL.
1773 329 1852 390 lm

146 458 356 534 prospiciebat,
369 459 509 534 discipuli
525 473 688 534 pauperum
703 457 848 516 alimonie
864 473 973 514 consu·
987 457 1015 524 Α
1029 455 1168 512 dicuntur
1186 455 1295 513 babere
1317 454 1472 528 gentilium
1489 471 1496 512 ε
1512 471 1570 512 nnn
1592 455 1741 517 hircorum
1764 464 1854 534 atque

148 548 259 610 lebant.
271 550 384 617 Quibus
398 549 429 606 in
444 565 600 608 commune
615 546 767 621 respondit
781 563 789 603 ι
801 569 816 598 «
832 546 925 607 Sinite
939 543 974 602 il-
1030 544 1155 614 arietum
1171 561 1275 601 cruore
1288 549 1423 618 pareatur
1435 544 1550 601 iuratur
1563 545 1670 620 (neone
1683 546 1764 604 enim
1775 548 1855 620 onia·

148 636 219 709 lem,
237 635 271 694 ut
284 638 316 696 in
336 638 384 694 die
403 637 560 710 sepulture
585 653 656 694 mee
680 640 775 694 servet
797 635 882 692 illud.
898 635 973 692 Pau·
1030 649 1121 705 quam
1134 633 1176 688 ita
1189 633 1376 706 purificatum
1388 651 1455 691 caro
1466 636 1547 690 enim
1561 635 1757 706 lavatur,non
1768 637 1857 712 eulpa

147 742 234 800 peres
249 725 328 786 enim
352 741 472 800 semper,
487 725 605 785 habetis
626 725 789 796 vobiscum,
805 739 853 782 me
875 726 975 780 autem
1029 720 1176 793 diluitur),
1197 721 1249 778 sed
1273 722 1359 789 exiet,
1375 723 1472 796 inquit
1486 723 1549 795 (loa.
1564 741 1616 790 ιιι,
1630 726 1671 799 3),
1685 743 1763 800 aqua
1785 743 1855 784 cum

148 831 207 876 non
221 829 339 888 semper
353 815 449 886 (Jcnn.
463 831 516 884 ιιι,
530 815 558 884 t,
573 816 611 883 8).
625 835 639 866 r
1029 807 1222 866 delectatione
1238 809 1274 866 de
1297 808 1428 867 lontibus
1451 810 1607 869 salvatoris
1622 829 1631 868 z
1647 818 1677 870 et
1689 818 1811 887 paster
1823 814 1855 871 iu

184 903 211 962 l.
228 903 305 977 birgo
320 903 397 961 elius
421 902 630 978 intelligendus
653 901 909 976 esllbiessbeatua
924 899 976 973 qui
1029 901 1188 970 conspectu
1213 901 1264 953 tuo
1291 913 1395 955 mensa
1412 897 1538 956 celestis
1553 917 1561 956 :
1577 903 1607 957 et
1628 901 1767 975 poculum
1792 908 1855 962 iue-

148 990 290 1066 intelligit
309 1008 398 1065 super
411 1008 582 1066 pauperem.
598 991 651 1049 Hie
670 993 706 1049 de
726 990 888 1059 fide⁸dieit,
904 987 975 1046 alibi
1029 985 1131 1056 briem
1157 1002 1247 1058 quam
1276 986 1450 1058 praclarum
1478 992 1524 1046 est
1546 989 1633 1060 (Prot.
1654 1007 1727 1060 nn,
1740 991 1784 1065 5)(
1806 991 1857 1049 ila

149 1082 186 1142 de
200 1079 413 1138 misericordia.
426 1080 508 1139 Prior
526 1096 594 1154 ergo
614 1080 699 1145 tides,
715 1079 845 1138 secunda
858 1077 977 1135 miseri·
1030 1078 1100 1131 sunt
1123 1073 1231 1132 divitie
1260 1074 1470 1148 simplicitatis,
1485 1075 1516 1133 in
1538 1078 1648 1150 quibus
1675 1083 1724 1139 est
1747 1080 1857 1139 Ghrtsti

150 1169 261 1234 cordia.
276 1170 350 1228 Cum
365 1170 434 1238 tide,
450 1169 578 1243 pretiose
592 1166 974 1234 misericordiusinedde,
1030 1163 1161 1236 pretiose
1183 1169 1352 1238 paupertas.
1368 1165 1419 1222 Est
1437 1169 1467 1222 et
1487 1165 1518 1222 in
1543 1168 1676 1229 moribus
1697 1174 1857 1244 paupertas
1904 1231 1911 1236 ,

149 1258 239 1326 nude,
265 1257 328 1316 eine
351 1259 419 1326 lide,
440 1257 596 1317 instabilis.
619 1257 704 1316 Fides
731 1258 809 1314 enim
832 1255 975 1313 virtutum
1029 1252 1122 1320 bena;
1143 1251 1222 1308 unde
1247 1257 1278 1309 et
1303 1253 1447 1311 Dominus
1470 1254 1542 1312 dixit
1558 1275 1592 1314 :«
1607 1258 1691 1316 Beati.
1712 1276 1858 1334 psum

150 1346 284 1404 omnium
312 1345 417 1404 stabile
445 1347 669 1404 tundamentum
699 1352 752 1404 est.
770 1345 878 1402 Beatus
906 1361 975 1418 ergo
1030 1340 1136 1413 spiritu
1151 1340 1253 1412 (11α111.
1266 1360 1294 1410 v,
1305 1343 1343 1415 3).
1355 1365 1370 1394 »
1381 1344 1416 1399 m
1430 1344 1460 1401 in
1474 1344 1598 1404 Psalmis
1610 1347 1778 1407 invenimus
1785 1349 1860 1423 quia

150 1436 201 1508 qui
216 1433 356 1508 intelligit
380 1452 468 1509 super
482 1435 589 1493 Christi
611 1434 740 1508 inopiam
764 1438 794 1491 et
819 1437 975 1507 pauperta-
1030 1429 1175 1486 Dominus
1190 1429 1318 1488 humiles
1332 1432 1438 1505 spiritu
1453 1432 1579 1491 salvabit
1593 1437 1856 1512 (Psot.mm,10).

150 1529 221 1594 lem,
238 1523 289 1597 qni
304 1529 423 1598 propter
436 1541 490 1582 nos
507 1541 619 1598 pauper
633 1525 727 1580 laetus
742 1526 797 1592 est,
813 1538 880 1579 eum
895 1523 976 1580 dives
1030 1518 1083 1574 Est
1093 1524 1123 1576 ct
1136 1519 1165 1574 in
1182 1517 1336 1577 collatione
1351 1523 1408 1594 (18)
1422 1524 1503 1579 tenui
1519 1530 1677 1598 paupertas
1691 1528 1858 1598 mundans,

150 1615 248 1670 esset:
265 1611 346 1670 dives
362 1613 391 1668 in
416 1629 516 1688 regno,
532 1629 644 1686 pauper
666 1612 697 1669 in
712 1628 809 1680 cerne,
825 1613 895 1685 quia
909 1628 974 1668 sus·
1031 1607 1057 1664 si
1073 1607 1203 1664 abundet
1216 1608 1300 1669 fides.
1312 1609 1394 1666 Unde
1404 1611 1560 1685 Apostolus
1574 1614 1615 1670 ait
1625 1619 1700 1673 :allt
1711 1617 1859 1690 profunda

151 1701 227 1774 oepit
240 1701 317 1763 hano
329 1717 493 1775 pauperum
507 1717 635 1759 carnem.
652 1702 799 1775 Pauperes
813 1701 892 1758 enim
908 1700 976 1758 facti
1031 1700 1190 1768 paupertas
1204 1713 1305 1753 eorum
1317 1699 1479 1756 abundavit
1493 1701 1524 1756 in
1535 1701 1645 1760 divitiis
1659 1704 1861 1778 simplicitatis

150 1805 255 1848 sumus
287 1789 393 1856 nimis,
427 1790 477 1864 qui
508 1789 650 1847 virtutum
683 1789 801 1848 exuvias
833 1789 977 1861 pretiosas
1031 1800 1133 1841 eorum
1150 1785 1187 1856 (11
1201 1786 1262 1843 Cor.
1277 1790 1421 1854 v111.2.)»

149 1877 254 1936 fraudo
276 1878 421 1951 serpentis
447 1877 615 1947 amisimus,
635 1877 745 1935 exclusi
769 1878 805 1940 de
828 1877 976 1950 paradiso,
1066 1874 1095 1929 6.
1107 1872 1144 1930 llt
1154 1877 1253 1932 autem
1268 1878 1298 1931 et
1312 1892 1347 1932 ex
1361 1875 1428 1934 aliie
1437 1876 1558 1935 vocibus
1568 1879 1633 1952 ejus
1647 1879 1860 1956 intelligamus,

150 1965 236 2040 ejecti
252 1966 288 2024 de
308 1966 413 2039 petrin,
429 1966 459 2022 in
480 1965 617 2023 exsilium
637 1965 767 2040 relegati,
781 1965 845 2038 ipso
860 1981 979 2039 quoque
1032 1962 1104 2034 quia
1117 1961 1181 2035 ipse
1195 1978 1228 2020 ae
1249 1978 1409 2038 pauperem
1425 1965 1508 2036 dixit,
1524 1967 1669 2034 babemus
1690 1970 1762 2027 alibi
1784 1969 1861 2028 sorl-

150 2055 254 2114 nudati
270 2055 400 2129 eorporis
419 2057 631 2130 integumento,
641 2055 721 2128 quod
735 2058 822 2112 antea
833 2055 976 2112 virtutum
1032 2055 1115 2123 ptum
1133 2067 1168 2106 t«
1181 2051 1295 2125 Pauper
1317 2057 1346 2108 et
1370 2053 1473 2112 dolens
1491 2071 1545 2130 ego
1568 2074 1635 2114 sum
1660 2059 1746 2132 (Prot.
1761 2074 1859 2130 ιιιιιι,

152 2146 230 2205 800
254 2150 338 2220 septa
362 2145 546 2212 muniebant,
566 2149 669 2218 postea
689 2143 795 2201 delicto
817 2145 977 2200 nudarunt.
1032 2139 1090 2211 30),
1103 2162 1117 2191 »
1132 2139 1188 2196 hoo
1212 2145 1267 2211 est,
1283 2141 1354 2214 quia
1381 2160 1433 2215 pro
1461 2143 1548 2202 nobis
1568 2145 1657 2217 dolet,
1672 2150 1709 2203 ut
1733 2147 1860 2220 legimns

152 2233 184 2290 Si
197 2249 265 2309 ergo
289 2249 400 2308 egenus
414 2237 442 2290 et
457 2248 569 2307 pauper
584 2233 614 2288 in
629 2248 726 2302 carne,
741 2231 844 2305 utique
867 2247 979 2306 egenus
1033 2227 1097 2299 (irc.
1111 2245 1171 2296 ιιιι,
1183 2230 1222 2301 1),
1233 2245 1329 2302 neque
1342 2231 1422 2287 enim
1436 2232 1467 2288 in
1482 2249 1514 2290 se
1526 2233 1630 2291 habuit
1644 2235 1721 2308 quod
1736 2233 1859 2294 doleret.

153 2325 183 2378 et
197 2337 309 2395 pauper
331 2322 361 2378 in
388 2322 485 2379 carnis
499 2320 587 2378 istius
604 2319 750 2394 passione.
767 2320 831 2376 Non
854 2335 923 2393 ergo
948 2320 976 2375 in
1033 2317 1117 2373 Sicut
1130 2333 1199 2391 ergo
1213 2334 1266 2391 pro
1286 2319 1372 2378 nobis
1388 2320 1477 2390 dolet,
1493 2325 1526 2378 ut
1545 2323 1637 2381 isaias
1651 2323 1861 2399 interpretatus

155 2409 266 2468 divitiis
284 2411 358 2480 suis,
374 2412 425 2470 aed
440 2411 470 2466 in
485 2413 587 2468 nostra
600 2427 707 2483 passus
728 2414 774 2466 eat
795 2413 977 2482 paupertate.
1033 2411 1088 2474 est,
1104 2406 1154 2479 qui
1169 2423 1237 2463 eum
1249 2408 1325 2465 vidit
1338 2409 1369 2465 in
1385 2410 1491 2483 spiritu
1506 2427 1513 2468 :
1526 2429 1578 2486 pro
1594 2413 1680 2473 nobis
1693 2413 1797 2487 utique
1809 2415 1862 2471 trt-

153 2499 282 2572 ideoque
297 2515 354 2557 non
376 2499 527 2573 plenitudo
543 2499 789 2572 divinitatis,que
804 2498 834 2554 in
850 2497 900 2555 illo
915 2515 978 2556 eor·
1034 2495 1089 2551 stis
1104 2501 1176 2565 erat,
1188 2498 1275 2568 juxta
1290 2498 1370 2570 quod
1385 2499 1516 2556 animam
1531 2517 1616 2560 suam
1630 2499 1746 2560 tristem
1761 2502 1862 2577 appel·

152 2587 294 2661 poraliter
315 2588 438 2656 habitat,
454 2593 488 2645 ut
506 2589 658 2661 Scriptura
682 2591 807 2646 testatur
820 2587 930 2662 (Colore
946 2605 977 2657 rr,
1033 2582 1212 2658 levitasque
1234 2585 1271 2642 ad
1292 2590 1427 2655 mortem,
1443 2591 1543 2645 tamen
1568 2607 1626 2647 non
1651 2594 1769 2665 propter
1783 2609 1863 2650 mor·

151 2676 191 2749 9),
207 2675 258 2733 aed
284 2691 351 2733 cero
376 2693 464 2750 passa
487 2680 541 2734 est
563 2676 622 2734 lloo
645 2675 858 2750 intelligebas
880 2691 978 2749 perse-
1032 2676 1092 2728 tem
1108 2678 1157 2729 :et
1171 2689 1290 2730 carnem
1301 2675 1375 2731 dixit
1388 2676 1549 2745 infirmam,
1561 2694 1625 2751 qna
1640 2680 1745 2736 mortis
1759 2681 1860 2752 subja·

154 2780 253 2839 quere,
269 2763 299 2821 id
317 2767 394 2836 tene,
411 2782 448 2822 ne
469 2766 587 2822 dicatur
600 2765 653 2822 tibi
669 2782 676 2822 :
694 2765 794 2822 Noluit
816 2763 979 2838 intelligere
1033 2762 1095 2817 nuit
1108 2761 1283 2830 infirmitati,
1294 2763 1471 2822 utaeuloum
1489 2766 1593 2823 mortis
1607 2765 1789 2842 infringeret,
1801 2785 1860 2843 qno

154 2869 243 2927 super
257 2854 424 2910 mendicum
437 2857 466 2911 et
477 2871 647 2928 pauperem.
659 2853 733 2911 Nam
751 2853 838 2923 sibic
848 2853 978 2924 dubitas,
1033 2866 1087 2936 nos
1101 2849 1131 2904 in
1145 2849 1193 2906 die
1204 2851 1310 2923 judicii
1325 2849 1472 2923 liberaret,
1484 2871 1574 2927 quam
1589 2872 1648 2913 non
1663 2856 1862 2930 perfunctorie

154 2941 273 3000 certain
290 2941 340 2999 ille
352 2943 467 3015 psalmo
478 2943 528 3016 qui
538 2943 680 3000 advorsus
691 2941 887 3016 proditionem
896 2942 978 2998 luda
1032 2937 1142 2994 malam
1157 2939 1240 2996 dixit.

154 3047 189 3087 ex
202 3044 329 3104 persone
342 3031 451 3090 dicitnr
468 3032 637 3102 salvatoris,
649 3032 686 3088 de
700 3030 751 3088 illo
765 3030 909 3088 versiculo
924 3031 977 3086 du·
1066 3031 1094 3084 t.
1106 3028 1198 3101 (Vera.
1209 3030 1250 3103 2.)
1261 3030 1309 3090 Sic
1335 3032 1415 3090 enim
1441 3034 1591 3091 subtexuit
1605 3051 1612 3090 :
1625 3057 1640 3085 a
1656 3035 1689 3092 ln
1712 3034 1761 3091 die
1781 3034 1861 3092 mala

154 3119 248 3178 bitere
259 3135 319 3176 non
334 3121 453 3193 poteris,
469 3121 500 3181 in
516 3137 574 3194 quo
590 3121 631 3177 ait
646 3138 653 3177 ι
666 3142 680 3171 α
697 3121 732 3177 lit
746 3124 918 3192 persecutus
934 3123 978 3176 est
1033 3114 1170 3174 liberabit
1183 3134 1252 3175 eum
1266 3119 1419 3189 Dominus,
1435 3146 1447 3175 r
1465 3122 1605 3194 quoniam
1620 3138 1721 3180 amara
1734 3124 1859 3192 uidetur,

153 3207 304 3266 bominem
324 3209 441 3282 inopem
466 3213 494 3266 et
517 3209 685 3266 mendicum
700 3209 785 3280 (Paul.
800 3225 878 3278 cvm,
895 3209 948 3281 17).
962 3230 976 3260 o
992 3190 1013 3258 C
1032 3221 1096 3278 qua
1108 3206 1207 3280 plures
1225 3208 1304 3265 811)
1319 3209 1580 3285 adjudicntposnae.
1591 3211 1645 3268 Via
1656 3211 1735 3269 enim
1743 3212 1861 3269 virtutis

154 3295 286 3372 lntellige
300 3312 370 3370 ergo
384 3297 414 3354 in
429 3300 631 3370 paupertatem
645 3295 765 3363 Christi,
780 3301 813 3353 ut
827 3297 909 3353 dives
927 3296 979 3368 sis,
1033 3300 1161 3368 angusta
1184 3301 1240 3363 est,
1259 3295 1319 3352 lata
1343 3296 1453 3367 delicti,
1469 3298 1536 3356 ideo
1548 3299 1674 3357 rariores
1700 3300 1731 3356 in
1753 3301 1861 3356 virtute

156 3384 287 3460 intellige
300 3401 369 3460 ergo
384 3386 414 3442 in
429 3385 632 3442 infirmitatem
653 3383 728 3456 ejus,
743 3387 778 3439 ut
792 3383 918 3456 accipias
933 3401 979 3441 sa·
1033 3382 1197 3452 ambulant,
1214 3384 1313 3457 plures
1336 3386 1368 3443 in
1392 3386 1501 3461 flagitio
1525 3392 1688 3445 versantur.
1704 3393 1766 3456 Quo
1780 3391 1814 3446 tlt
1828 3393 1862 3447 ut

155 3475 295 3544 nitatem
312 3472 444 3548 intellige
458 3473 489 3529 in
505 3489 621 3530 crucem
645 3473 721 3544 ejus,
739 3477 772 3528 ut
790 3487 848 3528 non
864 3471 981 3529 erubes
1033 3469 1154 3526 interior
1168 3487 1270 3528 eorum
1286 3473 1325 3529 ait
1339 3491 1492 3543 numerus,
1508 3476 1559 3548 qni
1581 3476 1701 3549 pramis
1722 3493 1862 3534 remune·
1968 3491 1971 3497 ’

152 3580 219 3633 oas;
236 3561 367 3635 intellige
382 3563 413 3618 in
427 3560 535 3619 vulnus
549 3561 623 3633 ejus,
636 3565 668 3617 ut
681 3559 803 3617 vulnera
816 3560 979 3630 tua'ouree,
1034 3557 1157 3615 rationis
1180 3559 1332 3632 arripient,
1347 3579 1437 3634 quam
1452 3564 1504 3635 qui
1524 3564 1562 3621 ob
1577 3565 1704 3636 pretium
1726 3566 1860 3640 gravium

151 3651 284 3724 intellige
298 3649 330 3707 in
352 3654 475 3707 mortem
491 3650 566 3723 ejus,
582 3654 616 3707 ut
631 3649 767 3722 acquiras
781 3650 871 3706 vitam
898 3653 979 3707 aeter-
1033 3651 1220 3719 peccatorum
1235 3652 1345 3705 sortem
1365 3650 1519 3707 adversam
1534 3652 1639 3722 jndioii
1657 3656 1860 3726 reportabunt.

153 3755 240 3808 nam,
257 3737 388 3811 intellige
406 3739 436 3796 in
453 3739 634 3812 sepulturam
649 3739 726 3811 ejus,
741 3741 774 3794 ut
788 3737 919 3794 invenias
933 3755 978 3796 re-
1033 3735 1122 3800 Quasi
1138 3734 1239 3792 dolens
1253 3736 1345 3811 igitur
1354 3738 1428 3794 dixit
1442 3737 1551 3795 malam
1561 3739 1664 3810 judicii
1680 3742 1768 3798 diem.
1784 3744 1859 3798 llam

154 3826 377 3885 annectionem.
1033 3824 1060 3881 si
1074 3824 1170 3899 angeli
1185 3825 1214 3881 in
1230 3824 1320 3883 unius
1333 3825 1496 3899 peccatoris
1509 3826 1695 3886 absolutione
1709 3827 1857 3899 letantur,

188 3919 216 3974 5.
233 3917 290 3974 Sed
305 3916 378 3974 torte
399 3917 499 3974 dieas:
516 3918 667 3983 Quomodo
682 3917 764 3974 dives
778 3916 808 3974 in
824 3921 979 3992 pauperta-
1032 3918 1143 3988 quanto
1176 3915 1271 3989 magis
1301 3913 1435 3972 homines
1458 3914 1488 3970 in
1505 3919 1652 3972 tanmrum
1681 3916 1858 3973 condemna·

153 4013 184 4065 te
198 4005 355 4066 Christus?
370 4007 430 4065 iltsi
455 4006 527 4064 mibi
554 3997 706 4081 ingenium
730 4005 855 4076 deliniat,
879 4011 979 4065 tamen
1032 4004 1112 4060 tione
1131 4003 1287 4061 bominum
1306 4004 1549 4062 macerabuntur!
1563 4005 1599 4060 ltt
1613 4005 1688 4062 bens
1711 4004 1860 4078 doletpm

154 4112 213 4152 non
228 4093 369 4153 deliciunt
383 4095 548 4153 divinarum
563 4094 697 4153 subsidia
708 4095 893 4168 :lectionum
910 4113 977 4154 eum
1032 4109 1067 4149 eo
1082 4107 1144 4159 eve,
1161 4109 1250 4165 quam
1266 4093 1399 4151 humeris
1421 4094 1485 4151 suis
1507 4092 1572 4167 ipse
1595 4094 1764 4168 reportavit,
1780 4095 1861 4153 etad

152 4182 259 4242 dixerit
276 4182 432 4257 Apostolus
444 4203 468 4240 :a
482 4183 625 4249 Quoniam
641 4183 785 4242 Dominus
802 4185 889 4243 lesus
905 4202 978 4258 pau·
1032 4181 1107 4238 ovile
1122 4198 1209 4239 suurn
1226 4182 1369 4239 revocavit
1392 4187 1549 4240 errantem.
1565 4183 1677 4240 Atlante
1701 4188 1801 4240 nostre
1815 4182 1862 4239 lo·

151 4289 204 4346 per
217 4271 313 4330 laetus
328 4277 383 4341 est,
399 4291 467 4330 cum
483 4273 566 4330 dives
579 4277 674 4342 esset,
685 4277 719 4330 ut
732 4289 785 4331 vos
799 4274 863 4346 ejus
878 4273 978 4348 inopia
1033 4270 1135 4342 quitur
1147 4269 1199 4328 Dei
1218 4271 1320 4341 Filius,
1337 4270 1406 4344 quia
1429 4272 1516 4328 nobis
1541 4271 1604 4329 dies
1625 4272 1733 4345 judicii
1756 4271 1862 4329 acerba

151 4361 320 4420 ditaremini
343 4362 380 4433 (ll
401 4361 704 4434 Gor.v111,9).»0ua
729 4377 798 4435 ergo
822 4363 879 4419 ista
904 4378 976 4434 pau·
1031 4364 1087 4426 est,
1103 4377 1192 4433 quam
1216 4359 1365 4416 timemus.
1381 4360 1528 4417 Omnibus
1548 4361 1627 4418 mala
1648 4362 1774 4434 videtur,
1789 4363 1862 4436 quia

25 4447 29 4458 ²
150 4454 258 4524 pertas,
270 4466 335 4524 que
360 4450 465 4508 divites
489 4450 580 4507 lacit?
595 4449 820 4508 Consideremus
838 4465 914 4518 eam,
931 4451 976 4506 in·
1032 4448 1119 4521 plana
1133 4448 1253 4506 terroris
1273 4453 1319 4506 eat
1334 4466 1341 4503 :
1358 4465 1417 4522 qua
1439 4448 1518 4506 Deus
1533 4467 1592 4506 non
1613 4450 1711 4509 solum
1732 4451 1861 4509 lemania

149 4539 306 4596 tondemus
321 4539 352 4596 in
366 4539 466 4613 ipsum
480 4537 646 4596 venerabile
657 4537 888 4596 Sacramentum.
902 4539 977 4605 Quid
993 4559 1016 4623 D
1032 4535 1173 4603 bominis,
1189 4537 1239 4594 sed
1255 4536 1344 4593 etiam
1359 4534 1474 4593 occulta
1488 4538 1631 4609 dijudicet
1646 4558 1654 4596 ι
1670 4554 1729 4613 que
1746 4540 1861 4614 cogitur

149 4625 255 4699 purius
269 4631 364 4700 potest
378 4642 412 4685 eo
427 4644 490 4686 esee
515 4631 605 4700 etque
628 4625 819 4699 simplicius?
832 4626 896 4684 Non
912 4632 977 4684 tau·
1032 4625 1239 4699 unusquisque
1253 4626 1367 4700 aperire
1382 4627 1460 4699 quod
1483 4627 1560 4696 fecit,
1577 4633 1628 4685 aut
1651 4631 1730 4704 quod
1755 4631 1857 4689 sensit.

150 4713 214 4772 rino
229 4715 387 4789 quisquam
409 4716 596 4790 perfunditur
612 4715 757 4790 sangnine
767 4715 835 4788 (17),
847 4719 880 4771 ut
894 4732 979 4775 ancre
1032 4716 1160 4787 ideoque
1174 4713 1260 4771 multi
1283 4716 1471 4785 damnantur,
1489 4718 1574 4791 pauni
1597 4723 1785 4777 coronentur.
1801 4717 1869 4774 Sed·

186 4855 242 4931 (17)
265 4856 389 4928 innuere
411 4858 529 4933 videtur
551 4858 661 4940 loedum
687 4856 760 4940 illud
787 4858 975 4930 sacrificium,

150 4929 976 5074 tlttltttttltltt}ttzfflmtttltttttllt

1109 4903 1141 4953 Et
1154 4907 1227 4953 veste
1243 4907 1270 4954 et
1284 4919 1363 4955 omne
1377 4905 1545 4970 putrefactus
1561 4920 1681 4970 corpore.

1110 4966 1180 5026 Quin
1195 4980 1225 5016 es
1239 4969 1356 5031 supinat,
1372 4971 1466 5019 ebrias
1480 4969 1558 5020 offert
1589 4982 1664 5026 enas,

1110 5029 1244 5093 supponit
1257 5044 1336 5082 eures
1344 5044 1353 5092 ;
1369 5031 1453 5091 labra,
1468 5044 1577 5082 nareae
1593 5030 1669 5093 jicit,

149 5070 220 5142 ltjus
243 5075 347 5154 ‘antem
376 5077 460 5129 erant
488 5071 658 5144 hujusmodi
682 5087 861 5129 oaremoma
878 5089 885 5128 :
902 5073 976 5131 Cum
1107 5093 1161 5141 Nec
1172 5091 1230 5155 jam
1243 5093 1332 5156 palato
1345 5094 1440 5157 parcit,
1455 5097 1482 5142 ,ι
1495 5093 1613 5152 linguam
1629 5092 1705 5153 riget,

147 5145 228 5197 terra
241 5160 272 5199 rn
292 5141 382 5200 altam
405 5142 539 5200 scrobem
566 5146 665 5216 egesta
692 5147 779 5212 esset,
796 5159 830 5200 eo
857 5143 976 5202 futurus
1107 5153 1199 5204 Donec
1213 5167 1336 5206 eruorem
1351 5158 1424 5206 totus
1437 5157 1526 5204 atrum
1541 5153 1684 5204 combibat.

25 5263 27 5286 ζ
147 5213 278 5286 pontitex
293 5215 504 5272 demittebatur
518 5213 600 5270 vittis
624 5219 711 5285 atque
734 5213 836 5272 inlutis
850 5231 976 5273 exorna-

147 5290 197 5340 tus
213 5299 220 5340 ι
238 5301 306 5342 mox
334 5285 467 5343 tabulato
496 5283 659 5341 innumeris
682 5285 877 5343 foraminibus
900 5291 975 5344 lere·
1029 5285 1180 5343 Postremo
1209 5288 1333 5344 eductus
1360 5286 1428 5342 inde
1458 5283 1553 5341 bellus
1582 5286 1713 5413 pontifex
1739 5287 1857 5344 eminus

147 5356 232 5412 brato
247 5357 350 5415 scrobs
370 5358 524 5432 tegebatur
539 5373 546 5411 τ
563 5354 666 5412 deinde
683 5359 787 5412 laurus
802 5357 842 5412 ibi
854 5356 974 5434 Jugula-
1029 5359 1207 5414 adorabatur
1221 5373 1238 5413 a
1252 5356 1371 5431 populo.
1388 5359 1570 5424 Quaomnia

147 5428 245 5498 betur,
262 5429 348 5500 nujus
363 5426 486 5502 sanguis
500 5427 628 5484 ubertim
643 5443 696 5500 per
712 5426 879 5485 tabularum
894 5445 974 5488 mea·
1030 5429 1171 5487 describit
1183 5429 1246 5485 loco
1260 5428 1348 5487 citato
1363 5427 1551 5484 Prudentius.

147 5502 198 5558 tua
214 5498 362 5556 defluebat
378 5517 385 5554 :
664 5509 667 5517 ’
1064 5501 1121 5575 (18)
1136 5499 1253 5559 Goltcttc
1266 5518 1275 5557 r
1290 5498 1339 5558 hie
1363 5499 1442 5558 idem
1458 5503 1514 5570 est,
1530 5515 1564 5557 ae
1586 5500 1716 5576 pecunie
1729 5499 1867 5562 coesus

218 5583 353 5638 metemus
366 5587 439 5639 intur
454 5599 534 5655 quem
550 5586 674 5640 sacerdos
688 5587 796 5654 excipit,
1028 5587 1045 5632 Ι
1059 5571 1184 5649 rotello·

227 5648 320 5706 Gutus
333 5648 367 5706 ad
382 5661 477 5712 omnes
491 5653 569 5722 turpe
583 5649 738 5724 subjectans
749 5653 839 5722 eaput,

1598 5373 1649 5414 nse
1663 5373 1697 5414 ac
1709 5357 1857 5432 eleganter
