4159 6184
157 392 217 473 icc
804 396 1214 478 obsessa-stillat.
1796 404 1856 493 itt

156 544 224 587 cum
240 526 336 587 aliena
351 544 471 605 peccare
486 530 620 609 conjuge,
642 535 692 590 sed
719 548 805 591 omne
829 536 905 607 quod
922 551 978 591 non
994 536 1020 601 Α
1036 534 1144 593 lectum
1158 539 1213 607 est,
1229 537 1544 615 celeresceleres
1557 552 1610 597 nce
1626 554 1724 614 poris:
1744 552 1857 613 erumpe

156 618 243 675 hebet
255 622 428 693 potestatem
445 622 589 694 conjugii:
606 627 703 679 tamen
726 624 807 680 locus
825 626 881 681 isle
896 626 979 681 dccet
1033 630 1060 681 et
1079 627 1215 693 reclama,
1236 643 1298 701 pere
1324 644 1380 684 con
1398 629 1541 700 parturis:
1564 632 1694 702 quoniam
1714 628 1807 702 plures
1820 629 1855 700 fi·

153 708 274 781 gravius
295 708 404 765 crimen
428 725 504 777 esse,
530 710 579 766 ubi
606 710 742 767 celebrati
769 713 897 785 conjugii
909 714 979 784 jura
1033 713 1067 769 lii
1081 715 1194 773 deserte
1207 718 1295 785 magis
1310 733 1392 788 pacm
1406 717 1464 787 ejus
1490 733 1552 789 quoe
1573 718 1652 774 babet
1676 720 1767 773 einim
1782 718 1850 790 (lca.

151 800 345 864 temerantur,
357 801 386 853 et
395 798 515 855 uxorius
526 800 621 872 pudor
628 798 759 856 solvitur.
772 802 897 875 Ideoque
910 819 977 859 cum
1032 820 1089 871 niv,
1106 804 1143 876 1).

152 886 345 958 praetenderet
358 886 525 943 Abimelech
541 888 618 960 quod
634 905 751 945 uxorem
768 890 893 947 alienam
914 908 977 948 esse
1068 894 1144 949 8⁰8
1159 893 1204 948 62.
1229 891 1338 949 (imitas
1360 898 1399 949 est
1419 902 1511 951 cutem
1535 895 1653 952 torale
1674 895 1750 965 filias
1765 899 1853 963 Isaac,

150 976 342 1049 ignoraverit,
359 992 448 1047 quam
464 992 593 1033 sororem
609 994 673 1033 esse
687 978 731 1033 vir
745 978 808 1051 ipse
829 996 914 1036 snam
930 981 977 1035 di·
1030 997 1094 1036 cum
1106 985 1174 1038 esset
1187 999 1324 1038 carrorum
1337 991 1444 1038 centum
1473 982 1549 1055 (Gen.
1574 1000 1632 1051 nur,
1657 984 1696 1054 5).
1723 988 1757 1038 Et
1781 987 1812 1039 tu
1829 984 1854 1039 si

148 1064 235 1131 xerit,
252 1064 404 1136 respondit
426 1066 452 1121 ei
477 1066 635 1122 Dominus:
660 1068 692 1122 Et
716 1084 764 1136 epo
783 1070 894 1140 cognovi
911 1086 976 1141 qrio-
1031 1072 1178 1143 perlectus
1193 1070 1294 1138 fueris,
1318 1070 1441 1128 habebis
1463 1071 1662 1144 posteritatem
1687 1070 1804 1139 letitie,
1826 1076 1855 1127 et

147 1153 509 1225 nicmpcrccordesecisli
529 1154 587 1220 hoc,
607 1160 632 1211 et
654 1158 763 1228 peperci
785 1156 848 1222 tilii,
874 1162 904 1212 ct
921 1174 976 1212 non
1030 1160 1234 1217 exsultationis
1256 1160 1466 1216 hereditatem.
1491 1160 1567 1215 uteie
1590 1164 1616 1216 et
1641 1160 1729 1215 Sora:
1759 1161 1854 1216 ilicem

145 1257 277 1313 peccares
291 1243 320 1296 in
335 1258 395 1297 me:
408 1250 521 1314 propter
535 1244 584 1299 too
598 1260 653 1300 noc
672 1261 734 1300 scm
754 1262 850 1317 possus
873 1254 898 1301 te
914 1249 975 1301 luc·
1030 1248 1100 1304 milti
1111 1252 1175 1319 fecit
1194 1250 1341 1305 Dominus:
1366 1250 1522 1321 quicar-pue
1544 1251 1619 1304 mrim
1643 1249 1773 1315 audierit,
1789 1264 1853 1305 cca·

146 1346 212 1401 pere
227 1330 309 1386 illam
323 1330 402 1399 (ibid.
427 1332 466 1402 6).
490 1330 699 1403 cognoscimus
723 1332 800 1389 velut
821 1334 974 1407 presulem
1029 1337 1215 1406 protelabitur
1228 1338 1300 1393 milri
1314 1338 1395 1409 (ibid.
1419 1338 1525 1409 tilNcn
1551 1339 1654 1410 utique
1672 1337 1728 1393 hcc
1751 1338 1788 1394 de
1803 1354 1853 1411 gs-

148 1422 366 1491 custodemquc
380 1420 509 1495 conjugii
524 1437 588 1477 esse
604 1421 706 1488 Deum,
723 1423 771 1494 qui
782 1424 976 1496 nonpatiatur
1030 1427 1179 1483 necatione
1194 1426 1249 1482 hac
1273 1425 1445 1499 intelligitur
1468 1444 1531 1498 que
1556 1426 1673 1481 casibus
1706 1425 1853 1498 plerisque

148 1508 283 1564 alienum
298 1510 418 1564 thorum
434 1508 543 1581 pollui:
574 1509 640 1566 etsi
657 1512 706 1582 qui
723 1510 832 1573 lecerit,
857 1528 975 1583 peccare
1029 1511 1229 1580 obnoxiaest,
1255 1517 1287 1569 ut
1313 1514 1462 1570 interdum
1486 1531 1545 1570 non
1568 1530 1723 1586 generasse
1747 1513 1853 1569 melius

147 1614 216 1652 eum
231 1597 263 1653 in
280 1597 383 1662 Deum,
395 1599 480 1668 cujus
496 1598 590 1671 legem
605 1598 702 1665 violet,
729 1599 853 1671 gratiam
870 1600 972 1656 solvat.
1029 1601 1135 1657 suerit:
1153 1603 1203 1658 sed
1220 1603 1256 1659 de
1270 1602 1740 1675 generationequaunusquisque
1756 1619 1853 1675 pecce-

147 1686 265 1741 erineo
282 1685 350 1758 quia
364 1686 393 1741 in
411 1686 502 1743 Deum
519 1690 629 1759 peccat,
647 1687 821 1743 sacramenti
848 1688 975 1745 celestis
1027 1694 1074 1745 tor
1085 1690 1474 1763 agenspoenitentiem.cum
1485 1690 1639 1746 redimitur
1657 1696 1790 1755 amorte,
1801 1707 1850 1746 aa·

151 1774 263 1829 emittit
279 1774 470 1829 consortium.
1028 1776 1103 1849 galis
1117 1778 1192 1834 solet
1206 1779 1341 1835 exhibere
1356 1778 1496 1834 letitiam.

183 1862 231 1919 60.
249 1864 385 1919 Fortasse
399 1866 428 1919 tc
444 1869 557 1919 moveat
572 1880 630 1937 qua
645 1866 756 1921 ratione
770 1864 881 1921 Pharao
897 1880 974 1938 qure-
1062 1868 1112 1923 63.
1128 1868 1161 1923 Et
1172 1868 1244 1924 dicit
1258 1868 1343 1923 Sara:
1362 1869 1429 1936 Quis
1451 1868 1631 1923 annuntiabit
1652 1868 1771 1923 Abrabae
1786 1882 1852 1937 pcc·

150 1951 298 2007 ottonibus
312 1952 368 2023 (5lt
395 1953 430 2007 ab
456 1952 654 2025 omnipotente
678 1953 736 2009 Deo
762 1954 887 2023 graviter
902 1954 974 2009 alili·
1029 1958 1108 2012 nicm
1124 1957 1202 2013 luctet
1216 1959 1351 2029 insontem
1367 1956 1438 2012 Suro
1452 1956 1530 2026 (ibid.
1551 1956 1604 2027 lli
1627 1954 1745 2011 Moralis
1758 1954 1851 2011 locus.

151 2044 215 2096 ctus
231 2042 281 2109 sit,
296 2044 330 2095 ut
343 2057 433 2111 suprs
448 2039 585 2112 legimus,
602 2058 669 2097 cum
684 2046 713 2099 et
728 2042 790 2116 ipsc
800 2042 977 2117 ignoraverit
1030 2045 1228 2102 provocantur
1240 2046 1357 2102 lemine
1379 2044 1549 2100 meminisse
1572 2043 1725 2117 dignitatis
1748 2060 1808 2101 sue
1824 2047 1853 2100 el

150 2146 271 2185 uxorem
288 2145 351 2185 esse
365 2128 487 2185 atrahe
503 2130 617 2197 Sarum,
633 2148 721 2203 quarn
733 2148 864 2189 sororem
879 2132 977 2188 audie·
1031 2133 1139 2190 lactere
1153 2134 1229 2190 illics
1244 2150 1325 2190 suos.
1341 2138 1407 2188 lieo
1426 2133 1505 2188 enim
1530 2136 1659 2189 matrum
1684 2132 1787 2205 gratia,
1804 2131 1851 2187 hic

155 2223 201 2274 rat
214 2218 291 2290 (Gen.
306 2235 357 2284 xc,
371 2218 416 2287 li)
429 2235 435 2273 :
447 2217 614 2275 Ahimelech
626 2225 723 2277 autem
735 2221 844 2276 nullam
860 2238 975 2295 pmnam
1031 2222 1134 2291 honos,
1150 2238 1207 2294 quo
1222 2222 1298 2277 filios
1320 2221 1446 2294 propriis
1470 2222 1677 2277 commendent
1697 2220 1768 2277 viris
1783 2221 1849 2292 (55).

151 2308 313 2380 exceperit.
332 2307 442 2363 Verum
465 2308 578 2381 AEgypti
603 2326 701 2381 regem
732 2310 847 2366 noveris
871 2311 975 2367 ducem
1030 2311 1160 2381 Denique
1174 2328 1224 2365 eos
1248 2311 1315 2383 plus
1342 2326 1440 2365 amare
1466 2309 1543 2365 filios
1567 2309 1673 2385 solent,
1699 2308 1851 2382 quosipse

148 2398 244 2453 luisse
258 2396 407 2461 vitiorum,
424 2396 473 2467 qui
490 2412 548 2468 quo
563 2396 631 2468 plus
646 2398 783 2454 habuerit
793 2398 927 2465 licentiae,
942 2416 974 2455 eo
1030 2404 1139 2453 matres
1152 2398 1323 2454 lactaverint
1335 2398 1477 2454 uberibus
1492 2398 1565 2454 suis.

118 2470 125 2479 ’
148 2486 218 2559 plus
242 2484 343 2557 llagitii
367 2484 570 2541 commiserit:
593 2486 761 2542 Abimelech
789 2491 887 2542 aulem
903 2487 975 2543 adeo
1064 2489 1108 2542 dl.
1136 2489 1207 2543 Fecit
1229 2494 1321 2541 actem
1341 2485 1480 2541 Abrohom
1502 2502 1606 2540 renam
1633 2470 1779 2557 magnam,
1798 2503 1852 2557 oric

147 2572 246 2630 lldclis
259 2574 420 2629 estimatus
437 2572 475 2629 sit
496 2572 564 2643 Deo,
590 2578 622 2629 ut
644 2574 782 2629 meruerit
807 2576 924 2631 audire:
945 2580 976 2632 m
1029 2576 1075 2631 die
1098 2577 1249 2631 ablactatos
1272 2578 1310 2630 est
1334 2577 1410 2630 lsacc
1432 2574 1509 2645 filius
1530 2574 1589 2644 eico
1613 2574 1708 2646 (llic,
1733 2574 1770 2645 8).
1787 2574 1850 2629 Non

150 2680 201 2735 eqo
215 2664 330 2732 cognovi
344 2664 476 2734 quoniam
489 2678 559 2734 puro
573 2664 652 2719 corde
666 2664 757 2733 [cccli
772 2664 831 2733 troc,
848 2682 897 2719 rex
917 2682 974 2722 non
1030 2664 1175 2721 mediocre
1190 2663 1267 2719 istud
1284 2679 1336 2719 nec
1352 2662 1502 2719 usitatum.
1518 2665 1582 2717 Non
1593 2662 1672 2718 enim
1683 2662 1753 2735 quia
1768 2678 1784 2717 a
1799 2678 1851 2717 nu-

148 2750 331 2819 slssictionis,
346 2756 378 2807 ut
396 2751 552 2824 AEgyplius,
574 2753 623 2807 scd
641 2752 823 2819 munitionis,
836 2754 913 2825 quod
925 2754 976 2809 Ge·
1029 2752 1109 2809 tricis
1126 2752 1199 2809 lacte
1214 2753 1377 2807 subductus
1387 2755 1431 2807 est
1441 2767 1522 2823 puer,
1535 2767 1675 2823 magnum
1687 2748 1850 2805 convivium

151 2856 253 2896 rerum
278 2840 335 2911 (52)
360 2839 468 2911 quihus
494 2844 625 2912 praeerat,
651 2840 735 2897 docet
764 2842 973 2913 interpretatio.
1029 2842 1160 2897 exhihuit
1178 2842 1334 2906 Abraham,
1361 2840 1411 2896 sed
1435 2840 1505 2911 quia
1528 2840 1651 2895 idoneus
1673 2836 1791 2894 habitus
1807 2843 1852 2894 est

147 2928 297 3000 Nouergo
312 2932 358 2983 est
379 2926 502 2984 dubium
529 2927 640 2984 ceteris
662 2928 799 3002 operibns
820 2931 884 3001 ejus
899 2930 974 2985 indi·
1028 2935 1110 2987 Isaac
1134 2930 1261 2986 tortioris
1285 2929 1384 3002 gretie
1410 2927 1474 2984 ciho
1499 2932 1528 2983 et
1559 2927 1675 2983 virtutis
1700 2925 1849 2991 alimento,

150 3019 323 3091 gnationem
339 3016 724 3085 Dominiesserevocatam,
741 3019 791 3091 qui
817 3036 882 3075 cere
902 3020 973 3074 inte·
1029 3036 1087 3075 non
1112 3019 1217 3087 adbuc,
1243 3023 1277 3073 ut
1299 3016 1479 3083 Corinthius,
1508 3016 1583 3072 lactc
1616 3014 1775 3087 potandus,
1799 3013 1850 3071 sed

148 3108 240 3163 rioris
255 3106 365 3162 arbiter
379 3111 422 3161 est
437 3105 629 3171 conscientie,
646 3110 675 3162 et
700 3106 790 3163 animi
816 3124 849 3163 ac
869 3108 975 3164 mentis
1029 3106 1124 3181 epulis
1137 3106 1325 3163 solidioribus
1340 3102 1719 3161 mandatorumcoelestium
1743 3102 1850 3160 mentis

146 3196 307 3267 interpres.
324 3194 455 3265 Denique
471 3211 527 3249 non
544 3198 576 3249 ut
591 3193 701 3251 Pharao
717 3194 766 3250 ille
780 3201 938 3252 conventus
958 3212 975 3250 a
1030 3214 1089 3253 sue
1106 3195 1228 3252 lacertos
1244 3195 1377 3250 firmans.

147 3282 262 3355 Moyse,
278 3281 423 3338 recusavit
446 3287 474 3337 et
494 3282 603 3354 sprevit
626 3284 798 3339 mandatum
830 3284 886 3356 (53)
911 3260 1011 3352 Delfi
1062 3286 1107 3340 65.
1123 3284 1346 3357 Prosperitetem
1362 3284 1418 3338 cito
1432 3281 1567 3353 sequitur
1590 3279 1707 3336 invidia.
1725 3279 1846 3352 Pepere·

145 3390 205 3429 neo
238 3369 414 3441 obsequium
447 3368 582 3425 distulit:
627 3370 676 3426 sed
718 3372 815 3427 statim
861 3374 973 3429 vocavit
1027 3373 1166 3437 retSara,
1184 3371 1379 3428 ablactaverat
1399 3369 1513 3425 lilium:
1542 3366 1612 3424 Vidit
1633 3366 1743 3423 ancille
1758 3368 1848 3438 filiam

143 3458 308 3527 Abraham,
324 3474 444 3514 uxorem
461 3474 545 3514 suam
561 3458 585 3515 ci
603 3459 739 3530 reddidit,
757 3462 848 3531 pretio
864 3478 895 3518 se
910 3462 972 3535 ipse
1027 3462 1166 3516 ludentem
1188 3476 1249 3515 cam
1264 3460 1322 3530 filio
1336 3474 1385 3514 suo
1408 3461 1495 3525 lacae,
1512 3465 1537 3513 et
1550 3456 1623 3512 dies
1642 3456 1678 3511 cd
1692 3456 1849 3512 libratam:

144 3548 304 3605 mulctavit
324 3546 403 3619 quod
427 3546 548 3603 vidisset
571 3546 707 3615 alienam,
735 3549 832 3604 dotem
852 3550 972 3621 pudoris
1026 3552 1102 3622 Ejicc
1115 3548 1246 3603 oisellum
1260 3551 1287 3602 et
1308 3546 1398 3617 ilium
1419 3548 1496 3619 ejice:
1521 3562 1578 3601 noc
1600 3546 1675 3601 enim
1689 3546 1778 3603 lieres
1795 3546 1849 3601 erit

143 3636 281 3694 exsolvit.
1027 3638 1102 3708 filios
1125 3636 1238 3692 crciilae
1265 3652 1328 3690 cum
1351 3634 1482 3705 filicmec
1511 3634 1681 3705 leccc(llrid.
1713 3632 1771 3690 cet
1790 3633 1846 3705 lc).

182 3726 230 3782 dl.
252 3724 323 3779 ilinc
338 3740 454 3796 quoque
469 3722 565 3796 colligi
582 3727 677 3797 potest
692 3724 858 3781 abimelech
874 3744 970 3800 regem
1027 3728 1139 3783 Durum
1155 3724 1209 3781 hoc
1223 3724 1320 3779 risum
1334 3723 1455 3779 Abrehae
1470 3728 1542 3789 erat,
1560 3726 1592 3778 ut
1619 3722 1737 3793 ejiceret
1755 3720 1848 3779 fllium

143 3812 338 3871 clementiore
353 3814 505 3880 meruisse,
521 3812 599 3884 quod
625 3812 772 3868 Abraham
799 3830 850 3886 pro
875 3832 908 3871 eo
924 3833 971 3872 ro·
1026 3832 1125 3880 suum,
1140 3814 1208 3869 licet
1222 3829 1289 3868 eum
1304 3828 1392 3885 quem
1408 3814 1578 3883 susceperat
1586 3828 1621 3866 ex
1631 3809 1797 3865 vernacula.
1814 3807 1849 3865 st

143 3904 230 3979 gavit
244 3906 273 3959 et
286 3900 461 3973 impetravit.
478 3900 593 3972 Peperit
608 3902 686 3957 caim
707 3906 735 3958 et
759 3920 831 3959 uxor
855 3904 929 3974 ejus,
945 3908 973 3960 et
1026 3907 1057 3958 tu
1073 3902 1173 3958 nolite
1188 3901 1310 3956 miscere
1326 3899 1447 3969 ancille,
1474 3915 1509 3953 ne
1532 3897 1678 3969 suscipies
1701 3914 1736 3953 ex
1750 3895 1801 3951 illa
1814 3897 1848 3951 li-

144 3990 257 4049 ancilla
270 3992 345 4060 ejus,
371 4006 444 4062 quas
466 3994 533 4045 ante
554 3989 738 4046 concluserat
761 3993 834 4047 [leus
854 3997 973 4065 proptor
1027 3990 1111 4055 lium,
1127 3992 1155 4044 et
1170 3993 1306 4043 uxortua
1330 4005 1387 4043 non
1413 3986 1542 4059 patiatur
1563 3985 1741 4042 coheredem
1763 3983 1847 4039 illum

143 4084 252 4139 Seram
273 4094 394 4135 uxorem
417 4077 559 4133 Abrahae:
582 4078 658 4149 quod
685 4094 766 4151 aequs
798 4081 833 4136 ed
858 4098 971 4137 oecono-
1027 4079 1088 4134 filio
1104 4077 1245 4133 secheri.
1261 4076 1350 4131 Vides
1365 4076 1443 4131 enim
1458 4074 1527 4130 hinc
1548 4072 1620 4129 solvi
1642 4071 1766 4145 gretiam
1782 4088 1847 4127 ms·

144 4170 241 4225 mium
257 4168 312 4238 l5l(
329 4167 464 4239 pertinet,
489 4171 522 4221 ut
544 4166 620 4223 Sara
645 4172 756 4237 partus,
782 4168 832 4225 Dei
847 4170 973 4227 donatus
1026 4166 1167 4223 trimonii¹
1181 4160 1264 4221 Certe
1279 4166 1303 4220 si
1323 4164 1462 4230 incidisti,
1488 4166 1517 4218 et
1540 4162 1631 4218 habes
1656 4159 1760 4227 tilium,
1776 4160 1848 4231 ejice

144 4254 356 4329 promissione,
371 4253 524 4309 eliamhoc
535 4252 689 4309 fulciretur
702 4255 887 4313 testimonio:
904 4274 972 4313 cum
1027 4255 1164 4311 ancillam
1181 4252 1315 4309 etlilium
1331 4254 1405 4324 ejus.
1422 4251 1526 4307 Melius
1541 4248 1674 4307 estenim
1691 4252 1723 4305 ut
1741 4247 1849 4305 ancilla

144 4347 284 4402 advertas
300 4344 351 4399 Dei
364 4342 523 4399 offensione
536 4346 564 4397 et
576 4341 717 4398 fecundus
733 4344 924 4412 sterilescere,
946 4352 974 4403 et
1028 4361 1116 4417 quam
1133 4341 1334 4408 exorrecedal',
1349 4345 1377 4395 et
1387 4340 1465 4396 filius
1477 4338 1587 4395 ancille
1599 4354 1688 4409 quam
1698 4336 1848 4411 legitimus

146 4450 270 4491 rursum
288 4431 402 4488 homini
413 4430 562 4487 voluntale
577 4430 691 4486 steriles
708 4430 866 4499 fecundari,
888 4436 974 4506 Juxta
1028 4432 1170 4505 ejiciatur.
1187 4430 1268 4494 Qirod
1285 4429 1310 4485 si
1326 4429 1515 4493 dubitaveris,
1529 4428 1553 4483 si
1564 4426 1774 4498 contempseris
1783 4441 1850 4481 uxo·

146 4521 229 4596 quod
246 4520 389 4591 scriptum
417 4523 472 4586 est,
502 4520 595 4575 llorere
623 4520 744 4575 sterilem
771 4528 796 4576 et
821 4524 973 4592 parientem
1028 4522 1069 4578 ris
1090 4525 1146 4575 ture
1170 4518 1344 4574 sententium
1372 4522 1400 4573 et
1423 4516 1531 4571 durum
1553 4514 1607 4571 tihi
1630 4514 1725 4571 visum
1751 4513 1848 4579 luerit,

147 4626 200 4681 eqo
226 4610 289 4680 feci,
314 4608 381 4663 dicit
408 4608 539 4664 Dominus
565 4608 632 4678 (Iso,
652 4624 725 4676 axvi,
755 4608 807 4680 9)‘l
837 4608 1099 4689 Quamvisndicit
1122 4606 1175 4665 tibi
1197 4606 1275 4663 Deus
1297 4606 1374 4677 quod
1400 4604 1473 4660 dixit
1495 4607 1523 4660 el
1538 4603 1679 4671 Abrahae:
1711 4602 1788 4674 quod
1808 4598 1849 4656 illi

149 4694 644 4771 adSynagogaeilludelEcclesiae
672 4698 844 4768 mysterium
864 4698 974 4756 dictum
1029 4694 1274 4762 enimdixil,tihi
1295 4694 1376 4761 dicit,
1408 4698 1437 4749 ct
1466 4692 1604 4749 omnihus
1635 4688 1849 4747 dicitthloesit

148 4786 332 4858 accipiatur:
349 4785 418 4857 quie
428 4784 620 4857 elSynsgoga
630 4790 731 4856 partus
741 4784 848 4851 habere
860 4787 973 4859 desivit,
1029 4789 1130 4844 dorcam
1143 4788 1243 4839 calcte
1258 4783 1295 4838 de
1308 4798 1393 4851 puero
1418 4784 1444 4837 ct
1466 4781 1499 4837 de
1519 4781 1633 4837 ancillo.
1657 4778 1755 4835 Omnia
1773 4791 1846 4846 que-

148 4894 217 4947 que
233 4872 429 4931 successionis
444 4873 580 4929 fraudata
595 4878 639 4929 est
663 4874 838 4945 posteritate,
863 4880 892 4931 et
907 4893 974 4933 con·
1029 4889 1135 4946 cunque
1148 4872 1251 4927 ‹lz'eeril
1266 4870 1318 4925 titi
1332 4870 1411 4938 Sora,
1431 4870 1498 4925 ecrit
1518 4884 1606 4925 rocem
1628 4867 1706 4937 citu:
1720 4861 1851 4934 quoniam

148 4962 283 5037 gregatis
311 4961 464 5017 nationum
492 4977 557 5031 quse
587 4959 696 5016 sterilis
720 4966 781 5016 erat
805 4978 871 5019 cum
883 4964 975 5020 Deum
1030 4966 1151 5019 inlscoc
1175 4960 1313 5015 vocabitur
1334 4959 1385 5014 tihi
1407 4974 1499 5014 ceram
1520 4954 1600 5028 (ibid.
1626 4956 1681 5021 t2).
1697 4951 1848 5020 Nusquam

150 5052 310 5122 ignoraret,
337 5055 438 5122 partus
465 5049 573 5105 hebere
594 5049 712 5120 cmperit
737 5055 868 5107 eternus.
895 5051 976 5109 Unde
1031 5050 1099 5107 alibi
1115 5048 1205 5105 dixit:
1222 5047 1297 5102 Audi
1322 5063 1422 5102 vocem
1448 5044 1546 5101 uxoris
1570 5046 1636 5107 tue,
1662 5038 1719 5095 nisi
1743 5035 1801 5103 hic,
1821 5036 1851 5091 id

192 5194 250 5263 foll
277 5192 335 5247 lloc
360 5195 414 5259 est,
438 5188 617 5246 cruciatibus
635 5206 685 5246 scu
717 5194 885 5260 tormentis3
934 5210 976 5248 um
1068 5189 1291 5263 (stituitcod.
1315 5188 1514 5251 recureritis
1543 5181 1669 5253 impleret
1689 5176 1852 5233 amedeum

153 5254 223 5320 idco
239 5265 402 5335 qeaestionea
418 5262 679 5333 dicuntur,quiain
693 5262 790 5317 ouusis
805 5262 919 5335 capituli
944 5280 977 5319 us
1032 5264 1092 5319 ilci.
1339 5328 1344 5338 =
1380 5328 1385 5338 ‚
1692 5317 1697 5330 ¹
1720 5318 1726 5329 ,
1753 5318 1758 5328 ,

153 5353 209 5409 per
222 5352 259 5391 ea
271 5335 377 5389 ceritas
393 5334 497 5404 querit
511 5330 596 5388 solet.
1068 5334 1124 5458 (54³
1139 5332 1302 5386 OEconcmia
1316 5327 1363 5382 hic
1378 5327 1454 5381 idem
1479 5327 1533 5389 est,
1560 5325 1647 5393 atque
1670 5319 1760 5375 divmr
1782 5334 1851 5374 con·

192 5406 250 5476 (52)
273 5404 357 5459 Rom.
391 5404 460 5459 edit.
500 5419 566 5459 cum
598 5400 693 5457 tribus
726 5418 811 5465 mss,
845 5407 977 5460 monitio·
1034 5403 1090 5459 silli
1426 5468 1431 5477 .
1826 5460 1842 5471 ..

153 5474 689 5560 cis,qcochercrcm‚etc.Vet,lcum
714 5471 789 5537 aliis,
816 5475 861 5529 ced
881 5480 976 5559 muni·
1070 5475 1125 5544 (55)
1176 5472 1219 5525 dit
1243 5483 1363 5551 omnes:
1393 5469 1445 5521 llic
1472 5463 1554 5519 honos
1577 5476 1639 5588 7gitti
1673 5477 1702 5517 se
1733 5474 1854 5532 proprus

155 5544 535 5613 normatohlelmmnon
562 5558 641 5597 enim
665 5542 820 5597 obscurum
843 5553 977 5617 estqurn
1031 5542 1216 5602 cmncwcdect
1238 5554 1315 5593 viris.
1336 5538 1407 5592 lllss.
1433 5533 1555 5600 Theod,
1602 5549 1664 5588 ora.
1699 5534 1728 5587 et
1759 5530 1853 5597 Vale,

155 5621 183 5675 S.
201 5620 245 5673 vir
270 5618 392 5673 Garama
417 5614 485 5672 velit
508 5613 626 5671 eosdem
650 5629 726 5678 esse,
751 5630 784 5669 ec
804 5614 977 5688 Gerasenos,
1034 5622 1092 5673 Hoc
1116 5616 1215 5669 bocltm
1237 5624 1288 5681 pcc
1313 5623 1351 5679 se,
1375 5612 1429 5663 etc.
1451 5605 1506 5661 Alii
1524 5604 1663 5679 quinque,
1685 5608 1718 5658 ut
1740 5602 1770 5658 in
1785 5616 1855 5659 con·

157 5706 231 5763 quos
246 5686 799 5761 septosvelmuretosinterpretantur.
1036 5692 1128 5745 textu.

1128 5400 1269 5526 isssositio.
