4159 6184
175 390 179 393 ·
244 383 324 461 rico
975 378 1007 437 s.
1026 360 1218 439 'lunensii
1690 356 1694 361 ‘
1837 380 1897 447 rm

245 531 346 573 omncs
356 512 490 569 homines
506 512 560 567 sub
570 527 627 567 uno
639 510 913 581 terrarumimpcrio
923 510 1063 576 viventes,
1080 509 1109 577 Α
1122 508 1173 581 qui
1189 508 1225 565 de
1239 507 1289 565 illo
1303 506 1443 565 sublimia
1457 507 1631 576 sentiebant,
1647 522 1697 564 nec
1721 495 1784 567 cum*
1801 516 1897 573 terrem

245 604 333 661 unius
348 601 399 659 Dei
428 600 638 674 omnipotentis
657 600 817 674 imperium
845 598 924 655 fideli
953 598 1068 672 eloquio
1123 598 1339 669 imaginibuset
1355 596 1523 654 simulacris
1533 596 1663 669 scrupeis
1673 596 1726 668 (ot)
1739 600 1898 663 conterebant:

244 690 386 749 confiteri.
1124 687 1175 743 sed
1191 702 1249 743 non
1264 689 1328 744 erat
1341 684 1479 743 sublimis
1493 686 1524 742 in
1550 684 1664 759 populis
1691 688 1832 758 nationum,
1859 696 1898 767 qni

278 783 324 839 22.
341 779 470 837 Abstulit
489 795 558 853 ergo
585 778 662 836 bella
690 778 837 851 usquead
864 778 938 834 fines
957 781 1039 833 terrie
1061 788 1068 831 :
1124 777 1203 833 Μ
1216 775 1308 833 Deum
1324 792 1414 832 suum
1428 776 1459 831 in
1474 775 1567 831 antris
1580 780 1609 831 et
1627 774 1784 848 speleornm
1811 779 1898 839 habite·

244 870 448 945 quodlaotum
464 884 600 926 essenon
621 868 745 925 dubium
770 872 825 925 est.
855 867 911 923 Sed
939 866 1005 921 vide
1034 880 1070 921 ne
1125 864 1200 920 culis
1214 865 1362 937 requirere
1375 863 1561 921 videbantur.
1582 864 1709 936 Denique
1718 866 1899 939 reprehenditur

244 958 323 1017 bella
337 957 518 1015 infirmitatis
529 956 695 1026 abstulerit,
712 961 854 1030 qnesunt
865 956 893 1011 in
907 956 993 1012 corde
1003 954 1071 1011 titu-
1125 953 1308 1026 Magdelena,
1320 970 1387 1026 que
1401 952 1552 1011 Christum
1567 952 1651 1026 quasi
1675 958 1809 1013 mortuom
1827 957 1901 1027 tebet,

151 1102 155 1109 ,
246 1048 392 1106 bantium.
408 1047 463 1115 Qui
483 1046 562 1105 enlm
590 1050 707 1103 terrena
734 1045 895 1112 transierit,
922 1044 985 1116 jam
1012 1059 1070 1099 non
1125 1048 1154 1099 et
1169 1043 1255 1115 quasi
1269 1042 1419 1116 sepultum
1434 1043 1583 1116 quaerebet
1596 1042 1627 1099 in
1640 1042 1758 1100 tumulo.
1773 1043 1839 1101 Uada
1868 1046 1902 1102 di·

194 1196 196 1207 ,
247 1136 337 1193 dicit:
359 1159 373 1187 α
388 1135 470 1192 Foris
486 1152 602 1208 pugne,
619 1136 701 1191 intus
720 1134 841 1191 timores
869 1134 905 1203 (ll
931 1132 992 1189 Cor.
1020 1148 1072 1198 vu,
1126 1130 1216 1187 citad
1234 1146 1299 1187 eam
1326 1130 1481 1189 Christus:
1510 1132 1607 1199 Μανία,
1633 1130 1698 1203 quid
1718 1132 1817 1203 plorort
1840 1152 1902 1207 quem

245 1223 286 1297 5),
302 1222 353 1279 scd
369 1221 441 1279 dicit
457 1239 464 1279 ε
478 1244 492 1273 c
507 1222 614 1279 Nostra
629 1226 728 1278 eutem
744 1220 924 1277 conversatio
940 1220 970 1275 in
992 1218 1072 1275 omlis
1126 1222 1230 1290 quaeria
1245 1220 1331 1291 (loun.
1347 1238 1395 1287 xx,
1413 1221 1459 1291 15)
1473 1220 1487 1275 t
1503 1219 1648 1291 numquid
1671 1235 1735 1276 enm
1760 1221 1801 1292 qui
1825 1228 1900 1293 posset

248 1315 293 1370 est
307 1312 440 1385 (Philipp.
458 1328 500 1379 ιιι,
515 1312 572 1383 20).
588 1310 718 1367 »Transi
731 1327 798 1383 ergo
816 1310 972 1377 mundum,
994 1307 1071 1366 085
1128 1308 1236 1365 auferri
1250 1308 1264 1363 ‘t
1277 1308 1397 1365 Audiuit
1409 1324 1520 1377 vocem,
1532 1313 1561 1365 ot
1574 1308 1737 1381 recognovit
1760 1326 1824 1377 cnm,
1835 1315 1903 1367 etro

249 1404 281 1459 ut
306 1400 430 1472 incipias
468 1416 533 1457 csse
560 1416 652 1471 supra
677 1400 822 1455 mundam
841 1408 965 1471 επεράσαι
993 1398 1072 1453 enim
1127 1395 1907 1473 lebatoootingereretuitDominus:«Nolimetrecgerc

248 1490 374 1547 transire
387 1492 441 1557 est,
459 1488 513 1556 vel,
531 1491 564 1544 ut
578 1488 673 1545 dicam
683 1486 861 1560 expressius,
873 1488 1073 1543 transfretare.
1130 1485 1209 1555 (lbid,
1219 1486 1276 1558 17),
1286 1509 1300 1537 o
1312 1502 1400 1559 quem
1411 1489 1500 1558 putas
1511 1490 1695 1542 mortuum«
1704 1486 1742 1542 Ad
1752 1488 1908 1545 Petrcmuto

247 1578 377 1635 Abstulit
391 1594 460 1651 ergo
475 1578 620 1633 Dominus
639 1576 719 1633 bella
734 1594 797 1648 quae
827 1576 962 1633 movebat
989 1574 1075 1631 nobis
1130 1574 1223 1645 (lbid.)
1234 1597 1248 1624 »
1261 1574 1377 1631 Miraris
1386 1575 1466 1647 quod
1476 1575 1507 1630 in
1521 1573 1634 1631 tumulo
1647 1591 1704 1631 non
1713 1574 1833 1631 invenisti
1844 1591 1908 1647 quen

250 1668 381 1741 nequitia
400 1666 562 1739 spiritalis:
578 1670 607 1722 et
617 1666 728 1723 devicto
744 1665 976 1737 diabolo,pacem
989 1680 1075 1721 suam
1130 1662 1504 1735 coelestioprmstolanturt
1530 1666 1588 1719 Aut
1618 1662 1691 1719 torte
1718 1662 1908 1736 reprehenditur,

250 1756 336 1814 nobis
363 1754 491 1827 reliquit.
532 1756 641 1811 Arcum
656 1754 807 1824 confregit,
832 1754 868 1809 dc
897 1770 954 1826 qno
984 1752 1077 1824 ignita
1133 1750 1203 1822 quia
1216 1750 1368 1807 Christum
1380 1751 1438 1807 nisi
1450 1752 1523 1808 tides
1537 1752 1666 1824 perfecte
1678 1768 1733 1808 non
1746 1751 1837 1824 tangit,
1855 1752 1909 1807 scot

252 1843 412 1903 adversarii
423 1842 522 1914 jacula
537 1842 770 1915 spargebantur:
793 1846 822 1899 et
850 1846 934 1899 scuta
948 1841 1076 1912 perfidie
1132 1839 1360 1896 hemorrhoissa
1374 1839 1460 1913 plena
1475 1856 1543 1896 eum
1558 1839 1655 1913 tetigit
1668 1840 1731 1897 tide.
1746 1840 1818 1896 Unde
1838 1838 1910 1896 Doni·

252 1932 417 1990 combussit
429 1931 491 2004 igni
501 1950 514 1997 ,·
529 1934 562 1987 ut
585 1934 703 1987 scutum
732 1930 800 1987 fidei
819 1929 985 1987 inviolabile
1012 1944 1079 2002 per·
1132 1927 1267 1985 nusait:
1285 1927 1600 2001 «Tetigitmestiquis,
1615 1928 1911 1985 sentiodomerirtuten

252 2023 395 2079 maneret.
1132 2017 1228 2073 exisse
1242 2018 1317 2089 (luc.
1333 2034 1397 2085 vni,
1412 2019 1468 2087 4²).
1483 2039 1497 2067 a
1513 2018 1574 2082 Que
1587 2016 1677 2087 dicto,
1691 2016 1834 2090 agnovitin
1845 2014 1912 2073 scilta
2004 2017 2005 2020 ’

286 2112 331 2167 23.
348 2108 442 2181 (Vere.
461 2108 552 2179 11.)«
575 2106 693 2175 Vacate,
722 2107 979 2180 inquitetvidetc,
1009 2108 1079 2180 quia
1133 2105 1913 2177 quodexcuntetueratrirtutecuratrs3etstetinmn

252 2216 305 2273 ego
320 2214 388 2255 sum
403 2195 556 2253 Dominus.
572 2218 587 2249 ιι
604 2196 665 2252 Vox
676 2196 791 2255 Domini
802 2196 1077 2270 postbellesedata:
1133 2194 1211 2250 lessc
1225 2198 1271 2250 est
1285 2194 1333 2249 sui
1344 2193 1460 2251 conscia
1474 2195 1553 2267 quod
1568 2192 1912 2267 Dominumipsetatigiaset

254 2288 391 2355 «Vacate,
401 2282 1079 2358 »utnullaanimarumsitocoupctio,neotlusiu
1133 2281 1215 2337 Unde
1229 2281 1374 2339 Dominus
1388 2281 1448 2338 ait:
1464 2283 1550 2339 Fides
1563 2286 1616 2340 tua
1630 2287 1660 2339 te
1670 2281 1851 2339 salrsmtcuit:
1862 2280 1917 2336 iude
2000 2302 2003 2311 ·

253 2374 440 2433 secularium
455 2373 959 2445 perturbationuminurococuturn
970 2374 1079 2431 mentis
1132 2371 1164 2425 in
1177 2387 1249 2443 poce
1264 2372 1348 2442 (ibid.
1364 2372 1420 2443 48).
1438 2394 1453 2421 o
1470 2370 1623 2429 Excitatus
1638 2372 1776 2428 autema
1789 2376 1853 2426 terra
1877 2370 1918 2425 Do·

254 2464 391 2525 obducat
403 2462 521 2529 Vacato,
540 2460 648 2534 inquit,
676 2463 713 2517 ab
743 2462 899 2519 erroribus.
929 2463 1034 2520 Vacate
1062 2481 1080 2519 a
1134 2460 1235 2516 minus
1250 2460 1697 2533 eet,sccundumquodipseait:
1713 2458 1919 2517 «Camerrltetos

255 2551 534 2627 perturbationibus,
551 2555 679 2609 veneten
694 2552 821 2625 pcccatis
838 2569 845 2620 ;
862 2552 931 2624 quia
955 2554 1079 2609 «omnis
1135 2547 1228 2617 fuero,
1240 2550 1341 2606 omnia
1355 2549 1469 2605 trabam
1484 2550 1524 2610 ad
1539 2565 1586 2606 me
1600 2551 1701 2623 ipsum
1715 2550 1796 2622 (icoc.
1807 2566 1850 2614 ιιι,
1864 2549 1917 2618 ³2)·”

255 2642 306 2715 qui
320 2644 430 2714 peccat,
446 2656 504 2698 non
519 2638 589 2695 vidit
603 2640 707 2709 Deum,
724 2656 776 2696 nec
805 2641 940 2713 cognovit
967 2658 1047 2710 eum,
1063 2664 1079 2693 »
1133 2636 1187 2692 Vel
1203 2637 1281 2710 quod
1298 2639 1374 2694 tecto
1389 2643 1434 2694 cst
1446 2638 1583 2695 voluntas
1599 2641 1665 2711 ejus
1678 2639 1753 2696 siout
1772 2638 1800 2694 in
1824 2637 1881 2693 reto
1900 2638 1921 2690 et

255 2731 376 2789 sioutin
403 2728 533 2803 Epistola
563 2744 618 2783 sua
645 2729 718 2785 dixit
740 2729 869 2785 loannes
897 2728 1081 2803 Dvangelista
1134 2723 1165 2780 in
1180 2729 1267 2781 terre.

255 2822 293 2894 (l
320 2824 403 2879 tono.
441 2836 485 2886 ιιι,
527 2820 566 2887 b).
609 2820 718 2875 Veneto
752 2834 820 2889 ergo
850 2819 949 2875 studio
973 2835 1080 2891 cogno-
1170 2815 1920 2890 nowers.12.)ntropetitdioens:«neusdrtutnn

255 2909 370 2969 stende
384 2906 565 2965 divinitatis:
583 2906 674 2964 notite
688 2906 812 2963 terrenis
831 2908 969 2980 operibus
998 2925 1082 2964 occu·
1137 2902 1303 2971 nobiscum,
1338 2911 1490 2978 susceptor
1519 2910 1620 2963 noster
1643 2907 1721 2964 Deua
1747 2906 1829 2962 Jacob
1848 2902 1921 2973 (itta

256 2997 1080 3073 perildeorcxAEgyptiorumaugerijubebatnumerum
1137 2992 1282 3065 Repetitio
1297 2994 1480 3050 contirmstio
1512 3000 1567 3052 est.
1598 2995 1651 3053 Vel
1680 2996 1748 3069 quia
1773 3010 1824 3050 orn
1848 2990 1920 3048 solon

255 3087 392 3157 laterum,
408 3089 437 3145 et
451 3089 652 3143 asturconem
666 3085 834 3142 iuncorum
852 3104 859 3143 :
875 3102 912 3142 nc
927 3102 1082 3160 cognosco
1138 3082 1256 3153 qnando
1271 3086 1359 3139 natus
1373 3098 1407 3138 ex
1416 3083 1537 3156 Virgine
1551 3090 1607 3152 est,
1631 3086 1725 3141 fectus
1739 3087 1781 3140 est
1801 3081 1920 3138 nobiscum

256 3179 322 3233 rent
357 3176 460 3244 Deum,
499 3179 528 3231 et
551 3174 643 3231 cultui
668 3190 751 3231 seem
778 3179 924 3239 acuerent,
950 3175 1082 3230 ollensus
1138 3172 1227 3235 Deus,
1243 3170 1294 3225 sed
1309 3170 1481 3243 eticmpost
1509 3172 1754 3229 resurrectionem
1779 3169 1834 3242 ipse
1856 3164 1921 3222 dixit:

257 3265 350 3339 Moysi
364 3268 393 3323 et
411 3267 507 3321 Aaron
535 3278 604 3321 voce
634 3267 816 3329 sanctornm,
844 3262 895 3335 qni
922 3247 1118 3320 dicebant:C
1138 3279 1154 3309 c
1168 3258 1243 3314 Dece
1256 3274 1310 3331 ego
1332 3260 1484 3316 uobiscum
1512 3276 1616 3317 sum...
1640 3276 1735 3332 usque
1760 3259 1793 3315 ad
1817 3270 1924 3313 conson-

258 3376 272 3405 n
284 3353 406 3411 Dimitte
420 3350 563 3425 populum
579 3350 642 3417 Dei,
655 3355 804 3414 uteamns
817 3354 846 3406 ct
860 3351 1088 3407 serviamnsDoe
1137 3345 1298 3403 mationem
1341 3348 1445 3403 mundi
1487 3348 1593 3418 (tout.
1636 3366 1737 3418 xxviii,
1774 3347 1823 3417 tbi.
1851 3341 1923 3396 »Cui

258 3441 338 3499 mino
357 3442 415 3499 Deo
438 3444 538 3497 nostro
554 3438 689 3509 (Exodi.
707 3439 761 3506 l)r
1137 3437 1183 3491 est
1217 3432 1311 3491 bonor
1333 3439 1362 3491 et
1388 3434 1491 3508 glorio,
1520 3438 1703 3510 perpetuitas
1730 3454 1747 3493 a
1778 3432 1875 3497 secatis,
1898 3433 1922 3483 et

295 3530 339 3584 24.
347 3550 362 3579 c
370 3527 524 3585 Dxeltebor
532 3525 610 3583 inter
618 3531 730 3599 gentes,
742 3526 924 3586 etexaltabor
935 3528 964 3585 in
976 3535 1082 3587 terra.»
1136 3539 1227 3595 nuno,
1237 3528 1267 3581 et
1280 3540 1407 3598 semper,
1423 3529 1453 3582 et
1472 3526 1502 3581 in
1528 3527 1630 3583 omnia
1646 3526 1752 3583 seculo
1773 3520 1920 3580 secutorum.

259 3617 328 3673 Erat
337 3613 475 3673 sublimis
490 3614 633 3671 Dominus
648 3614 817 3683 inexcslsis,
833 3617 862 3672 id
886 3621 940 3684 est,
966 3619 996 3674 in
1030 3636 1083 3675 an·
1136 3612 1239 3671 Amen.

257 3702 330 3777 getis
351 3709 380 3761 et
401 3702 595 3776 archangelis,
611 3703 641 3759 in
666 3704 841 3777 patriarchis
863 3710 894 3762 et
919 3707 1082 3779 prophetis,

288 3824 350 3901 ’(93)
364 3829 410 3885 Sic
421 3844 492 3885 mss.
522 3826 644 3900 aliquot,
674 3834 761 3902 atquc
784 3829 854 3886 edit.
884 3848 997 3890 omnes.
1026 3833 1082 3890 Vc·
1138 3831 1267 3891 coelestia
1281 3833 1397 3891 imitare
1411 3835 1612 3895 lsreelitarum
1629 3838 1733 3911 phase.
1747 3841 1797 3895 eto.
1807 3834 1855 3891 Sed
1872 3832 1925 3887 intc-

258 3905 425 3956 rumtemen
455 3916 598 3972 quorsum
629 3900 682 3956 boo
706 3900 762 3957 loci
796 3912 994 3975 voxreprtcer:
1024 3905 1082 3960 nisi
1138 3906 1194 3961 rim
1207 3903 1324 3961 lectioni
1340 3913 1462 3980 receptae
1477 3924 1534 3964 non
1545 3909 1784 3981 praeJudicamus.

256 3969 407 4055 valiscum
433 3972 577 4054 respicere
605 3972 641 4026 ed
669 3973 880 4044 aspernaNam
906 3975 1081 4045 versiculus,
1174 3975 1230 4047 (et)
1247 3975 1317 4032 bles.
1329 3978 1476 4049 nonnulli,
1491 3988 1517 4035 ct
1530 3981 1695 4036 simulacris
1711 3971 1927 4051 imposibile

257 4059 307 4115 qur
321 4043 370 4099 bio
384 4048 546 4115 exponitur,
564 4046 604 4099 ita
618 4041 827 4115 habeturapud
853 4044 934 4112 LXX,
953 4054 1081 4104 Ἀνταναι-
1139 4046 1190 4104 elii
1215 4062 1249 4101 ao
1274 4048 1334 4103 edit
1337 4089 1391 4115 .....
1419 4051 1551 4122 scrupeis,
1577 4050 1608 4106 id
1638 4059 1695 4120 est,
1718 4051 1818 4115 saxeis,
1832 4056 1928 4115 scruputi

256 4122 456 4239 succroirtpcpc
497 4123 571 4187 μέγι
605 4123 654 4169 τῶν
694 4123 808 4185 περάτων
835 4126 878 4196 riq
919 4126 972 4186 γῆς.
999 4118 1082 4174 Nihi·
1136 4119 1214 4180 enlm
1231 4132 1333 4175 saxum
1360 4124 1416 4190 est,
1445 4122 1523 4179 unde
1550 4123 1725 4195 serupulutt.
1755 4119 1831 4187 Ottod
1854 4118 1929 4173 arun

268 4200 384 4267 ominus
411 4185 527 4239 videtur
568 4189 763 4241 octornoster
791 4190 889 4257 potrus
918 4188 1082 4259 scripturus
1137 4186 1309 4260 adjungitur
1323 4190 1360 4246 dc
1374 4193 1467 4249 antris
1477 4210 1510 4249 ec
1525 4191 1654 4265 spelaeis,
1682 4194 1810 4264 tangitur
1827 4186 1928 4245 ethnico·

256 4256 348 4312 tuisse
371 4268 450 4328 περᾶν
462 4260 512 4311 eut
527 4263 652 4326 περᾱσθαι
679 4271 767 4326 quam
781 4264 896 4328 repricat.
930 4260 1081 4325 Quocirca.
1137 4278 1203 4316 rum
1219 4261 1398 4333 superstitio,
1416 4280 1475 4335 qua
1489 4264 1613 4321 deorum
1630 4264 1750 4321 oracula
1772 4258 1926 4337 potissimum

172 4383 174 4391 ,
257 4344 315 4385 non
332 4330 603 4399 magnomomento
626 4327 842 4382 inflecteremur
870 4328 899 4382 in
927 4328 1082 4387 lectionem
1138 4333 1167 4388 in
1184 4329 1383 4389 subterraneis
1410 4332 1483 4390 locis
1508 4334 1620 4392 interro
1663 4324 1928 4404 bont3utpntti11

257 4397 382 4479 aliorum
398 4397 531 4456 mssubi
547 4396 684 4478 legimus,
698 4398 874 4478 pittace-enim
889 4403 1008 4457 transire
1031 4408 1082 4467 est,
1137 4408 1221 4459 antro
1250 4403 1380 4477 Delphici
1410 4404 1562 4477 Apollinis,
1592 4352 1726 4480 Dialia,
1749 4399 1888 4477 Trophonii
1908 4398 1931 4450 ct

239 4468 441 4531 ,Etenrmhoc
461 4472 723 4525 sanctovrrosatrs
754 4474 905 4537 usitatum,
936 4476 969 4527 ut
996 4474 1083 4530 tectis
1138 4470 1296 4531 similibus.

257 4538 756 4619 quodammodoverbisScripturae
780 4540 860 4596 locos
888 4542 923 4597 ad
953 4546 1084 4601 eruenda
1173 4548 1241 4618 (94).
1258 4548 1342 4603 Rom.
1358 4547 1428 4603 edit.
1449 4550 1515 4619 post
1541 4564 1641 4619 voces,
1667 4550 1740 4606 Deus
1764 4546 1847 4612 taut,
1876 4538 1932 4597 sab·

256 4626 291 4664 ex
304 4610 415 4691 eisdem
429 4626 544 4665 morum
559 4614 705 4683 precepta
720 4610 892 4667 subinnuat.
910 4612 1013 4670 Posset
1027 4616 1082 4689 igi·
1133 4618 1242 4691 Jungit.
1260 4618 1334 4673 Deus
1346 4619 1480 4673 uirtutum
1492 4619 1646 4674 oobucum.
1669 4618 1782 4691 Repetit
1808 4614 1874 4689 quod
1896 4626 1932 4664 su·

255 4686 305 4737 tar
319 4680 387 4737 inde
397 4680 465 4736 duci
480 4679 527 4735 bio
542 4696 647 4736 sensus
663 4698 670 4737 τ
686 4683 867 4738 transeundo
883 4684 1082 4743 aterrenised
1137 4691 1326 4761 predixerat.
1341 4690 1474 4761 Repetitio
1483 4692 1575 4746 omem
1587 4690 1765 4761 confimctio
1784 4697 1830 4746 est.

640 4927 696 5013 ΙΝ
729 4927 1004 5020 PSALMUM
1031 4935 1197 5022 XLVII
1224 4933 1572 5024 ENARRATIO.
1666 4926 1675 4942 ’

289 5186 315 5242 t.
345 5184 478 5259 (Versl)
509 5183 606 5257 liujus
632 5183 736 5244 titulus
774 5183 822 5241 hic
849 5191 919 5244 est:
949 5190 1308 5266 Psalmurltxcrctaeq.).
1325 5189 1397 5247 Boni
1417 5188 1470 5246 tilii
1499 5191 1580 5263 Coro,
1605 5196 1637 5249 et
1667 5192 1789 5266 psalmis
1817 5190 1871 5262 jam
1895 5199 1932 5239 su·

251 5276 354 5331 cantici
383 5275 430 5348 (95
456 5274 525 5346 filiis
562 5274 638 5339 Cere,
672 5273 792 5329 secundo
832 5274 944 5333 Subbati
988 5278 1073 5349 (Prot.
1131 5270 1933 5357 perioribnsapprobati,eoquodcongruissensibustffil

252 5396 490 5523 295tl'rulmuset
509 5397 653 5455 Canticum
681 5397 710 5453 in
736 5398 787 5454 Dei
809 5397 948 5458 laudibus
980 5418 1078 5459 versa·
1132 5404 1264 5462 Cassiod.
1280 5405 1347 5463 Prot
1359 5408 1391 5461 ic
1405 5406 1483 5462 Prot.
1497 5422 1561 5479 cap.
1588 5406 1609 5461 5
1634 5410 1665 5462 et
1692 5422 1755 5478 seq.
1768 5406 1834 5460 lteru
1859 5398 1930 5455 itan

275 5471 372 5532 antur,
388 5468 436 5525 ille
449 5468 569 5541 quidem
584 5484 662 5535 voce,
679 5468 732 5525 boc
748 5474 845 5525 autem
872 5488 983 5545 organo
1013 5490 1077 5529 mu·
1132 5474 1226 5533 Nobil.
1242 5477 1272 5532 in
1287 5477 1366 5533 bunc
1381 5475 1479 5533 locum
1495 5494 1502 5544 ;
1519 5494 1572 5533 nec
1585 5493 1647 5533 non
1661 5478 1748 5535 Card.
1765 5475 1841 5533 Dona
1852 5473 1885 5529 De
1895 5468 1931 5525 or·-

253 5538 325 5600 sico.
341 5534 535 5595 celebrandis.
550 5538 658 5595 Verum
690 5540 714 5620 si
739 5540 856 5622 quando
882 5560 939 5600 vox
968 5560 1077 5617 organo
1131 5548 1196 5603 mou
1207 5548 1798 5622 Psat.oap.16,§l2,n.l,atquealios.

252 5606 431 5692 praecineret,
447 5610 573 5667 Peutmus
598 5611 718 5693 poetici:
735 5628 780 5668 sm
806 5621 904 5696 aetem
933 5632 1078 5689 organum
1168 5619 1416 5696 (ec)1idemmss.,
1433 5619 1503 5695 quod
1520 5621 1590 5679 otiu
1602 5621 1739 5696 provicia
1748 5618 1871 5679 miltit-

251 5694 325 5751 voci,
344 5680 489 5737 Crumerum
500 5682 602 5751 pacton
620 5681 781 5743 dicebatur.
798 5684 872 5743 Vide
904 5703 994 5765 super
1021 5687 1078 5747 hoo
