4159 6184
134 332 190 395 aar
780 334 900 397 arasa
921 334 973 402 aa
996 336 1206 399 1111111110.-
1782 320 1844 389 ²⁰⁸

134 468 241 525 decute
254 466 384 541 ponitus,
400 464 523 523 aetitia
537 466 637 521 uinum
658 466 730 539 quod
757 468 860 523 miscui
891 467 966 525 uobis
979 468 1005 535 A
1020 476 1126 525 terram
1157 470 1241 525 estoit
1266 482 1348 525 senus
1375 484 1478 537 eorum,
1508 476 1534 523 et
1562 467 1631 538 fiaes
1658 462 1732 519 ortis
1759 466 1841 516 terrae

134 558 218 627 (Pron.
235 572 275 621 111,
292 554 332 627 5).
356 552 437 609 Sicut
463 569 533 627 ergo
557 552 626 609 sons
649 552 715 609 vitas
737 557 782 609 est
808 554 964 626 sapientia,
1019 562 1101 613 uerba
1114 574 1210 613 eorum
1223 559 1311 627 (Prot.
1327 575 1405 624 111111,
1421 559 1460 628 5).

135 644 194 701 lons
207 644 310 717 gratias
325 640 489 716 spiritalis:
506 642 549 699 ita
561 642 628 698 lons
642 642 786 697 virtutum
806 646 851 697 est
879 646 964 698 crete·
1054 645 1099 703 lb.
1112 646 1266 703 Secundus
1282 651 1325 703 est
1340 646 1446 701 iluviue
1466 644 1557 712 Genu,
1569 643 1656 715 juxta
1682 654 1770 711 quem
1796 633 1842 689 lex

135 750 236 801 rarum,
249 748 314 805 qua
325 748 379 788 nos
394 730 430 787 ad
455 734 568 786 aterna
584 746 707 786 cursum
727 729 860 805 dirigunt
887 730 961 785 vitae.
1017 734 1087 791 data
1099 739 1146 791 est
1160 734 1310 801 Israelitis,
1322 752 1390 791 cum
1406 736 1505 790 essent
1523 732 1552 786 in
1578 734 1699 803 AEgypta
1729 720 1840 781 cousti-

134 822 170 879 Ea
181 821 234 877 bac
249 820 342 895 igitur
356 819 457 876 anima
473 836 537 892 quae
552 817 635 875 culta
650 824 705 888 est,
720 836 776 873 non
792 836 827 875 ex
841 835 876 875 ea
897 835 962 891 qua
1016 824 1085 889 tuti,
1101 827 1134 878 nt
1148 840 1184 878 ea
1196 828 1319 896 AEgypto
1336 823 1510 888 recederent,
1522 824 1551 875 et
1565 816 1706 877 succincti
1725 810 1843 872 lumbos

134 909 237 965 inculta
261 909 326 966 lons
351 909 407 965 iste
431 907 572 981 procedit,
601 911 634 962 ut
654 907 756 979 irriget
774 907 960 980 paradisum,
1016 910 1270 983 ederentaguum,
1304 913 1380 982 qnod
1406 909 1521 981 insigne
1554 912 1600 963 est
1631 899 1841 976 temperantia.

133 998 183 1055 boc
203 1000 257 1065 est,
285 997 423 1071 quadam
455 996 638 1052 diversarum
663 995 771 1051 fruteta
802 997 958 1065 virtutum,
1015 988 1844 1068 CestosenimetsanctificatosoportetDomiaipascha

134 1102 250 1159 quarum
266 1089 339 1143 suat
353 1089 484 1157 quatuor
499 1084 583 1140 initia
598 1084 628 1139 ia
644 1099 708 1156 quae
730 1083 876 1155 snpientia
903 1084 959 1139 ista
1013 1086 1170 1143 celebrare.
1185 1090 1217 1143 Et
1231 1088 1296 1144 ideo
1319 1090 1404 1159 Juxta
1433 1086 1523 1141 istum
1552 1084 1680 1140 fluvium
1709 1078 1844 1151 legitima

134 1175 271 1232 dividitur.
289 1175 363 1239 Quae
378 1178 450 1230 sunt
465 1176 594 1245 quatuor
614 1171 700 1228 initia
721 1171 875 1241 virtutum,
900 1171 958 1228 nisi
1014 1174 1110 1245 primo
1129 1177 1315 1233 observantia
1335 1174 1494 1231 constituta
1516 1179 1579 1242 est;
1603 1170 1676 1244 quia
1696 1166 1846 1240 significat

133 1281 211 1319 unum
225 1262 409 1335 prudentie,
426 1259 723 1333 aliudtemperantiae,
753 1259 874 1317 tertium
899 1260 958 1317 lor·
1014 1278 1120 1318 nomcn
1134 1264 1189 1320 hoc
1207 1266 1367 1337 quemdam
1389 1267 1471 1319 terra
1492 1262 1616 1317 hiatum.
1644 1257 1728 1315 Sicut
1753 1254 1845 1327 igitur

129 1351 262 1422 titudinis,
286 1356 436 1425 quartum
461 1350 583 1421 justitia
602 1349 704 1421 (Plato,
725 1348 778 1405 lib.
800 1348 956 1415 111111111-
1012 1352 1122 1405 terram
1138 1356 1168 1407 et
1182 1368 1375 1425 quecumque
1389 1350 1433 1406 vol
1449 1353 1645 1423 purgamenta
1658 1344 1703 1401 vol
1724 1341 1845 1401 frondes

120 1442 213 1518 pnl.)?
229 1442 303 1508 Quas
321 1440 418 1497 etiam
440 1438 586 1511 sapientes
612 1437 699 1493 istius
721 1436 822 1493 mnndi
846 1452 881 1493 ex
905 1454 958 1493 no·
1012 1438 1044 1493 in
1055 1455 1089 1493 ea
1103 1441 1285 1507 sunt,hiatus
1301 1440 1437 1494 absorbot
1449 1440 1505 1510 (19)
1518 1457 1524 1494 :
1536 1439 1577 1493 ita
1591 1435 1714 1493 castitas
1741 1447 1846 1489 omnes

118 1533 179 1589 stris
221 1532 406 1602 assumpta,
438 1527 468 1584 iu
503 1544 626 1584 suornm
663 1525 771 1598 scripta
811 1524 956 1581 librorum
1012 1527 1144 1598 corporis
1166 1529 1319 1601 passiones
1343 1527 1457 1584 abolere
1485 1526 1646 1583 consuerit.
1681 1522 1848 1593 Meritoque

114 1620 349 1679 transtulerunt.
379 1618 481 1689 Itaque
516 1617 593 1671 sicut
624 1614 689 1670 sons
726 1613 885 1686 sapientie,
915 1614 957 1669 ita
1011 1613 1052 1667 ibi
1069 1616 1198 1685 primum
1213 1616 1403 1672 observantia
1417 1615 1600 1681 constitutio,
1628 1613 1700 1687 qaia
1725 1626 1783 1684 per
1805 1609 1847 1667 le·

110 1709 312 1767 tluminaista
331 1702 955 1781 quatuorquaedamexilloiontamaaan·
1011 1718 1078 1770 gem
1107 1705 1284 1760 absorbetur
1318 1704 1433 1760 carnale
1466 1708 1629 1776 peecatum.
1669 1702 1751 1757 Bene
1778 1714 1848 1774 ergo

113 1800 149 1856 tia
162 1802 234 1855 suat
251 1794 546 1853 lluentavirtutum.
1010 1792 1102 1855 Gcon,
1118 1791 1149 1847 in
1165 1808 1224 1864 quo
1241 1790 1335 1862 ligura
1350 1797 1394 1849 est
1421 1792 1574 1860 castitatis,
1600 1788 1762 1847 circumire
1789 1792 1848 1845 ter·

147 1888 187 1945 15.
201 1884 325 1943 Phison
339 1882 436 1956 igitur
460 1880 616 1955 prudentia
639 1884 692 1947 est,
721 1883 750 1935 et
774 1878 838 1935 ideo
866 1877 957 1934 hahet
1011 1893 1075 1931 ram
1084 1878 1848 1952 AEtbiopicamdicitur,utabluatcorpusabjectnm,

119 1980 222 2035 bonum
238 1988 371 2038 aurum,
387 1969 563 2044 spendidum
584 1966 808 2033 carbunculum,
837 1970 865 2022 et
893 1982 957 2038 pra·
1010 1969 1039 2019 et
1054 1966 1674 2041 carnisvilissimaerestinguatinccndinm.
1695 1965 1849 2040 AEthiopia

124 2068 215 2125 sinum
237 2062 393 2137 lapidem.
420 2066 531 2115 Aurum
556 2058 635 2114 euim
661 2073 712 2129 pro
735 2054 861 2111 inventis
886 2072 954 2127 pru·
1009 2052 1678 2130 enimabjectaetvilisbatinainterpretatione
1694 2056 1845 2130 signatur.

123 2154 258 2212 dentibus
274 2150 454 2223 frequentor
468 2146 641 2219 accipimus.
653 2144 734 2201 Unda
759 2148 788 2199 et
813 2142 955 2200 Dominus
1010 2140 1085 2206 Quid
1098 2149 1204 2199 autom
1220 2143 1364 2216 abjectius
1380 2150 1477 2203 nostra
1504 2151 1649 2221 corporet
1671 2146 1752 2212 Quid
1785 2151 1847 2205 tam

128 2240 368 2317 perprophetam
392 2236 454 2292 ait:
476 2236 542 2292 Dedi
566 2235 615 2292 itti
633 2250 732 2289 <mrem
760 2239 786 2287 et
813 2240 955 2299 arpennum
1008 2228 1171 2302 AEthiopiae
1186 2230 1290 2301 simile,
1306 2236 1387 2309 quod
1406 2235 1492 2292 etiem
1507 2236 1624 2310 nigrum
1651 2240 1698 2295 est
1723 2237 1847 2311 quibus·

127 2328 215 2402 (Oscae
236 2344 268 2396 u,
293 2326 335 2397 8).
361 2324 400 2380 Et
423 2321 513 2379 David
528 2322 564 2379 de
588 2320 781 2393 prudentibus
810 2318 896 2374 dicit:
926 2319 957 2375 Si
1009 2316 1078 2373 dam
1095 2320 1232 2379 tenebris
1242 2326 1452 2397 pcccatorum?

127 2418 273 2475 damnus
315 2418 393 2471 inter
420 2412 521 2468 medios
563 2411 659 2477 eteros,
693 2425 788 2481 penna
826 2407 957 2465 colomba
1044 2406 1088 2462 17.
1105 2408 1231 2469 Tertius
1245 2418 1290 2470 est
1303 2414 1413 2471 ssavins
1424 2414 1529 2489 Tigris,
1557 2417 1608 2488 qui
1636 2416 1719 2474 vadit
1742 2422 1846 2479 contre

127 2506 326 2577 scarponense,
342 2505 370 2557 et
380 2500 533 2572 pressiora
547 2498 623 2554 dorsi
645 2498 703 2567 ejus
725 2498 755 2552 ia
779 2496 868 2567 specie
895 2498 958 2551 auri
1011 2495 1166 2567 Assyrios,
1182 2502 1217 2557 ad
1244 2520 1334 2575 quem
1364 2504 1565 2576 prevaricator
1591 2506 1680 2563 lsrael
1710 2510 1846 2583 captivus

127 2594 216 2662 (Psoi.
257 2607 345 2659 aava,
380 2588 445 2659 11)1
471 2603 504 2643 eo
525 2585 603 2659 quad
628 2584 721 2640 Veteri
742 2588 769 2640 et
799 2588 876 2639 Novo
909 2584 959 2655 qui
1011 2583 1845 2672 estductus.Hiclluviusdiciturvelocioreseeomnibue,

128 2680 281 2737 inhaeserit
300 2679 499 2744 Testamenta,
520 2676 549 2729 in
579 2674 644 2745 ipsa
672 2676 783 2729 secreta
811 2672 959 2745 sapientia
1014 2690 1102 2745 quem
1117 2674 1254 2736 incolunt
1267 2682 1392 2754 Assyrii,
1409 2682 1666 2757 hoeestdr'n'pcntes
1678 2686 1754 2755 ;hoc
1766 2690 1846 2749 enim

127 2772 178 2829 Dei
194 2764 409 2841 disputationis
435 2764 529 2837 possit
553 2762 691 2818 abertate
714 2762 877 2834 procedere.
902 2760 961 2817 llnc
1014 2762 1164 2833 siguificat
1178 2767 1390 2842 interpretatio.
1407 2772 1481 2844 Ergo
1496 2773 1662 2848 quicunque
1674 2777 1848 2839 tortitudine

130 2859 329 2933 srgobonum
347 2869 452 2911 aurum
470 2852 549 2920 dicit,
574 2867 632 2907 non
649 2849 722 2905 illud
740 2848 883 2905 monetale
905 2850 960 2921 (17)
1014 2850 1105 2906 animi
1136 2858 1358 2927 praevaricantia
1388 2861 1520 2933 corporis
1558 2865 1629 2921 vitia
1656 2868 1846 2941 captivaverit

127 2948 208 3021 quod
232 2940 427 3015 corruptibile
456 2956 489 2997 ac
513 2944 662 2996 terrenum
685 2942 739 2995 est.
765 2938 858 2993 Habet
874 2938 961 2993 etiam
1014 2939 1146 3012 dirigens
1162 2945 1198 2999 ad
1214 2962 1352 3018 superas,
1371 2949 1426 3005 iste
1456 2949 1547 3020 hujus
1574 2954 1708 3013 flaminis
1739 2960 1845 3019 similis

130 3036 337 3111 splendidum,
362 3029 469 3102 inquit,
491 3026 715 3091 carbunculum,
747 3026 818 3083 lb!
852 3026 881 3081 in
904 3043 961 3099 quo
1015 3027 1186 3086 aestimatur.
1203 3033 1239 3088 Et
1254 3034 1418 3091 ideoetiam
1434 3038 1576 3097 tortitudo
1595 3044 1631 3100 de
1645 3044 1697 3103 illo
1722 3049 1775 3121 qui
1798 3056 1843 3109 ost

129 3124 254 3199 quidam
278 3120 386 3177 anime
413 3122 520 3173 nostra
541 3115 613 3173 vivit
636 3115 793 3187 igniculus.
819 3114 910 3171 Habet
933 3121 962 3172 et
1015 3116 1045 3171 in
1056 3118 1202 3188 paradiso,
1215 3121 1429 3179 lonteemanat.
1446 3126 1703 3191 l'ortitudoantem
1713 3142 1844 3209 quodam

128 3212 287 3287 prasinum
312 3206 453 3280 lapidem,
470 3206 520 3279 qui
537 3204 779 3275 viridequindam
791 3207 879 3275 atque
890 3204 959 3261 vita·
974 3194 995 3261 C
1014 3220 1102 3260 cursu
1117 3206 1219 3278 rapido
1234 3208 1403 3265 resistentia
1416 3229 1540 3286 quaque
1551 3222 1780 3295 transverberat,
1790 3246 1843 3287 aso

127 3303 154 3359 le
170 3299 279 3357 colons
294 3296 341 3355 sui
358 3293 454 3369 specie
470 3297 619 3351 ostentare
629 3291 750 3348 videtur.
767 3292 869 3347 Virent
880 3292 957 3348 enim
1013 3290 1636 3368 aliquibuscursusejusimpedimentorum
1648 3308 1843 3373 haretobsta-

127 3390 252 3447 arbusta
266 3402 332 3459 quae
355 3383 466 3452 vivunt,
491 3384 630 3438 arescunt
658 3384 758 3437 contra
779 3396 958 3453 quacunque
1013 3379 1096 3437 culis.

127 3477 316 3535 moriuntur:
332 3472 405 3528 viret
419 3476 496 3527 tarra
510 3472 583 3526 dum
599 3470 691 3537 lieret,
701 3470 794 3526 virent
804 3472 832 3526 et
846 3469 959 3527 semina
1049 3470 1092 3524 18.
1108 3471 1234 3534 Quartus
1249 3477 1293 3527 est
1308 3472 1416 3530 tluvirrs
1432 3478 1608 3554 Euphrates,
1622 3486 1672 3559 qui
1684 3489 1787 3549 Latine
1797 3493 1838 3549 le·

128 3568 203 3623 dum
248 3564 455 3638 prorumpunt.
482 3560 517 3615 Et
541 3560 616 3615 bane
645 3560 740 3631 primo
759 3558 821 3615 loco
842 3557 957 3615 hiclla-
1012 3557 1611 3629 canditasatqueabundantiasructuum
1638 3584 1838 3652 nuncapatur,

129 3653 328 3725 viuspositus
351 3652 396 3706 est
415 3648 537 3715 Phison,
565 3646 616 3719 qui
635 3648 796 3703 secuudum
823 3646 957 3704 Hebraea
1012 3646 1167 3718 praeterens
1183 3646 1330 3718 quoddam
1347 3648 1607 3729 insigneJ'ustitiae,
1625 3679 1690 3735 qua
1719 3684 1838 3725 omnem

128 3742 240 3798 Phison
268 3739 377 3795 dicilar
395 3738 462 3809 (18),
490 3736 547 3792 hoc
567 3739 611 3791 est
634 3738 690 3793 oris
719 3737 856 3803 mutulie;
888 3736 957 3807 quia
1011 3735 1105 3806 pascit
1121 3734 1260 3790 animam.
1280 3735 1367 3792 Nulla
1395 3741 1475 3797 enim
1501 3746 1732 3811 abundantiores
1759 3757 1838 3815 152

130 3846 188 3887 non
208 3844 298 3885 naam
314 3830 430 3900 gentem
446 3822 635 3895 circumfluit,
652 3825 702 3881 sed
717 3826 803 3881 etiam
826 3840 878 3895 per
903 3824 956 3897 Ly·
1008 3822 1124 3879 videtur
1139 3823 1252 3880 fructus
1267 3822 1374 3881 hahere
1388 3828 1492 3897 virtus,
1510 3849 1600 3903 quam
1616 3839 1739 3910 aequitas
1750 3846 1838 3913 atque

129 3918 212 3974 diam
228 3915 303 3972 lluit.
320 3914 383 3971 Non
399 3914 478 3969 enirn
494 3916 622 3985 angusta
636 3914 780 3984 quadam,
797 3912 847 3969 sed
877 3912 956 3969 dives
1006 3911 1134 3983 justitia,
1150 3930 1213 3986 quae
1229 3913 1324 3987 magis
1339 3913 1406 3972 aliis
1419 3934 1513 3989 quam
1530 3923 1588 3979 sibi
1603 3926 1732 3997 prodest,
1748 3930 1840 3985 etuti·

129 4005 295 4062 utilitatum
315 4003 483 4077 ,prudentia
509 4005 565 4070 est,
592 4018 654 4073 qua
691 4000 825 4075 pluribus
853 4000 954 4074 prosit.
1009 3999 1841 4089 litatessuasnegligitcommnniaemolumentapraepo·

129 4096 201 4151 ldeo
217 4091 322 4167 prima,
338 4094 371 4146 ut
385 4091 410 4146 si
426 4089 492 4163 quis
509 4090 545 4145 de
564 4088 700 4162 paradiso
713 4089 798 4146 suerit
808 4105 954 4163 egressus,
1010 4106 1094 4146 nens.
1137 4089 1269 4163 Plerique
1310 4092 1489 4164 Euphratem
1536 4107 1586 4158 ἀπὸ
1621 4113 1665 4159 τοῦ
1701 4113 1829 4177 eappan..

130 4182 214 4238 velut
237 4180 385 4253 quoddam
402 4176 956 4251 eumprudentiaeflumenexcipiat,na
1010 4178 1393 4252 scordictumputant,hoc
1414 4191 1460 4242 est
1489 4204 1506 4243 a
1533 4187 1670 4261 laetando,
1696 4208 1730 4249 eo
1759 4195 1838 4265 quod

131 4270 193 4325 cito
210 4268 303 4342 possit
317 4282 464 4324 arescere:
480 4266 531 4322 sed
547 4282 599 4338 per
623 4266 698 4323 banc
721 4267 756 4323 ad
786 4265 955 4339 paradisum
1010 4266 1165 4324 hominum
1181 4284 1275 4341 genus
1286 4268 1568 4347 nullomagisqnam
1579 4280 1697 4350 justitia
1711 4284 1840 4355 elaqui.

130 4356 220 4414 facile
234 4360 404 4413 revertatur.
422 4354 472 4410 llic
492 4355 599 4410 fluvius
623 4372 640 4411 a
665 4354 765 4411 multis
788 4355 956 4413 hominihus
1010 4360 1071 4413 tate
1085 4356 1207 4413 latetur.
1223 4359 1348 4415 Causam
1360 4366 1457 4419 autem
1471 4381 1525 4420 cur
1539 4369 1636 4423 ceteri
1664 4386 1725 4441 qua
1751 4388 1836 4429 oom-

130 4448 346 4518 lrequeatatar,
377 4442 686 4516 pulchritudinemque
722 4448 751 4500 at
779 4442 955 4503 fertilitatem
1011 4446 1204 4503 meantlluvii
1220 4447 1438 4522 describuntur,
1462 4454 1594 4527 regiones
1616 4457 1748 4516 locorum
1778 4478 1838 4534 qua

131 4534 295 4590 maximam
318 4533 428 4589 habere
451 4531 630 4605 perhibetur.
649 4533 683 4587 Et
708 4532 773 4589 ideo
803 4533 958 4605 prudentia
973 4562 995 4627 D
1011 4534 1175 4607 Euphrates
1189 4541 1336 4593 commeat
1350 4554 1408 4594 aon
1426 4541 1638 4614 describantur,
1654 4546 1735 4605 illam
1753 4566 1836 4609 acce-

131 4622 163 4677 ia
187 4621 284 4693 specie
311 4620 401 4694 hique
424 4620 575 4694 accipitur,
600 4637 663 4693 que
685 4620 828 4692 plurimos
844 4620 956 4679 tractus
1011 4622 1204 4696 pimus,quia
1221 4642 1298 4697 aqua
1326 4628 1391 4698 ejus
1419 4630 1514 4688 vitalis
1536 4637 1687 4707 asseritur,
1717 4643 1746 4695 et
1771 4658 1836 4713 qua

131 4708 235 4767 attulit
244 4708 274 4765 ia
286 4708 402 4766 Domini
418 4709 554 4766 adventu.
571 4712 664 4781 Atque
679 4708 708 4764 ia
724 4714 853 4766 extrema
864 4714 957 4767 terra·
1011 4710 1203 4785 funestatque
1217 4720 1332 4787 augeat.
1349 4715 1431 4775 Unde
1443 4736 1511 4777 eum
1520 4726 1622 4779 auxen
1637 4726 1693 4800 (20)
1703 4726 1836 4785 Hebrae-

130 4798 292 4865 rumlluit,
320 4799 389 4871 quia
412 4815 464 4872 per
486 4798 666 4871 Sapientiam
695 4814 797 4855 omnes
824 4798 957 4857 homines
1012 4804 1122 4856 mmet
1139 4802 1326 4874 Assyriorum
1359 4808 1520 4879 prudentes
1549 4812 1704 4871 dixerunt:
1734 4820 1836 4873 contra

130 4892 208 4944 sunt
236 4886 386 4960 redempti.
412 4884 493 4943 Unda
511 4890 540 4942 et
564 4886 676 4942 dictum
706 4890 766 4942 est:
796 4888 828 4943 ln
851 4905 958 4946 omnem
1012 4892 1111 4951 autem
1127 4890 1218 4945 fertur
1233 4907 1298 4949 esse
1314 4910 1390 4966 aqua
1405 4895 1529 4955 aliorum
1544 4900 1711 4958 fluminum,
1724 4902 1836 4961 Deinde

169 5004 229 5074 (17)
245 5001 292 5059 Sic
306 5002 360 5057 Era
378 5002 448 5057 edit.
466 5017 532 5057 cum
547 5014 608 5072 seq.
622 5004 652 5056 et
677 5000 779 5071 paucis
796 5018 869 5058 mss.
890 5005 955 5061 Am.
1012 5006 1040 5059 ct
1055 5004 1085 5058 in
1100 5003 1189 5059 editis
1205 5022 1313 5079 magna
1328 5009 1493 5095 diversitas,
1513 5015 1563 5070 scd
1579 5030 1642 5085 que
1657 5015 1693 5070 ad
1713 5031 1834 5075 sensum

130 5080 236 5131 autem
253 5078 366 5129 etmss.
392 5076 456 5128 octo
479 5088 579 5127 aarum
600 5070 700 5128 diceret
722 5074 874 5141 monetste;
903 5076 957 5130 lle-
1012 5091 1070 5130 non
1085 5076 1238 5147 pertineat,
1254 5095 1322 5134 cum
1338 5080 1367 5135 in
1382 5098 1415 5136 eo
1432 5088 1527 5154 posita
1548 5084 1588 5140 sit
1602 5090 1635 5139 ut
1657 5089 1742 5152 tenu,
1771 5106 1835 5161 pro,

129 5144 294 5213 mensis...
330 5160 385 5199 non
417 5144 557 5199 monetote.
598 5142 674 5209 Div.,
703 5159 804 5199 aarum
832 5145 957 5201 decorem
1010 5148 1252 5216 transmeantes,
1269 5154 1468 5222 profanantes,
1491 5156 1576 5222 biota,
1595 5157 1652 5227 'pro
1676 5157 1779 5229 tristes,
1807 5165 1837 5219 ot
1889 5171 1895 5179 ·

127 5217 280 5275 mm·
1011 5217 1069 5273 alia
1104 5218 1216 5278 uadem
1233 5218 1404 5292 hujusmodi
1420 5224 1592 5280 habeantur.

168 5289 230 5360 (18)
246 5286 315 5343 uss.
332 5283 453 5356 aliquot,
467 5284 623 5355 pariturast
643 5285 841 5357 linumque...
871 5288 955 5341 Fron·
1047 5234 1415 5361 (11))111ω11.11111111
1445 5301 1501 5349 vet.
1532 5296 1600 5351 adit.
1627 5312 1734 5371 magno
1764 5317 1833 5358 con-

126 5356 363 5415 sauciarentur
395 5360 548 5426 ostpauca
563 5354 645 5410 Rom.
669 5354 750 5421 edit,
779 5358 956 5429 circumfluit,
1011 5375 1111 5415 sensu.
1140 5363 1176 5415 At
1204 5362 1286 5417 llom.
1316 5363 1398 5431 edit,
1428 5366 1497 5422 tude
1523 5368 1624 5423 Perutlr
1651 5386 1723 5426 erem.
1753 5372 1831 5429 diae.

125 5430 178 5488 sed
192 5430 352 5485 uniuersam
364 5372 420 5497 [gre
434 5424 549 5482 indiam.
565 5424 627 5479 Vct.
644 5442 745 5508 omnes
760 5431 792 5481 ut
810 5427 840 5481 iu
865 5431 955 5509 textu.
1011 5431 1222 5504 runt‚quodcst
1236 5442 1317 5503 αῡξιιν
1339 5434 1489 5503 Graeaubi
1519 5455 1619 5495 vocem
1648 5440 1833 5512 Hebraicam,

127 5502 187 5559 llis
200 5500 290 5556 etiam
306 5498 448 5553 accedunt
462 5514 545 5563 mss,
561 5502 686 5569 exceptis
703 5498 828 5567 duobus,
845 5498 956 5554 11111111-
1011 5518 1075 5573 qua
1087 5504 1249 5560 scribarum
1264 5504 1380 5563 incuria
1393 5508 1509 5567 videtur
1524 5509 1572 5569 hic
1592 5510 1685 5573 luisse
1712 5517 1833 5591 omissa,

126 5574 225 5633 betur
237 5586 288 5644 per
303 5570 411 5626 tisiam
425 5570 496 5638 potr.
1011 5575 1164 5635 restituere
1177 5576 1281 5632 conata
1297 5577 1351 5633 est.

167 5642 231 5721 (19)
248 5642 292 5701 lta
305 5656 377 5697 mss.
395 5638 520 5695 melioris
535 5642 619 5697 note.
636 5636 668 5695 la
697 5636 763 5697 aliis
790 5656 856 5701 vero
880 5638 956 5705 sicut

298 5768 427 5837 Panna.
450 5764 530 5835 xlv.
1067 5725 1074 5734 ’
1639 5782 1681 5871 pp
