4159 6184
161 288 244 364 arat
716 288 947 364 casanaula
969 298 1010 363 ιιι
1031 264 1224 366 istrum
1246 291 1335 364 xcv.
1800 296 1877 368 tiso

159 450 197 492 ne
212 430 263 489 cui
283 427 372 487 facile
398 440 463 503 qus
490 422 632 498 viderant,
660 430 873 488 annuntiarent
896 450 931 490 ne
956 432 998 489 of·
1013 432 1040 501 A
1056 437 1085 489 et
1101 434 1273 502 liberalite,
1289 433 1420 490 exaudivi
1439 439 1466 491 te
1479 435 1508 490 in
1525 433 1698 495 abscondito
1718 441 1876 512 tempesta·

159 520 350 580 tendiculum
367 517 528 591 quisquam
543 515 654 574 subiret
677 516 834 589 infirmior,
862 522 913 594 qui
937 522 998 577 vim
1054 523 1104 590 tis,
1121 523 1241 596 probavi
1257 526 1285 579 te
1299 524 1328 578 in
1344 541 1421 597 aqua
1435 525 1674 582 contradictionis
1689 527 1777 599 (Prot.
1793 542 1875 594 ama,

156 612 423 671 sacramentorum
448 606 603 663 fluctuanti
634 606 754 680 ingenio
779 606 900 666 haurire
939 625 999 666 non
1053 611 1081 683 8)
1110 612 1470 683 »Estenimquaedamin
1495 613 1735 671 tribulationibus
1764 615 1880 670 interna

156 704 271 777 posset.
288 696 425 770 Denique
440 695 506 765 ipse
519 695 623 752 Petrus
647 695 798 753 nesciebat
824 698 896 770 quid
919 699 998 755 dice·
1054 704 1205 772 pectorum
1222 718 1303 755 servre
1318 704 1487 773 tempestas,
1503 704 1620 775 qnando
1637 708 1707 759 sunt
1722 703 1794 760 foris
1809 715 1881 774 pug-

156 795 211 861 ret,
234 788 308 864 quia
336 785 395 842 tria
424 783 619 841 tabernacula
647 785 782 853 Domino,
812 792 842 842 et
871 786 999 844 servulis
1055 788 1882 863 nra,intustimores.Estaquacoutradlctionis‚quando

156 881 292 939 crederet
320 891 385 933 esse
414 872 564 929 facienda.
593 872 703 930 Deinde
726 872 870 947 fulgorem
898 876 998 949 glories
1053 876 1276 950 velutquodam
1306 878 1484 934 amarissimi
1500 878 1571 935 salis
1586 884 1657 937 aestu
1673 875 1882 950 fluctuamus)

156 967 274 1027 Domini
289 961 542 1037 transfigurantis
556 977 588 1018 se
616 961 763 1021 sustinere
793 980 853 1020 non
882 964 997 1038 potuit:
1054 970 1162 1022 nostres
1180 966 1381 1040 cogitationes,
1399 984 1450 1023 nec
1463 966 1523 1023 ulle
1533 967 1563 1023 in
1578 970 1725 1041 profundo
1736 966 1885 1025 mentium

157 1056 252 1115 sedin
268 1058 376 1112 terrem
393 1050 520 1120 cecidit,
549 1050 715 1107 cecideruut
740 1054 769 1107 et
794 1050 848 1108 frlii
876 1054 998 1110 tonitrui
1054 1054 1235 1112 definitionis
1246 1055 1403 1113 stabilitate
1414 1056 1609 1130 placidantur.
1625 1060 1707 1115 Tunc
1722 1060 1885 1131 tempestas

155 1144 285 1203 lacobus
299 1147 328 1200 et
338 1141 489 1208 ioannes,
505 1142 535 1196 et
549 1140 643 1197 nubes
658 1139 773 1212 operuit
786 1158 845 1213 eos,
873 1160 926 1200 nec
950 1160 1000 1216 po·
1054 1143 1085 1199 in
1100 1145 1283 1212 abscondito,
1299 1148 1369 1201 tunc
1385 1163 1461 1217 aqua
1477 1146 1727 1216 contradictionis,
1745 1164 1810 1219 qua
1822 1145 1886 1202 solo

157 1236 280 1290 tuerunt
294 1245 418 1305 surgere
434 1226 498 1285 nisi
513 1232 617 1301 postea
633 1245 722 1301 quam
737 1228 825 1287 Jesus
855 1231 945 1300 venit,
971 1235 1000 1287 et
1054 1237 1151 1305 potest
1165 1232 1273 1289 Christi
1289 1250 1423 1291 sermone
1439 1234 1545 1303 sedari,
1572 1253 1629 1307 quo
1653 1240 1777 1307 peccata
1801 1233 1887 1291 nobis

158 1316 482 1395 tetigiteos,etjusslt
512 1319 545 1373 ut
571 1320 736 1390 surgerent,
754 1321 782 1375 et
811 1317 999 1376 formidinem
1055 1321 1817 1396 nostradlmittit,secundusquodipsedignatus
1843 1327 1889 1379 est

158 1413 391 1484 sequestrarent.
409 1405 597 1463 introierunt
610 1422 679 1480 ergo
693 1406 723 1463 in
739 1408 861 1477 nubem,
888 1412 920 1465 ut
948 1409 998 1465 ab·
1055 1408 1163 1479 dicere,
1178 1434 1192 1458 «
1207 1409 1271 1466 Jam
1286 1428 1336 1467 vos
1355 1410 1457 1466 mundi
1473 1410 1546 1468 estis
1561 1416 1680 1485 propter
1704 1429 1888 1483 sermonem,

160 1498 224 1556 dita
239 1500 268 1555 et
283 1493 397 1554 occulta
419 1498 645 1567 cognoscerent,
672 1498 760 1569 atque
775 1494 815 1551 ibi
843 1495 1001 1553 audierunt
1055 1513 1144 1568 quem
1160 1496 1275 1554 locutus
1288 1516 1354 1554 sum
1369 1500 1452 1555 vobis
1468 1500 1562 1571 (loun.
1577 1518 1623 1556 xv.
1642 1502 1679 1570 3).
1697 1524 1713 1551 »
1742 1501 1888 1573 Loquere,

160 1603 263 1645 vocem
278 1580 487 1641 Deidicentis:
509 1604 524 1635 a
549 1582 601 1640 llic
630 1586 676 1640 est
700 1583 792 1641 filius
821 1575 906 1641 m'eus
928 1584 999 1641 dile·
1055 1584 1509 1654 DomineJesu,verbumtuum
1526 1590 1742 1660 medicinaest,
1764 1591 1889 1651 verbum

162 1680 239 1744 ctus,
254 1673 285 1732 in
301 1688 358 1746 quo
374 1668 449 1727 mihi
464 1668 632 1745 complacui
648 1690 654 1729 :
673 1672 772 1745 ipsum
798 1672 897 1729 audite
919 1673 999 1745 (ibid.
1055 1675 1142 1728 tuum
1157 1672 1257 1730 lumen
1272 1680 1326 1744 est,
1338 1676 1458 1731 verbum
1476 1682 1559 1732 tuum
1576 1682 1681 1733 nostra
1712 1678 1890 1737 colluvionis

162 1765 201 1831 5).
215 1786 231 1816 n
248 1759 324 1829 Quid
340 1762 393 1817 est.
408 1780 423 1809 α
448 1756 502 1814 Hic
532 1763 577 1815 est
606 1758 702 1817 Pilius
732 1777 816 1817 meus
847 1760 1002 1818 dilectus?
1057 1760 1375 1831 ablutioest‚verbum
1394 1769 1476 1820 tuum
1495 1764 1628 1821 fonacst.
1646 1766 1892 1840 Tuloqueris,et

164 1847 370 1922 liecest,noli
394 1863 503 1916 errare,
535 1846 649 1918 Simon,
683 1852 717 1905 ut
745 1848 869 1907 servulis
893 1849 1000 1908 Filium
1057 1848 1284 1923 culpalavatur.

166 1936 434 1999 Deiconferendum
455 1938 555 2008 putes.
572 1956 587 1988 r
602 1936 657 1993 Hic
673 1942 720 1995 est
743 1937 849 1994 Filium
873 1954 968 2007 meus,
987 1963 1001 1990 »

168 2046 228 2089 nou
241 2028 356 2100 Moyses
371 2024 545 2103 filius,non
566 2024 644 2082 Elias
670 2025 774 2097 Filius,
791 2027 927 2100 quemvis
956 2028 1001 2084 al·
1093 2028 1120 2083 l.
1137 2027 1170 2082 m
1183 2028 1253 2099 quie
1266 2029 1302 2084 de
1316 2029 1486 2085 abscondito
1500 2031 1695 2103 tempestatis,
1713 2038 1744 2089 et
1760 2033 1797 2091 de
1813 2050 1893 2107 aqua

168 2113 475 2191 teraperaeritmare,
493 2111 567 2168 alter
582 2112 725 2171 clauserit
739 2114 856 2171 coelum.
869 2117 900 2171 ln
915 2116 1002 2173 verbo
1057 2116 1297 2172 contradictionis
1325 2118 1433 2173 ductus
1457 2124 1502 2174 est
1529 2136 1638 2185 sermo,
1664 2120 1770 2178 omnia
1804 2122 1892 2179 nobis

170 2206 250 2265 enim
264 2202 381 2261 Domini
397 2206 522 2273 uterque
539 2205 678 2259 naturam
694 2203 763 2259 vicit
773 2204 920 2270 elementi,
950 2205 1001 2261 sed
1057 2204 1166 2259 factum
1184 2208 1228 2260 est
1240 2204 1292 2261 Dei
1301 2204 1439 2261 Verbum.
1456 2206 1528 2262 Caro
1543 2206 1654 2263 factum
1668 2212 1726 2277 est,
1761 2213 1796 2267 ut
1823 2226 1889 2267 ear·

172 2295 216 2353 illi
230 2290 428 2351 ministerium
444 2290 648 2366 prebuerant,
663 2290 713 2349 hic
725 2296 771 2351 est
793 2294 843 2366 qui
865 2292 1004 2351 solidavit
1058 2309 1125 2349 nem
1141 2298 1289 2362 servaret;
1306 2310 1384 2366 aqua
1399 2294 1508 2351 facturn
1528 2298 1584 2363 est,
1612 2300 1645 2353 ut
1676 2314 1791 2370 aquam
1815 2316 1889 2356 con·

173 2399 279 2457 aquas,
294 2380 400 2439 coslum
413 2380 544 2454 siccitate
555 2378 671 2451 clausit,
701 2384 730 2439 et
753 2383 870 2454 quande
898 2382 1002 2450 voluit,
1056 2380 1241 2438 tradictionis
1251 2398 1306 2439 sue
1315 2384 1410 2456 gratia
1419 2387 1605 2457 temperaret,
1617 2388 1645 2441 et
1656 2387 1890 2445 amaritudinem

174 2474 206 2529 in
222 2471 334 2529 imbres
346 2468 473 2527 resolvit.
489 2467 547 2524 Ubi
562 2468 767 2527 testimonium
781 2470 1003 2529 resurrectionis
1057 2470 1219 2544 impietatis
1232 2473 1370 2528 auferret.
1387 2472 1512 2544 Ideoque
1527 2473 1671 2547 scripturn
1697 2481 1758 2549 est,
1777 2499 1788 2530 r
1805 2480 1891 2550 Aqua

176 2558 344 2628 asciscitur,
367 2556 567 2631 astipulantur
603 2556 769 2615 ministeria
805 2557 1002 2630 servulorum,
1057 2558 1117 2614 alta
1144 2558 1267 2614 verbum
1297 2560 1327 2614 iu
1342 2561 1429 2616 corde
1443 2560 1497 2615 viri
1524 2561 1615 2633 (Pron.
1646 2580 1694 2631 xx,
1712 2565 1753 2635 5).
1772 2587 1786 2616 n
1811 2564 1890 2622 alibi

178 2649 229 2707 ubi
240 2647 336 2723 gloria
348 2646 463 2704 Domini
478 2647 660 2721 resurgentis
675 2648 849 2718 ostenditur,
879 2649 1002 2706 servulis
1056 2647 1180 2714 omium,
1196 2646 1264 2703 alibi
1281 2647 1388 2704 iterum
1416 2650 1584 2712 consitium:
1600 2649 1640 2705 ibi
1669 2650 1753 2707 enim
1777 2653 1889 2709 bonum

177 2738 318 2811 splendor
346 2734 546 2793 absconditur.
570 2734 702 2809 Namque
733 2736 813 2810 ipsos
850 2736 1002 2795 stellarum
1058 2734 1225 2804 eonsilium,
1242 2736 1293 2793 ubl
1307 2737 1418 2792 bonum
1434 2742 1479 2793 est
1494 2738 1543 2794 Dei
1558 2739 1692 2795 verbum.
1710 2739 1746 2795 lit
1756 2740 1822 2797 ideo
1835 2740 1890 2797 tibi

177 2824 616 2901 globossolcxortusobduclt,
633 2825 1004 2884 etomniaeerumlumine
1056 2823 1231 2880 lexdieit:«
1249 2825 1635 2893 attendetibi,nef1attibi
1666 2829 1792 2885 verbum
1821 2846 1887 2887 ma·

179 2916 331 2972 mundano
348 2914 404 2971 sub
420 2913 480 2971 sole
493 2918 663 2971 vanescunt.
681 2915 832 2980 Quomodo
852 2932 919 2989 ergo
946 2916 1003 2973 sub
1058 2912 1120 2968 lum
1136 2912 1164 2968 in
1182 2914 1332 2971 cordetuo
1348 2914 1438 2987 (Dent.
1467 2932 1513 2971 xv.
1529 2916 1567 2987 9),
1585 2939 1598 2967 »
1625 2921 1654 2972 et
1682 2915 1756 2973 dicit
1783 2918 1883 2992 lesus,

181 3009 288 3061 aeterno
304 3002 365 3061 sole
377 3001 512 3076 justitia,
528 3007 615 3076 atque
630 3002 680 3060 illo
695 3003 808 3078 fulgore
836 3004 935 3061 divino
963 3005 1003 3062 vl·
1058 3025 1073 3054 a
1087 3002 1161 3067 Quid
1176 3003 1312 3077 cogitatis
1325 3002 1405 3060 maia
1426 3004 1454 3059 in
1471 3005 1610 3062 cordibus
1634 3006 1740 3063 vostris
1770 3006 1882 3078 (natta.

180 3092 242 3151 deri
257 3094 391 3165 poterent
404 3091 494 3149 stella
510 3090 659 3149 ceruales?
674 3092 730 3150 Ubi
758 3109 826 3167 ergo
855 3097 926 3150 sunt
952 3092 1003 3151 ille
1058 3109 1097 3158 rx,
1113 3090 1163 3163 b)?
1178 3115 1191 3141 r
1207 3092 1288 3150 Misit
1302 3093 1381 3149 enlm
1390 3092 1606 3168 DeusVerbum
1618 3111 1718 3162 suum,
1729 3102 1887 3156 utsanaret

180 3180 304 3249 lumina,
320 3196 385 3253 quea
399 3179 505 3237 vestris
520 3178 690 3237 anteoculis
706 3181 834 3252 quodam
861 3180 1002 3239 miraculo
1018 3166 1040 3233 C
1059 3179 1219 3252 hominem,
1236 3200 1294 3240 non
1311 3188 1344 3239 ut
1358 3182 1501 3256 perderet.
1518 3186 1575 3241 lloc
1589 3186 1711 3241 verbum
1739 3187 1886 3245 medicina

182 3267 383 3343 refulgebant?
397 3268 535 3324 Tenebrae
551 3267 776 3336 suntuniversn,
788 3270 1005 3343 comparatione
1061 3273 1115 3338 est,
1132 3286 1190 3326 nou
1206 3288 1301 3344 poena.
1318 3270 1377 3328 Huc
1404 3272 1526 3328 verbum
1549 3273 1579 3329 in
1608 3274 1695 3330 corde
1723 3278 1784 3343 tuo,
1801 3280 1830 3332 et
1855 3276 1885 3332 in

181 3357 256 3415 lucis
284 3360 408 3414 eternas.
438 3354 495 3410 atii
520 3354 692 3412 ministeriis
718 3356 780 3412 suis
802 3356 860 3413 Deo
891 3356 1006 3429 placere
1060 3373 1110 3413 ore
1121 3356 1159 3413 sit
1173 3362 1233 3428 tuo,
1250 3360 1305 3416 hoc
1320 3359 1448 3415 Verbum
1463 3360 1561 3438 sitin
1590 3363 1726 3435 occulis,
1744 3363 1794 3419 ubi
1822 3364 1884 3420 dia·

182 3444 259 3503 m
275 3444 424 3511 festinent,
440 3443 487 3501 hic
503 3444 585 3502 solus
595 3447 641 3500 est
652 3460 754 3500 verum
768 3442 870 3501 lumen
884 3449 914 3502 et
923 3450 1005 3502 uter·
1061 3441 1334 3516 bolusinsidiatur;
1363 3449 1452 3504 intret
1478 3448 1617 3518 Verbum,
1641 3452 1725 3507 e‘neat
1751 3451 1884 3508 diabolus

183 3550 266 3603 num,
283 3533 313 3587 iu
326 3548 384 3608 quo
400 3532 485 3589 Pater
496 3530 668 3604 complacet,
684 3531 846 3606 velinque
867 3534 1005 3607 benepla-
1061 3529 1134 3586 Nam
1150 3533 1174 3588 si
1191 3534 1340 3607 irrepserit
1354 3536 1500 3605 diabolus,
1516 3538 1649 3596 Christus
1671 3540 1790 3608 recedit,
1811 3556 1884 3613 quo·

182 3620 275 3675 cltum
290 3622 335 3676 est
349 3619 432 3689 mibi,
448 3624 480 3676 ut
496 3637 595 3677 meum
611 3620 660 3686 sit,
685 3620 829 3695 quidquid
849 3620 895 3677 hic
926 3621 1004 3692 fecit,
1061 3619 1148 3675 modo
1162 3622 1284 3679 recessit
1297 3642 1314 3677 a
1328 3623 1406 3678 lude
1419 3628 1578 3695 postquam
1589 3644 1623 3683 sa
1637 3628 1773 3685 diabolus
1789 3629 1819 3685 in
1835 3646 1885 3687 cor

183 3709 212 3763 et
227 3705 370 3779 quidquid
387 3724 440 3781 ego
455 3708 520 3777 teci,
532 3708 597 3765 filii
612 3725 686 3782 opus
700 3710 838 3782 esseJ'ure
858 3711 1004 3768 eradatur.
1060 3710 1126 3782 ejus
1141 3710 1296 3769 immersit.
1312 3710 1347 3765 llt
1368 3714 1400 3765 tu
1416 3727 1485 3783 ergo
1499 3712 1556 3780 dic,
1573 3737 1587 3763 «
1603 3716 1646 3770 ab
1666 3717 1789 3773 occultis
1809 3720 1884 3775 meis

183 3795 284 3869 Ipsum
300 3796 398 3853 audite
413 3797 569 3868 dicantem,
582 3820 596 3850 a
612 3797 671 3871 ligo
687 3802 716 3854 et
739 3797 823 3855 Pater
847 3815 939 3855 unum
955 3818 1005 3857 sa·
1060 3806 1173 3862 munda
1192 3818 1249 3871 me,
1274 3798 1397 3857 Domine
1420 3801 1494 3855 Paul.
1511 3817 1590 3867 xvru,
1607 3802 1664 3874 13),
1681 3826 1696 3852 a
1725 3820 1762 3859 ne
1782 3806 1884 3861 diabo-

183 3885 398 3958 mus(fouu,x,
423 3885 480 3957 30).
497 3908 511 3937 »
539 3886 603 3944 Νοιι
631 3886 718 3955 dixit,
747 3886 806 3961 Ego
834 3892 863 3945 et
891 3888 1005 3961 Moyses
1059 3893 1106 3949 lus
1121 3892 1278 3949 insidietur
1292 3888 1321 3944 ln
1337 3886 1470 3956 occultis,
1488 3889 1564 3945 sicut
1578 3888 1624 3946 leo
1640 3890 1669 3945 iu
1699 3889 1788 3946 cubili
1817 3908 1884 3949 suo.

183 3988 275 4029 unum
291 3989 407 4031 sumus.
423 3973 487 4031 Non
497 3974 569 4032 dixit
579 3974 636 4031 sibi
651 3981 679 4031 et
693 3973 762 4033 Elias
777 3974 870 4033 ullum
900 3977 1004 4035 divina
1060 3982 1142 4048 Quod
1158 3982 1183 4039 si
1199 3978 1307 4038 Christi
1322 3974 1437 4034 occulta
1450 3976 1498 4049 pie
1512 3977 1696 4052 fideliterque
1711 3980 1883 4046 servaveris,

180 4060 279 4135 gloria
308 4078 373 4119 ease
401 4064 593 4121 consortium.
621 4064 696 4131 Quid
724 4064 781 4121 tria
813 4066 1005 4124 tabernacula
1060 4070 1220 4129 insidiandi
1236 4066 1353 4126 diabalo
1368 4066 1528 4123 locusasse
1543 4084 1601 4123 non
1617 4068 1733 4141 poterit.
1759 4068 1883 4141 Ideoque

181 4151 373 4224 preparatis?
383 4152 446 4209 Non
462 4152 492 4209 in
502 4153 588 4211 terris
598 4153 686 4212 habet
699 4154 755 4212 iste
768 4154 1002 4227 tabernaculum,
1060 4160 1088 4216 in
1105 4162 1219 4234 psalmo
1236 4174 1314 4215 nono
1328 4155 1416 4213 David
1432 4156 1468 4212 de
1482 4154 1605 4213 occultis
1621 4157 1751 4213 scribens
1767 4156 1883 4213 Domini

182 4239 231 4296 aed
258 4239 290 4296 in
309 4240 390 4297 emto.
420 4242 585 4298 audierunt
613 4242 748 4315 apostoli,
769 4248 798 4301 et
835 4244 1004 4303 ceciderunt
1059 4247 1262 4316 sacrementis,
1279 4247 1357 4318 quod
1372 4249 1418 4302 est
1433 4245 1583 4302 conversio
1612 4250 1808 4320 peccatorum,
1836 4262 1885 4303 vo-

182 4343 288 4400 pavore
302 4328 424 4385 turbati.
439 4329 525 4386 Venit
539 4329 693 4400 Dominus,
711 4335 740 4387 et
755 4330 860 4391 levavit
886 4350 947 4402 eos,
976 4341 1005 4392 et
1059 4337 1135 4394 catio
1163 4336 1307 4410 gentium,
1336 4333 1385 4390 Dei
1420 4351 1554 4409 regnum,
1585 4335 1756 4408 praeparatio
1775 4333 1882 4403 cordis,

177 4414 270 4487 jussit
285 4432 321 4474 ne
335 4417 381 4473 cui
398 4416 526 4475 dicerent
540 4419 618 4491 quod
637 4420 789 4477 vidissent.
1064 4426 1142 4484 ⁰28
1152 4423 1300 4497 judicium
1315 4439 1490 4495 pauperum,
1507 4423 1625 4479 relectio
1654 4424 1786 4496 inopum,
1816 4426 1884 4479 ante

216 4505 243 4561 3.
257 4504 330 4562 Huic
344 4520 412 4580 ergo
428 4510 480 4563 tua
494 4506 608 4564 occulta
622 4513 746 4580 servato,
766 4509 812 4564 cul
837 4510 929 4567 David
949 4529 1004 4569 sua
1018 4528 1042 4593 p
1058 4515 1094 4571 de
1104 4512 1227 4570 occultis
1242 4511 1368 4585 pectoris
1384 4510 1425 4567 tul
1441 4515 1529 4584 atque
1544 4511 1664 4569 secretis
1688 4512 1883 4569 exterminan-

182 4590 295 4649 occulte
320 4593 481 4651 mandabat
505 4593 710 4669 (8l)dicens,«
737 4596 781 4652 ab
797 4598 904 4655 ocultis
929 4600 1002 4657 meis
1059 4604 1129 4660 dum
1145 4600 1345 4658 adversarium
1361 4599 1441 4669 dicit,
1471 4618 1507 4657 ue
1536 4601 1636 4657 sedeat
1664 4602 1695 4657 in
1718 4601 1825 4658 ocultis
1849 4605 1883 4657 ut

181 4682 293 4738 munda
307 4683 500 4751 manamine
514 4684 600 4757 (Psoi.
617 4700 698 4752 xvm,
714 4685 767 4758 13).
784 4686 896 4744 lllunda
923 4689 1002 4745 enlm
1058 4692 1219 4748 interficere
1234 4690 1356 4763 cupiens
1371 4690 1568 4747 innocentem.
1586 4690 1713 4763 Ideoque
1728 4690 1781 4746 tibi
1809 4689 1883 4745 dici·

181 4768 289 4828 debent
303 4786 367 4828 asse
378 4774 570 4845 receptacula,
596 4773 626 4828 in
655 4772 763 4846 quihus
792 4780 862 4831 sunt
885 4776 1003 4849 pietatis
1058 4784 1119 4835 tur:
1136 4802 1150 4829 «
1166 4779 1247 4834 lutra
1260 4777 1290 4833 in
1307 4776 1478 4835 cubiculum
1492 4784 1588 4847 tuum,
1616 4782 1644 4833 et
1667 4778 1766 4834 clauso
1794 4776 1879 4844 ostio,

180 4859 295 4916 occulta
317 4861 466 4933 mysteria.
497 4862 533 4919 dt
559 4862 624 4919 ideo
657 4862 709 4918 tibi
753 4862 902 4936 dicitur,«
932 4864 1002 4923 Bibe
1057 4867 1340 4923 oraPntremtuum
1368 4867 1397 4922 in
1426 4868 1600 4924 abscondito
1621 4866 1726 4938 (flattb
1744 4865 1847 4936 vno).
1865 4885 1879 4915 a

181 4964 288 5021 aquam
303 4950 340 5005 de
354 4949 433 5005 vasis
444 4950 504 5007 tuis
516 4953 544 5006 et
557 4951 593 5006 de
608 4954 762 5024 puteorum
777 4956 895 5008 tuorum
915 4954 1001 5011 lonti-
1058 4956 1109 5012 lllo
1129 4960 1179 5011 tua
1194 4956 1351 5012 descendet
1366 4955 1469 5026 oratio,
1481 4956 1531 5011 ubi
1547 4971 1611 5010 cam
1628 4954 1728 5010 audiat
1742 4953 1792 5025 qui
1804 4968 1882 5009 scru-

180 5036 270 5095 bus...
286 5036 355 5095 etin
369 5036 475 5110 plateis
487 5040 755 5112 superfluentequoe
766 5043 832 5109 tua,
844 5045 877 5097 ut
890 5041 1001 5115 irriguo
1057 5044 1334 5112 teturabscondita,
1350 5045 1391 5100 ibi
1407 5048 1489 5099 tuam
1518 5042 1689 5116 patientiam
1719 5040 1879 5113 deprehen-

181 5124 260 5182 fonte
274 5126 426 5183 munderis
443 5127 533 5200 (Pron.
544 5143 572 5193 v,
589 5128 631 5196 12,
649 5128 703 5200 16).
720 5151 736 5179 a
752 5129 818 5185 idco
847 5129 901 5186 tibi
929 5130 1001 5187 dici·
1057 5132 1181 5203 det,vel,
1192 5134 1322 5207 tegenda
1334 5132 1458 5202 injuris,
1472 5131 1666 5203 veljectantiae
1678 5131 1877 5198 declinandam

180 5214 239 5285 tur,
256 5236 270 5265 a
286 5213 360 5270 Vino
384 5214 542 5271 torcularia
570 5217 620 5271 tua
647 5216 810 5272 redundent
838 5219 929 5287 (Prae.
958 5236 1001 5289 m,
1056 5224 1184 5279 occultet
1197 5223 1276 5280 euim
1291 5222 1409 5294 sapiens
1423 5221 1563 5293 inJ'uriam
1578 5236 1675 5277 suam.
1692 5220 1734 5275 lbi
1750 5223 1796 5275 est
1816 5219 1879 5275 lati·

181 5301 237 5375 10).
254 5324 268 5353 »
283 5302 351 5359 Ideo
366 5302 484 5371 dicitur,
501 5325 515 5355 u
527 5304 558 5359 lu
572 5302 760 5361 tribulatione
773 5304 915 5363 invocasti
943 5321 999 5376 me,
1055 5311 1160 5369 bulum
1175 5310 1367 5385 sapientiam«
1383 5308 1483 5380 posuit
1497 5308 1576 5365 enim
1607 5310 1742 5365 tenebras
1771 5308 1879 5365 latibu-

212 5460 273 5541 g8l)
284 5460 355 5517 Mes.
372 5460 559 5534 aliquotres
580 5464 684 5521 occultu
708 5464 872 5522 mandabat.
898 5465 1001 5525 illelius
1092 5473 1148 5544 (84)
1164 5471 1205 5526 lta
1221 5469 1352 5540 quinque
1369 5484 1441 5522 mss.
1458 5467 1513 5524 Alli
1529 5485 1596 5525 vero
1611 5474 1639 5525 et
1667 5487 1770 5526 omnes
1793 5468 1878 5542 edit,

181 5528 242 5597 alui,
255 5530 393 5589 acedit...
408 5534 566 5603 mandabat,
582 5535 611 5594 id
627 5540 671 5595 est
689 5535 820 5594 oratione
849 5552 1001 5597 commen·
1053 5547 1229 5617 peccaterum
1242 5552 1317 5595 creua
1331 5542 1510 5613 tempestas...
1527 5541 1644 5617 quodam
1658 5542 1798 5601 mentioni
1812 5541 1879 5600 ‹attr

180 5602 280 5661 dabat.
1055 5617 1125 5674 και
1141 5614 1289 5691 statuuat,
1305 5613 1360 5667 etc.
1529 5619 1532 5624 ’
