4159 6184
141 300 190 363 tlt
665 299 782 365 uiuae
803 298 855 363 bu
875 298 1025 369 iosuae
1046 302 1319 370 PATRIARGHA.
1796 320 1859 392 678

143 435 220 507 longo
244 434 418 504 venientem,
434 438 593 508 numquam
612 437 815 508 appropriaret
830 437 867 491 ad
885 436 961 501 illos,
979 440 1005 506 Α
1022 440 1112 503 Quem
1130 436 1293 509 significari
1309 436 1339 491 in
1355 454 1387 494 se
1403 440 1617 518 intelligebant,
1630 450 1686 505 nisi
1703 451 1789 506 illum
1806 456 1856 524 qui

143 528 167 580 et
178 523 379 593 inseviebant,
397 528 429 581 ut
451 524 617 581 occiderent
641 523 726 581 illum
750 525 829 599 (Gen.
844 540 963 591 xxxviii,
1021 526 1157 582 omnium
1176 523 1282 579 mm
1298 530 1534 603 supereminens,
1551 554 1642 611 ‘³1¹1‘lt
1656 539 1789 594 ΟΜΝΗ)
1807 542 1859 595 ‘¹⁰‘

144 614 192 685 18).
209 634 223 664 n
241 612 344 669 Merito
359 612 443 685 longe
458 616 552 678 erant,
569 612 618 686 qui
632 617 716 669 erant
739 614 769 670 iu
790 612 962 681 delectione,
1020 614 1129 670 sideria
1145 616 1318 668 sanctorum
1333 614 1487 676 immense
1508 628 1618 682 teneret
1644 628 1758 699 apicem
1775 633 1859 699 pote-

143 705 168 757 et
194 701 261 759 ideo
281 700 479 768 inseviebaut,
505 699 575 775 quia
599 718 657 757 uon
681 701 906 776 appropiaverat
927 700 965 758 iis
1020 703 1116 771 statis,
1138 716 1231 773 quem
1256 705 1321 756 voto
1345 703 1448 763 nullus
1472 714 1619 783 equorei?
1643 716 1861 786 Comparantur

141 790 281 847 Christus.
306 790 377 847 Nam
406 789 431 845 si
461 789 666 863 appropiasset
692 790 740 847 bis
768 796 856 864 typus
885 789 961 847 481
1020 806 1089 863 ergo
1114 791 1145 845 in
1170 788 1346 861 patriarchis
1375 792 1485 853 invidia
1512 817 1565 872 per
1592 803 1732 872 gratiam,
1750 806 1802 876 qui
1832 813 1861 864 et

140 879 375 945 christigenum
391 877 493 951 utique
508 876 712 935 dilexisssent:
727 880 777 939 sed
793 894 883 951 prope
898 894 964 935 esse
1019 883 1203 936 excusantur
1227 894 1245 932 a
1268 876 1355 950 culpa
1378 881 1446 954 (vu),
1468 894 1496 942 et
1522 892 1712 946 risvelationis
1736 908 1862 955 munere

140 982 194 1022 non
210 970 353 1039 poterant,
370 964 421 1039 qui
437 964 629 1038 parricidium
652 966 831 1039 cogitabant.
850 988 864 1017 ιι
880 966 963 1038 Ecce,
1019 971 1243 1024 consecrantur.
1261 966 1323 1021 Non
1339 968 1418 1025 enim
1434 976 1493 1030 tam
1510 977 1658 1050 culpabile
1681 983 1727 1035 est
1750 981 1861 1045 dixisse

139 1054 284 1127 inquiunt,
301 1054 463 1111 somniator
478 1053 526 1109 ille
541 1054 619 1110 venit
636 1072 642 1110 :
660 1072 739 1111 nunc
761 1072 830 1128 ergo
855 1054 962 1124 venite,
1019 1072 1083 1127 ‹111oe
1097 1056 1194 1129 Plflbis
1210 1057 1290 1121 sums
1307 1070 1396 1125 ‘luam
1413 1059 1531 1118 betium
1555 1067 1668 1122 Vidisse
1685 1084 1750 1139 (ι118
1775 1072 1860 1131 Chri·

139 1142 304 1200 oecidamus
336 1159 402 1201 eum
436 1142 515 1213 (perd,
552 1144 595 1211 19,
628 1143 687 1216 20.)
721 1166 736 1193 n
769 1143 872 1200 Nonne
902 1143 964 1200 hae
1020 1144 1153 1200 stisunt.
1181 1142 1343 1199 subierunt
1368 1163 1523 1217 personam
1554 1155 1720 1226 peccatoris
1747 1164 1859 1233 pepuli,

138 1233 223 1289 verba
260 1231 403 1299 dicebant,
438 1232 487 1305 qui
527 1231 563 1288 de
601 1231 770 1305 parricidali
811 1230 964 1305 sacrilegio
1019 1237 1052 1289 ut
1067 1234 1238 1305 acciperent
1265 1233 1390 1304 gratiam
1420 1237 1535 1295 Domini
1562 1245 1773 1315 redemptoris.
1791 1253 1862 1309 Cer.
1960 1306 1964 1313 ,

140 1320 323 1395 cogitabant?
351 1319 434 1376 Sicut
455 1320 491 1375 de
515 1320 588 1393 ipsis
612 1320 750 1377 Salomon
778 1320 819 1377 ait
836 1339 843 1377 :
863 1341 874 1371 ι
898 1321 963 1378 Τοι-
1019 1325 1049 1376 te
1063 1321 1183 1394 culpam
1201 1320 1328 1376 abolevit
1348 1326 1453 1393 gratie,
1470 1330 1594 1401 gratiam
1620 1332 1712 1405 culpa
1725 1353 1783 1394 non
1801 1344 1858 1399 mi-

139 1410 234 1467 lamus
258 1409 385 1482 justum,
415 1410 484 1481 quia
512 1408 627 1465 inutilis
655 1413 700 1466 est
728 1409 963 1482 nohis(sop.1r,
1020 1410 1095 1466 uuit.

139 1500 192 1571 12).
210 1522 224 1547 η
1058 1500 1101 1554 ιι.
1119 1500 1153 1554 Et
1169 1504 1202 1554 ut
1217 1514 1432 1571 cognoscamus
1449 1521 1535 1561 omne
1559 1509 1616 1563 hoc
1641 1510 1679 1566 de
1704 1519 1812 1589 populo
1831 1526 1860 1578 et

173 1590 216 1645 12,
231 1588 266 1644 Et
279 1586 457 1645 addiderunt
479 1585 508 1641 in
532 1586 637 1643 Genesi
656 1602 663 1641 :
689 1608 703 1637 κ
736 1587 769 1642 ιιι
796 1586 966 1643 videbimus
1021 1587 1057 1642 dc
1077 1587 1200 1642 Domino
1216 1586 1286 1642 iesu
1300 1590 1472 1660 mysterium
1488 1611 1551 1650 esse
1568 1615 1574 1652 :
1593 1620 1608 1647 ιι
1624 1598 1739 1670 Venite,
1752 1606 1858 1681 inquit,

138 1676 381 1751 quidproderunt
405 1675 518 1731 somnia
541 1674 621 1732 illius
647 1673 725 1746 (Gen.
743 1692 851 1743 xxxvii,
875 1676 962 1747 20).
1021 1674 1185 1731 vendemus
1207 1676 1316 1747 loseph
1342 1677 1498 1737 leniaelitis
1521 1683 1599 1754 (Gen.
1627 1697 1814 1770 xxxv11,27).
1843 1721 1857 1749 a

137 1766 350 1837 Hooscriptum
375 1770 420 1821 est
448 1765 484 1821 de
498 1764 619 1837 ioseph,
648 1764 830 1835 completum
859 1768 906 1820 est
930 1766 1005 1877 deB
1023 1764 1098 1827 Ouid
1128 1764 1383 1836 interpretationis
1416 1769 1505 1823 habet
1537 1790 1646 1830 nomen
1672 1778 1782 1855 loseph
1802 1786 1859 1841 nisi

136 1854 261 1922 Christo,
277 1853 395 1925 quando
409 1853 502 1909 iudai
518 1854 546 1909 in
560 1854 625 1925 ejus
640 1851 778 1924 passione
801 1852 964 1909 dixerunt:
1025 1852 1102 1923 quod
1131 1851 1262 1908 divinam
1287 1855 1414 1927 gretiam
1440 1860 1516 1915 aas
1541 1861 1690 1934 significet
1704 1875 1732 1924 el
1746 1888 1861 1945 expres-

138 1968 151 1995 «
169 1944 198 2000 Si
214 1960 263 1999 rex
285 1941 374 2001 lsrael
398 1946 453 2010 est,
469 1941 628 1999 descendat
652 1956 731 1996 nuno
755 1940 790 1997 de
814 1958 913 2011 crues,
939 1946 967 1997 ct
1024 1941 1137 1997 sienem
1153 1941 1203 1996 Dei
1219 1942 1350 1998 summi?
1365 1945 1436 2009 Quis
1451 1947 1540 2014 igitur
1554 1952 1703 2023 venditur,
1729 1959 1785 2015 nisi
1812 1960 1861 2017 ille

137 2031 281 2088 credimus
296 2031 335 2087 ei.
354 2030 481 2087 Confidit
496 2031 526 2087 in
541 2030 646 2096 Deum,
663 2027 767 2085 liberet
789 2046 870 2085 nunc
886 2046 965 2097 eum,
1024 2051 1038 2077 ιι
1056 2030 1104 2100 qui
1122 2046 1188 2085 cum
1206 2029 1235 2086 in
1253 2032 1408 2089 formatici
1426 2042 1574 2100 eserenon
1591 2043 1727 2115 rapinam
1739 2049 1861 2106 arbitra-

138 2121 163 2178 ιι
188 2118 366 2192 vult(llcttlr.
389 2136 478 2187 xxvvi,
495 2120 612 2191 1¹2,t3).
641 2140 655 2167 n
681 2117 831 2189 Numquid
856 2124 886 2174 et
909 2118 965 2189 ipsi
1022 2122 1072 2173 tus
1093 2123 1138 2173 est
1163 2135 1230 2175 esee
1255 2137 1287 2176 se
1311 2122 1453 2206 aequalem
1480 2126 1537 2181 Deo
1562 2145 1569 2183 :
1597 2132 1649 2187 sed
1666 2137 1859 2209 semetipsum

138 2213 239 2266 iratres
255 2212 314 2265 tam
331 2208 425 2280 impii,
442 2215 476 2263 ut
498 2209 617 2264 fratrem
643 2206 827 2263 occiderent‘.l
840 2207 874 2261 lut
889 2208 967 2263 unde
1023 2206 1194 2276 exinanivit,
1212 2208 1337 2265 formam
1354 2213 1428 2266 servi
1455 2214 1602 2286 arripiens
1618 2220 1753 2296 (Philipp.
1783 2242 1813 2293 ιι,
1830 2230 1859 2295 6,

138 2302 283 2355 tantorum
306 2298 411 2353 merita
433 2295 668 2369 patriarcharum
695 2299 728 2350 ιιι
751 2293 797 2350 lex
811 2294 907 2350 tribus
923 2299 967 2350 to·
1022 2294 1073 2365 7)‘l
1090 2318 1101 2344 ι
1119 2296 1220 2368 Neque
1240 2299 1320 2354 enim
1346 2316 1399 2356 nos
1424 2316 1490 2357 rum
1515 2305 1704 2380 emissemus,
1721 2312 1779 2368 nisi
1794 2331 1862 2371 ven-

138 2386 197 2443 tius
212 2387 249 2458 (8)
263 2385 358 2458 plebis
381 2401 484 2441 eorum
508 2384 659 2441 vocabulis
684 2382 872 2457 designaret?
891 2384 967 2449 Quo·
1024 2383 1169 2440 didissent
1183 2402 1253 2441 eum
1269 2390 1336 2460 (ll).
1363 2392 1454 2456 Quem
1481 2393 1526 2446 sui
1558 2398 1637 2454 male
1651 2402 1858 2473 vendiderunt,

139 2476 225 2532 modo
239 2474 415 2532 conveniunt
429 2473 550 2546 pietatis
569 2472 701 2541 uomina,
725 2476 755 2529 et
779 2469 898 2529 sceleris
922 2471 967 2529 in·
1024 2471 1112 2527 alieni
1127 2474 1212 2546 pejus
1227 2483 1372 2534 emerunt.
1400 2479 1604 2539 Vendiderunt
1626 2492 1859 2562 negotiatoribus

138 2562 483 2637 siguia‘lSicetismisti
502 2567 570 2635 typo
595 2561 783 2635 populi,uon
808 2559 899 2616 animi
921 2560 968 2616 sni
1025 2560 1134 2616 bonum
1169 2563 1288 2620 odorem
1322 2568 1390 2638 (12),
1425 2577 1561 2625 emerunt
1590 2590 1607 2628 a
1646 2578 1855 2648 proditoribus.

138 2654 209 2709 vitio
219 2652 401 2709 laborabant.
420 2651 490 2707 lnde
506 2650 602 2707 omnis
617 2648 738 2717 invidia,
754 2648 824 2705 inde
848 2648 968 2720 parrici·
1024 2648 1162 2704 Vendidit
1177 2667 1244 2707 eum
1261 2654 1364 2722 hidas,
1390 2662 1526 2713 emerunt
1554 2664 1790 2739 ¹⁵11¹flelstaeiqui
1819 2672 1858 2726 ⁸5·

137 2742 179 2799 (ἦ)
196 2740 347 2799 meditatio
364 2758 370 2796 :
387 2740 497 2797 invidia
508 2756 560 2813 per
575 2740 713 2813 figurem,
726 2737 821 2811 pietas
837 2753 888 2809 per
902 2736 968 2793 elie·
1023 2736 1204 2809 guilicentur
1222 2741 1323 2799 Latina
1347 2744 1599 2817 interpretatione,
1623 2754 1690 2810 odio
1715 2755 1857 2816 habentes

137 2836 230 2887 ctum·
1024 2825 1118 2880 Deum
1146 2843 1245 2884 suum.
1272 2831 1340 2887 ldeo
1364 2832 1434 2888 alibi
1458 2833 1573 2906 viginti,
1601 2839 1670 2897 alibi
1696 2844 1798 2916 viginti
1828 2854 1856 2905 et

176 2920 365 2991 temetque
394 2917 496 2974 Rubor
527 2921 555 2974 et
583 2915 676 2973 Judas
702 2912 905 2989 germanitatis
921 2915 969 2987 pia
1024 2913 1155 2985 quiaque
1173 2919 1282 2986 eureis,
1298 2919 1368 2976 alibi
1389 2920 1510 2992 triginta
1525 2924 1694 2988 invenimus
1723 2940 1855 3007 emptum

133 3011 207 3083 jura
221 3012 380 3074 servantes,
396 3007 433 3062 de
448 3004 584 3063 manibus
608 3009 780 3062 ceterorum
804 3018 871 3058 eum
897 3002 968 3058 libe·
1023 3002 1151 3073 tosseim
1181 3006 1251 3075 quia
1280 3023 1338 3063 non
1369 3009 1508 3065 omnibus
1541 3017 1631 3073 unius
1668 3021 1854 3080 estimationi

136 3094 566 3169 rarecupicbant,meritoque
586 3094 678 3150 Judas
702 3096 828 3167 paterne
850 3091 968 3147 benedi·
1025 3090 1110 3162 pretii
1126 3091 1202 3149 valet
1220 3094 1364 3151 Christus.
1382 3096 1453 3152 altis
1482 3100 1593 3173 minus,
1624 3108 1689 3163 aliie
1715 3110 1853 3181 amplius.

137 3186 236 3243 ctione
260 3184 421 3259 prefertur,
438 3200 505 3239 oum
530 3183 556 3238 ei
578 3182 685 3238 dicitur
702 3199 708 3237 :
725 3202 740 3233 ιι
755 3177 927 3237 Adorabunt
940 3175 1006 3241 teC
1024 3179 1110 3235 Fides
1125 3181 1258 3251 ementis,
1275 3184 1488 3241 incrementum
1514 3195 1560 3246 est
1584 3197 1691 3253 mercis
1708 3214 1714 3252 ε
1739 3199 1853 3270 religio-

136 3274 192 3330 sslii
209 3273 301 3346 patris
328 3273 380 3328 tui.
405 3270 527 3328 Catulus
550 3270 655 3327 Leonis
680 3270 769 3333 luda,
786 3270 815 3322 et
829 3267 892 3339 ipse
915 3268 972 3325 erit
1025 3266 1095 3323 siori
1118 3269 1271 3339 pretiosior
1294 3278 1340 3328 est
1363 3274 1449 3339 Deus,
1466 3285 1611 3347 peccatori
1636 3286 1789 3355 pretiosior
1810 3293 1855 3343 est

136 3360 318 3435 exspectatio
333 3358 715 3433 gentiuthen.xtl¹‚8·1⁰)·
733 3379 746 3407 n
764 3355 846 3423 Quod
869 3354 972 3429 utique
1025 3356 1202 3428 redemptor.
1219 3358 1317 3415 Pluris
1332 3365 1362 3416 et
1375 3360 1417 3415 illi
1433 3363 1509 3420 valet
1521 3370 1572 3438 qui
1590 3371 1657 3443 plus
1679 3373 1768 3429 babet
1791 3392 1855 3447 gra-

137 3452 196 3509 soli
213 3448 486 3515 convenitChriste,
503 3444 846 3522 cuirepositumluitut
865 3443 970 3501 adora·
1025 3445 1071 3500 tie
1095 3462 1101 3499 :
1122 3448 1173 3501 sed
1202 3450 1290 3503 etiem
1319 3451 1365 3504 rui
1397 3450 1490 3508 multa
1519 3458 1627 3516 donata
1650 3469 1729 3524 sunt,
1759 3449 1852 3535 pluris

135 3546 223 3597 retur
238 3556 255 3595 e
269 3538 419 3604 tratribus,
436 3540 465 3593 et
480 3540 698 3607 exspectaretur
724 3551 741 3590 a
764 3531 911 3607 gentibus,
928 3533 969 3591 la·
1024 3534 1119 3602 valet,
1146 3534 1216 3607 quia
1242 3538 1289 3591 cui
1315 3537 1383 3609 plus
1408 3543 1567 3601 remissum
1585 3556 1638 3618 est,
1657 3551 1724 3621 plus
1745 3551 1851 3623 diligit,

134 3628 265 3687 varetin
290 3626 358 3683 vino
384 3624 490 3682 stolam
515 3640 599 3681 suam
624 3623 734 3697 proprii
754 3620 885 3693 corporis
902 3638 970 3691 pas·
1025 3621 1179 3695 sicutipse
1195 3624 1337 3681 Dominus
1361 3625 1392 3679 in
1417 3627 1574 3703 Evangelio
1599 3639 1799 3707 pronuntiavit
1817 3640 1852 3696 de

133 3715 312 3789 sione,quia
327 3730 444 3769 samem
460 3728 546 3769 suam
563 3710 644 3768 nulla
659 3710 771 3786 peccati
787 3708 852 3765 labe
867 3724 969 3765 macu-
1024 3708 1075 3765 illa
1103 3710 1225 3766 muliere
1253 3728 1319 3782 quae
1347 3730 1436 3784 super
1464 3719 1530 3786 ejus
1558 3724 1646 3791 pedes
1674 3728 1776 3783 alludit
1797 3744 1851 3784 un·

131 3807 221 3863 lavit,
248 3808 322 3860 Aser
337 3818 453 3875 qnoque
469 3818 527 3857 non
542 3801 644 3873 utique
659 3800 714 3857 sibi
730 3796 885 3856 convenire
906 3813 969 3854 cre·
1024 3803 1179 3871 guentam,
1194 3805 1223 3855 et
1238 3799 1376 3874 lacrymis
1390 3800 1470 3867 lavit,
1487 3811 1516 3861 et
1537 3810 1651 3881 capillis
1671 3813 1734 3868 suis
1757 3817 1851 3881 tersit,

129 3896 237 3951 deba),
255 3894 328 3949 Aser
342 3890 460 3964 pinguis
475 3888 562 3961 panis
576 3889 651 3961 ejus,
667 3893 696 3945 et
718 3888 782 3961 ipse
802 3887 874 3941 Aser
900 3902 968 3942 cum
1023 3889 1053 3940 et
1085 3884 1178 3942 erulis
1211 3886 1340 3957 siccavit,
1372 3888 1407 3942 dc
1435 3905 1494 3960 qua
1529 3894 1569 3948 ait
1595 3899 1631 3952 ad
1660 3898 1809 3956 Simonem
1842 3919 1849 3958 :

127 3980 325 4057 principibus
340 3980 388 4051 (9),
406 3978 481 4044 Quid
496 3992 565 4033 ,em
581 3978 643 4050 ipse
657 3976 778 4050 Jopeph,
794 3973 842 4030 οη)
856 3972 967 4031 dietum
1025 3996 1039 4024 n
1055 3974 1174 4046 Propter
1189 3977 1266 4048 quod
1282 3976 1347 4033 dico
1361 3977 1412 4031 ιιιιι
1430 3994 1436 4032 :
1454 3979 1588 4039 Remissa
1603 3992 1672 4039 sulit
1687 3988 1711 4040 ri
1734 3996 1851 4058 peccata

127 4078 181 4129 ost
200 4088 235 4125 :n
253 4067 343 4125 Filius
358 4066 548 4139 ampliandus
563 4081 645 4121 meus
657 4064 777 4139 loseph,
801 4060 881 4117 silius
904 4078 966 4119 am·
1023 4062 1125 4129 multa,
1140 4065 1279 4135 quoniam
1296 4065 1397 4121 dilexit
1411 4067 1550 4127 multum.
1568 4073 1620 4127 Cui
1636 4080 1734 4130 eutem
1751 4080 1850 4133 minue

127 4159 278 4235 ptiandus
293 4172 376 4213 meus
402 4173 409 4212 z
434 4154 545 4211 zelatus
567 4152 645 4211 illius
668 4169 764 4222 meus,
780 4149 859 4206 illius
882 4166 967 4209 meus
1022 4151 1194 4224 dimittitur,
1210 4154 1309 4209 minus
1324 4154 1421 4228 diligit
1435 4160 1511 4223 (Luc.
1529 4178 1579 4227 vn,
1594 4164 1649 4233 ιι).
1668 4188 1679 4216 r
1698 4164 1848 4223 Interdum

126 4246 361 4313 adolescentior,
386 4244 423 4300 ad
447 4258 493 4299 me
517 4245 658 4299 revertere
685 4241 765 4314 (ibid.
796 4238 867 4310 22)‘l
895 4260 909 4287 ιι
934 4240 966 4295 ln
1021 4239 1205 4297 diversitates
1226 4242 1310 4314 pretii
1335 4260 1393 4298 non
1418 4244 1515 4301 solum
1538 4251 1713 4319 quantitatis
1728 4254 1848 4327 babent,

126 4352 229 4411 quem
245 4333 400 4391 consilium
415 4332 598 4389 conserentes
621 4329 844 4397 maledicebant,
861 4326 891 4382 in
907 4342 966 4399 quc
1021 4329 1073 4385 sed
1087 4329 1174 4385 etiam
1190 4332 1304 4385 numeri
1319 4335 1535 4403 expressionem
1552 4338 1628 4409 (13);
1655 4339 1731 4396 sicut
1757 4343 1849 4399 'nabes

126 4423 304 4481 benedictio
319 4418 471 4495 prevaluit
495 4434 584 4490 super
607 4414 861 4479 benedictionibus
882 4431 965 4471 mon·
1021 4418 1058 4473 dc
1082 4422 1231 4491 unguento
1256 4419 1333 4490 quod
1356 4420 1392 4476 ad
1422 4422 1623 4493 sepeliendum
1651 4445 1681 4483 se
1707 4432 1848 4487 [lominus

124 4514 215 4571 tium
232 4509 457 4578 manentium,et
472 4506 626 4586 desideriis
641 4505 760 4562 collium
777 4506 964 4562 eternorum.
982 4542 1005 4606 D
1020 4505 1119 4561 iusum
1136 4522 1200 4562 esse
1215 4507 1395 4576 memoravit,
1413 4510 1489 4566 sicut
1503 4514 1646 4586 scriptum
1667 4524 1712 4573 est
1735 4520 1849 4577 dicente

169 4635 215 4707 (8)
231 4634 302 4689 Mes.
320 4632 433 4705 aliquot
447 4636 476 4687 et
490 4630 627 4687 editdm.
646 4646 677 4685 aa
688 4626 832 4698 Gill.,bee
845 4628 964 4687 totins...
1021 4645 1139 4684 omnem
1153 4629 1244 4701 eulpa
1260 4631 1402 4687 rationem
1418 4634 1562 4693 sublatam
1586 4640 1775 4699 Ambrosium
1799 4660 1850 4699 vc·

121 4708 206 4764 Era.
224 4721 258 4760 ac
282 4703 379 4773 Rom,
404 4702 478 4759 Grec
501 4704 584 4759 totins
607 4701 693 4774 plebis
717 4716 812 4758 eoram
825 4700 968 4757 roncata
1022 4699 1123 4765 luisse,
1138 4700 1206 4756 licet
1221 4718 1306 4757 secus
1317 4704 1481 4775 Augustino
1495 4708 1592 4765 visum
1607 4712 1705 4768 luerit.

120 4779 340 4847 designaretur.
373 4777 410 4830 At
442 4789 514 4829 mss.
546 4772 644 4846 plures
675 4776 705 4828 et
739 4770 876 4846 potiores,
911 4772 968 4828 bec
1057 4773 1114 4842 (11)
1129 4772 1236 4827 Omnes
1252 4773 1321 4828 edit.
1347 4783 1376 4830 et
1399 4779 1462 4832 cod.
1489 4779 1566 4843 Vet..
1592 4782 1679 4847 l'ull„
1696 4783 1795 4839 Germ.
1821 4787 1851 4839 et

123 4848 235 4905 Tribus
265 4848 381 4905 tetius...
410 4844 574 4917 designaret.
604 4842 728 4915 Optime.
761 4842 894 4925 Namque
920 4842 967 4901 hic
1022 4842 1135 4911 Theoi,
1151 4844 1211 4898 Nisi
1226 4844 1410 4901 vendidissent
1423 4866 1485 4904 eum
1498 4854 1552 4907 sni.
1568 4854 1637 4908 Mula
1655 4854 1848 4922 vendiderunt,

121 4923 195 4977 Lex
213 4918 340 4975 sumitur
354 4932 406 4990 pro
417 4914 502 4972 libris
516 4914 633 4987 Moysis,
661 4914 711 4970 ubi
736 4913 890 4971 duodecim
912 4916 967 4971 tri·
1019 4914 1099 4986 pejus
1122 4919 1256 4970 emerunt.
1282 4916 1352 4973 Mes.
1380 4918 1484 4985 Laud,
1509 4922 1578 4978 Beni
1602 4966 1622 4993 .,
1647 4925 1846 4990 Tor11.,Valc.

121 4993 194 5048 bus
213 4988 302 5045 lsrael
316 4986 551 5063 patriarcharum
567 4984 736 5043 nominibus
749 4986 859 5059 passim
876 4988 968 5059 expui·
1022 4988 1052 5040 et
1064 4984 1157 5052 uota,
1174 4986 1234 5041 Nisi
1256 4988 1439 5045 vendidissent
1462 5008 1525 5046 earn
1547 5010 1601 5049 sna
1627 4995 1700 5049 itote
1722 4996 1848 5051 vendide-

124 5064 276 5119 muntur.
1022 5059 1098 5121 runt,
1125 5063 1193 5121 etc..
1224 5058 1308 5114 Corb.
1339 5066 1437 5117 autem
1454 5079 1460 5117 :
1478 5064 1540 5119 Nisi
1568 5064 1750 5121 vendidissent
1774 5084 1847 5123 eum.

169 5132 217 5204 (9)
233 5130 316 5187 Rom.
335 5130 405 5186 edit.
423 5128 496 5199 sola,
511 5132 536 5185 ct
555 5130 613 5202 ipse
626 5128 703 5185 dabit
723 5143 812 5184 escam
829 5130 967 5200 principi·
1023 5130 1092 5183 Cum
1117 5130 1163 5183 sui
1185 5131 1268 5193 ιιιιιιε,
1295 5135 1350 5185 etc.
1376 5131 1507 5203 Denique
1531 5135 1594 5189 eod.
1619 5135 1718 5201 lllirb.‚
1734 5139 1798 5193 alb.
1815 5155 1848 5193 ac

193 5244 202 5257 ,
1021 5199 1102 5268 uba,
1117 5200 1178 5255 Nisi
1192 5200 1375 5257 vendidissent
1389 5218 1469 5257 euin:
1479 5204 1562 5271 Quem
1575 5207 1621 5259 sni
1635 5207 1706 5261 rnnlc
1722 5210 1846 5265 trandide-

170 5272 237 5345 (re)
258 5271 433 5329 Ambrosius
463 5287 528 5344 sup.
557 5285 620 5342 cap.
654 5270 679 5336 l,
708 5286 789 5325 nuni.
821 5271 837 5324 l
864 5270 969 5327 asserit
1021 5273 1098 5337 runi,
1114 5272 1201 5326 alictii
1212 5273 1291 5343 pejus
1306 5282 1438 5328 onerant.
1456 5274 1523 5338 Quor
1538 5276 1622 5332 lectio
1637 5280 1749 5335 ceteris
1774 5298 1847 5352 pre-

122 5343 325 5421 patriarchas
348 5360 415 5399 vere
438 5342 467 5398 iu
493 5341 608 5414 culpam
627 5339 766 5397 incidisse
783 5357 790 5396 ι
807 5340 855 5397 bic
870 5346 967 5397 autem
1022 5346 1100 5398 stare
1117 5340 1200 5397 nobis
1214 5343 1277 5397 visa
1290 5347 1343 5398 est.

120 5422 268 5473 etnam.
286 5432 348 5487 seq.
365 5430 429 5471 eam
455 5413 586 5469 minuere
610 5416 742 5481 conatur,
763 5412 800 5467 ab
826 5412 968 5469 rationem
1059 5412 1322 5485 (iudinassaus.
1338 5429 1457 5470 acmes.
1475 5416 1771 5488 duomantala-itus
1783 5423 1848 5480 beni

118 5484 299 5562 mysterii:
337 5502 374 5542 uo
396 5485 484 5542 etiam
512 5500 529 5540 a
564 5483 676 5540 umenti
701 5498 805 5555 genere
828 5500 901 5540 usus
924 5490 970 5541 cst
1022 5484 1136 5541 ederis:
1153 5482 1267 5555 reliqui,
1284 5484 1383 5540 benum
1397 5485 1522 5543 odorem.

119 5574 227 5619 cum·
241 5558 277 5613 de
299 5502 421 5615 abrahe
447 5572 514 5613 cum
560 5570 614 5631 gar
638 5552 793 5612 concubitu
809 5554 993 5629 disputavit·
1058 5555 1115 5633 (la)
1144 5554 1214 5616 uas.
1240 5554 1332 5625 Vela,
1356 5555 1408 5615 Sed
1431 5561 1516 5618 etiarn
1539 5564 1668 5641 myterii
1693 5568 1846 5641 ramessia·

116 5631 190 5695 lib.
221 5645 231 5691 ι
255 5629 293 5691 De
312 5628 414 5693 diret.
442 5644 506 5709 cap.
530 5628 557 5691 ι.
582 5626 639 5691 Sed
663 5640 722 5689 aaa
747 5628 889 5709 putamus
903 5627 969 5693 idae
1022 5642 1096 5691 ιιιιιι.
