4159 6184
183 235 187 242 Ι
242 298 303 381 oia
978 307 1011 377 s.
1034 288 1227 379 emerso
1693 269 1697 278 ¹
1883 300 1934 380 rto

241 446 459 518 mortalitatem,
481 462 498 505 a
520 432 738 521 perturbatione
762 440 798 504 ad
818 443 1063 521 tranquilitatem.
1080 447 1187 523 papus
1200 436 1366 508 liaremust
1394 443 1466 507 durii
1485 447 1630 524 praalum
1646 442 1827 524 inaudimus,
1843 449 1935 529 alliga·

240 540 304 597 Nou
327 536 417 612 igitur
441 554 548 597 nomen
571 542 599 594 ta
624 536 728 594 mortis
753 532 891 604 offendat,
916 537 967 594 s'ed
993 536 1064 594 boni
1119 556 1196 597 mur.
1212 539 1286 607 Quid
1301 540 1389 598 inane
1404 540 1564 613 quaerimus
1578 541 1695 599 lucrum
1724 543 1857 617 pretiosa
1879 545 1935 602 aoi-

239 624 383 685 tiansitu's
398 626 539 685 banellcia
551 624 705 682 delectent.
727 625 802 693 Ouid
817 628 861 682 est
873 625 952 682 euim
973 642 1064 694 more,
1119 643 1173 685 ma
1188 629 1363 687 detrimento
1373 627 1589 703 llixiguustibi
1599 634 1645 688 est
1655 634 1936 707 totuamunduspro-

240 716 297 773 nisi
313 718 465 791 sepultura
479 716 627 785 vitiorum,
646 714 789 771 virtulum
800 713 951 771 suscitatio
961 714 1065 771 tUnde
1120 717 1207 775 unius
1221 719 1325 775 anima
1339 718 1503 792 dispendio.
1516 720 1591 787 Quid
1605 720 1684 777 anim
1699 722 1819 794 prodest
1831 722 1936 781 homini

241 808 270 863 et
284 806 333 863 illa
349 808 406 863 ait:
421 806 552 863 llorictur
575 806 671 861 anime
691 820 753 860 mee
768 806 798 861 to
813 804 915 860 animia
926 804 1065 876 jactorum
1118 807 1149 864 si
1159 806 1239 863 hunc
1260 807 1407 864 mundum
1421 807 1561 880 lucretur,
1577 810 1683 866 animm
1697 826 1764 868 varo
1779 828 1839 868 suae
1854 812 1936 869 detri-

241 896 333 970 (Num.
349 912 429 963 xxrrr,
445 894 500 961 10),
516 891 545 948 id
558 896 622 958 est·
637 892 862 965 consepeliatur,
879 895 911 948 ut
925 891 1066 949 auaritia
1119 900 1252 953 mentum
1265 896 1416 969 patiatur?
1429 900 1481 953 aut
1495 914 1585 970 quam
1608 900 1867 958 commutationem
1889 903 1937 958 da·

240 983 536 1057 damnatissimum
552 986 685 1038 assumat
699 982 824 1055 gratiam
841 982 890 1055 qui
908 980 1066 1038 mortifica·
1118 983 1164 1040 bis
1196 1001 1249 1058 pro
1281 985 1381 1042 aalma
1406 984 1568 1043 traillon
1591 1004 1662 1045 auro
1686 987 1850 1059 redimitur,
1883 1006 1937 1047 non

238 1070 348 1129 tionem
364 1069 514 1128 christiin
530 1086 650 1143 corpore
665 1087 718 1127 suo
730 1078 816 1143 alque
832 1069 1065 1127 animacircum-
1119 1078 1250 1146 argento,
1266 1074 1327 1131 imo
1341 1091 1413 1132 auro
1428 1074 1583 1133 amittitur.
1599 1074 1675 1141 Quin
1699 1077 1787 1135 etiam
1810 1076 1938 1136 mulieris

237 1159 344 1217 larunt.
359 1157 543 1215 Mortificatio
557 1163 654 1215 actem
670 1158 787 1228 Christi,
805 1159 938 1215 remissio
962 1174 1063 1232 pecca·
1118 1162 1218 1232 decus,
1247 1163 1319 1219 dum
1341 1166 1474 1221 tentatur
1495 1150 1562 1238 (³11),
1594 1164 1740 1239 astringit.
1766 1164 1871 1223 Clarus
1894 1172 1939 1223 ast

238 1253 345 1318 torum,
362 1246 481 1305 abolitio
497 1247 666 1313 criminum,
683 1248 790 1305 erroris
803 1247 920 1317 oblivio,
947 1262 1063 1304 assum·
1117 1249 1218 1323 libido,
1229 1250 1328 1309 clarus
1343 1252 1472 1321 tristitia,
1493 1250 1593 1310 clarus
1608 1254 1854 1324 iracundia,olari
1868 1260 1935 1313 sunt

237 1337 298 1411 ptio
321 1337 482 1411 gratiarum
498 1341 551 1394 est.
573 1336 648 1402 Quid
673 1338 771 1393 autem
800 1337 835 1392 de
859 1337 935 1394 bono
960 1337 1064 1393 mortis
1117 1354 1221 1397 omnes
1254 1340 1417 1413 passiones,
1451 1358 1516 1415 qua
1533 1343 1613 1400 velut
1631 1360 1700 1401 veru
1721 1343 1848 1418 quodam
1877 1344 1938 1401 ani·

237 1425 353 1499 planius
368 1426 641 1503 possumusdicare,
655 1442 744 1499 quam
756 1426 835 1498 quod
847 1428 982 1483 moreest
997 1441 1063 1498 qua
1117 1441 1197 1485 mam
1212 1430 1269 1503 (12)
1284 1434 1418 1488 nostram
1434 1436 1595 1505 penetrant,
1611 1436 1640 1490 at
1660 1431 1787 1504 inligant
1815 1433 1936 1509 corpori,

237 1514 382 1571 mundum
399 1512 545 1571 redemit?
1116 1517 1339 1591 visceribusque
1353 1520 1418 1593 ejus
1432 1525 1602 1578 annectunt.

565 1618 678 1677 qquq
693 1620 725 1678 v,
1153 1607 1197 1662 tr.
1213 1604 1376 1681 Fugiamus
1389 1625 1458 1685 ergo
1472 1610 1533 1668 hac
1548 1611 1636 1680 mala,
1651 1617 1680 1670 et
1693 1614 1855 1673 exaltemus
1878 1616 1937 1673 sni·

237 1708 370 1767 poetatur
392 1708 427 1766 aa
452 1714 635 1781 corumptum
659 1710 754 1765 morti,
774 1709 946 1781 ejiceremns
969 1725 1061 1779 usum,
1116 1712 1196 1754 mam
1216 1698 1397 1756 nostramad
1412 1698 1494 1757 illam
1509 1700 1668 1775 imaginem
1683 1702 1735 1759 Dei
1749 1705 1778 1760 et
1800 1704 1937 1763 similitu·

272 1782 300 1838 id
314 1786 363 1849 eat,
384 1782 630 1851 mortificationem,
647 1782 677 1836 iu
698 1782 778 1837 lecca
801 1782 861 1863 cita
885 1780 1059 1837 imitandum.
1117 1802 1196 1842 nem.
1213 1787 1293 1859 Fuga
1315 1784 1462 1845 malorum
1481 1785 1644 1847 similitudo
1658 1788 1710 1847 Dei
1723 1796 1777 1864 est,
1797 1797 1827 1850 ct
1849 1795 1937 1853 virtu

270 1855 339 1909 Dein
362 1852 587 1925 quemadmodem
613 1854 707 1908 animo
728 1853 762 1908 od
780 1852 993 1909 aemilitadinem
1012 1853 1062 1908 rtet
1075 1825 1103 1890 Β
1115 1874 1195 1931 tibus
1209 1876 1307 1949 imago
1332 1877 1383 1933 Μ
1411 1876 1582 1951 80ᾳῇ)ῃῆ
1605 1872 1746 1953 1d00·qu3
1771 1893 1826 1939 ng,l
1850 1884 1938 1957 pinxit

231 1956 235 1965 =
270 1925 416 1993 sectatur,
443 1942 461 1979 c
484 1939 535 1995 quo
555 1926 688 1995 pinguiter
710 1928 736 1979 et
760 1924 939 1993 cuawdiater,
959 1928 1059 1996 aperit.
1196 1964 1202 1975 .
1367 1965 1373 1976 .
1418 1963 1425 1978 .
1473 1964 1479 1979 .
1691 1967 1697 1984 .

273 1998 339 2053 Tum
354 1995 387 2053 de
400 1997 476 2051 horto
491 1996 600 2065 mentis,
616 2012 648 2051 M
670 1996 816 2066 fructibus,
841 1995 940 2068 quibus
958 2012 1060 2068 pam·
1117 1971 1203 2035 quast
1219 1968 1330 2034 auctor,
1345 1968 1440 2037 panxit
1452 1969 1596 2023 virtutum
1611 1967 1776 2026 coloribus:
1792 1960 1865 2028 Ecce
1882 1988 1936 2046 eqo,

269 2063 316 2123 pur
333 2066 455 2136 verbum,
471 2066 605 2139 disputat.
1115 2050 1213 2124 inquit
1228 2049 1264 2109 ad
1280 2052 1459 2140 ierusalem,
1481 2054 1565 2127 pinxi
1585 2070 1680 2114 muros
1697 2060 1759 2115 tuor
1773 2058 1837 2131 (lae.
1866 2070 1937 2134 xtra,

248 2142 252 2149 ’
271 2154 313 2212 16.
331 2154 386 2212 Sed
408 2157 443 2212 de
468 2153 618 2211 communi
642 2154 773 2210 omnium
799 2158 893 2210 morte
914 2154 1058 2211 dicamus.
1081 2139 1087 2149 ’
1117 2142 1172 2213 16)·
1188 2140 1453 2215 N0114010l8⁸m¹¹⁸
1469 2141 1606 2216 ΡΘΠῑθῨῙῙθ
1627 2146 1809 2221 negligenti&
1826 2148 1937 2225 (Ῑθβῑθῑᾶ

234 2242 308 2308 Q'uid
321 2258 385 2301 gam
406 2244 573 2311 timeamus,
591 2260 656 2316 quae
679 2242 782 2299 gnimffl
808 2259 911 2299 nocere
929 2256 992 2299 non·
1013 2260 1060 2299 30.
1116 2230 1223 2288 unimae
1247 2235 1352 2287 noeirae
1374 2232 1560 2290 firmamenta
1584 2235 1719 2293 muralia.
1744 2236 1811 2294 ideo
1849 2239 1936 2297 dixti?

233 2331 313 2389 leai‘l
334 2332 481 2405 Scriptum
502 2336 547 2389 cst
570 2330 668 2389 enim:
697 2332 787 2389 ll'otite
812 2333 908 2388 timere
942 2347 986 2387 cos
1011 2332 1062 2403 qai
1115 2318 1205 2375 Mum
1218 2321 1309 2392 piari,
1326 2319 1435 2394 (lilibus
1450 2322 1566 2379 hostem
1577 2324 1726 2397 possimus
1741 2331 1881 2384 avertere.

232 2422 357 2479 occidunt
379 2438 486 2494 corpus,
511 2423 635 2477 animum
657 2424 750 2476 cutem
771 2436 827 2476 uon
849 2423 961 2493 possunt
988 2421 1058 2475 occi·
1152 2408 1194 2465 1⁸·
1211 2404 1533 2469 Hibeiflniffltmflffls
1549 2428 1629 2483 ⁸⁰0³,
1645 2414 1935 2488 aequisonantiae,

231 2511 294 2568 dere
324 2510 429 2585 (daut.
458 2528 486 2579 x,
510 2510 568 2583 28).
597 2510 651 2566 Per
688 2510 812 2565 mortam
836 2514 934 2566 autem
969 2509 1058 2566 istam
1090 2496 1192 2556 aare
1208 2497 1393 2571 quibusait:
1422 2496 1601 2569 Equotutico
1621 2506 1741 2576 meritc,
1770 2518 1820 2577 epo
1844 2508 1937 2562 modas

231 2600 494 2673 animaliberalur,
511 2600 616 2656 dama
641 2598 771 2672 corporis
795 2598 984 2656 contubernio
1011 2614 1057 2655 se·
1113 2582 1219 2643 ‘’bitti‘'
1249 2584 1312 2658 (tao.
1344 2601 1431 2656 mli,
1466 2582 1504 2662 ⁸)-
1528 2588 1579 2647 ffifl
1614 2593 1747 2649 munstur
1765 2595 1872 2661 muris,
1893 2594 1937 2652 hit

230 2689 369 2757 cernitur,
401 2690 429 2743 at
463 2686 620 2744 involucris
657 2688 889 2761 perturbationis
930 2684 1055 2743 exuitur.
1111 2674 1233 2732 ⁰h⁸t2088
1253 2667 1429 2733 defenditur.
1455 2678 1572 2736 littere
1595 2695 1699 2738 murus
1731 2682 1844 2754 anima,
1877 2700 1936 2757 qua

230 2778 311 2835 Unde
325 2780 355 2834 et
369 2794 424 2833 nos
447 2776 517 2833 dum
533 2776 562 2831 in
580 2791 700 2849 corpora
720 2792 836 2846 sumus,
850 2791 937 2831 usum
952 2776 1058 2831 mortis
1111 2760 1650 2839 Plfflitfldstisscffiirifliffli·Undect
1675 2770 1844 2843 ipsaoitln
1868 2772 1936 2830 Cau·
2028 2758 2029 2834 i

230 2866 380 2924 imitantes
406 2864 573 2922 ablevemus
598 2864 729 2922 animam
751 2868 881 2920 nostram
911 2879 944 2919 cx
971 2862 1057 2921 istius
1109 2850 1626 2926 tiria21tprmorer,oterooea,ar
1648 2866 1738 2916 mim
1764 2858 1862 2932 (cani-
1875 2877 1933 2928 Vsst,

232 2955 328 3013 carnis
360 2952 461 3021 cubili,
482 2959 511 3010 at
542 2956 684 3026 tanquam
709 2953 744 3008 de
774 2952 830 3008 islo
863 2966 1057 3024 exsurgamus
1112 2939 1167 3013 ⁴⁰i·
1184 2938 1282 3000 Romi!
1297 2960 1403 3003 murus
1417 2959 1505 3018 quem
1520 2946 1615 3019 pinxit
1624 2946 1778 3019 Dominus,
1790 2950 1938 3023 sicutipse

232 3042 377 3117 sepulcro.
393 3042 581 3099 abducamus
597 3058 681 3098 nasa
704 3040 835 3113 corporis
858 3056 944 3109 nexu,
968 3040 1056 3097 relin·
1112 3026 1173 3086 isti
1197 3030 1229 3087 in
1246 3034 1377 3090 mamilli
1395 3034 1568 3108 miiaiin&
1589 3051 1683 3092 ”imi
1696 3040 1766 3106 tuos,
1782 3039 1811 3093 0²
1826 3041 1857 3095 ta
1875 3054 1936 3097 00²²·

229 3148 357 3207 quamue
377 3131 671 3204 omniaquracunque
695 3132 810 3184 terrena
832 3132 910 3195 sunt,
927 3133 960 3184 ut
988 3145 1056 3185 oum
1110 3124 1316 3190 3116111116οὥ
1333 3138 1439 3195 ⁸0de
1461 3125 1524 3197 (lec.
1548 3138 1625 3196 xm,
1648 3124 1702 3195 10)-
1732 3130 1815 3185 ΗΘΜ
1843 3128 1938 3185 anima
2028 3115 2029 3132 Χ

228 3222 340 3280 venerit
355 3220 549 3289 adversarius,
566 3216 640 3274 nihil
655 3210 684 3273 in
703 3217 787 3273 nohis
811 3216 939 3273 inveniat
958 3235 1057 3275 suum.
1073 3189 1097 3256 c
1115 3223 1179 3280 (1¹¹ae
1193 3208 1282 3267 habit
1296 3211 1508 3283 speculatorem
1525 3211 1628 3281 Deum,
1644 3218 1672 3270 θῑ
1686 3213 1717 3269 in
1728 3217 1938 3290 manibusejus
2028 3289 2029 3292 Ἴ

230 3308 448 3369 Contendamus
463 3311 498 3365 ad
515 3306 587 3363 illud
603 3310 754 3375 aternum,
771 3305 806 3362 ad
831 3304 901 3361 illud
926 3306 1059 3363 divinum
1114 3298 1687 3375 &Steivllltnimaprophcticaquaein
1715 3302 1857 3363 manibus
1888 3308 1937 3363 Do·
2028 3295 2029 3348 ἶ

230 3397 379 3457 evolemus
393 3396 498 3471 pennis
512 3394 688 3461 dilectionis,
704 3398 732 3450 et
748 3394 872 3468 remigio
895 3392 1057 3451 charitatis.
1113 3387 1186 3444 mini
1215 3390 1439 3447 commendatur
1465 3394 1499 3447 ut
1525 3391 1891 3468 tricamerataque),
1911 3397 1938 3451 et
2028 3391 2029 3426 ³

229 3485 393 3561 Surgamus
426 3482 505 3553 hinc,
540 3484 595 3540 hcc
616 3486 670 3551 set,
697 3484 732 3538 de
752 3482 949 3540 saecularibus
970 3482 1059 3556 atque
1114 3491 1178 3548 qua
1192 3477 1223 3532 in
1238 3482 1397 3551 conspectu
1412 3479 1462 3536 Dei
1476 3472 1634 3537 esttdcuit
1645 3484 1720 3537 euim
1734 3483 1848 3539 Domini
1859 3501 1938 3556 super
2028 3535 2029 3540 ,

230 3574 399 3633 mundanis.
425 3572 502 3629 Dixit
524 3572 602 3628 enirn
631 3571 794 3629 Dominus:
824 3572 941 3655 Srrrgitc,
964 3589 1058 3629 eamus
1108 3564 1412 3638 jaroatrratmrr,
1430 3568 1484 3640 16),
1501 3567 1698 3641 ffiudietipse
1717 3570 1776 3627 ait:
1792 3574 1937 3641 queram

231 3666 298 3720 tine
321 3665 410 3735 (ioan.
436 3678 494 3731 xlv,
518 3660 574 3733 21),
601 3659 771 3734 precipiens
796 3664 828 3717 ut
852 3661 1058 3734 unusquisque
1113 3650 1316 3729 interdiuque
1332 3664 1464 3728 tanquam
1479 3659 1622 3715 intentum
1635 3674 1730 3731 pacem
1753 3658 1847 3733 (dant.
1877 3678 1936 3731 vsu,

230 3757 333 3827 surgat
347 3749 382 3808 de
403 3748 534 3819 terrenis,
549 3748 781 3822 erigatanimum
802 3749 884 3805 humi
897 3749 1057 3821 jacentem,
1111 3742 1167 3815 l8).
1184 3744 1279 3801 Bonus
1293 3749 1390 3802 turres
1404 3744 1492 3803 hahet
1506 3764 1569 3820 que
1583 3742 1673 3804 habet
1692 3753 1720 3803 et
1734 3748 1770 3805 de
1799 3745 1937 3824 inteiligi-

231 3843 266 3899 ad
283 3839 544 3915 superenattollat,
562 3838 666 3894 excitet
682 3838 812 3910 aquilam
826 3854 922 3907 suam,
938 3842 967 3894 et
977 3837 1057 3895 illam
1112 3830 1222 3889 bilibus
1249 3834 1384 3905 verbum,
1411 3837 1440 3892 et
1472 3829 1509 3891 da
1537 3834 1699 3892 moralibus
1737 3835 1935 3912 disciplinam.
2028 3869 2029 3914 ,

230 3930 361 4003 aquilam
389 3930 425 3985 de
453 3946 513 4001 qua
541 3926 653 3983 dictum
678 3930 741 3982 est:
770 3926 957 3984 denotabitur·
985 3930 1058 3985 sicta
1112 3920 1696 3999 Ideoquehaeoanimahmensgratiam
1721 3940 1847 3985 suorum
1868 3926 1937 3983 ube-

230 4020 333 4093 aqut'iae
356 4020 486 4091 juventus
501 4020 550 4073 tua
565 4016 649 4088 (Paci.
667 4032 716 4083 cu,
740 4014 780 4087 5).
797 4016 839 4071 ud
857 4016 987 4071 animam
1002 4014 1057 4073 hcc
1112 4026 1178 4066 rum
1193 4008 1359 4085 ingreditur
1371 4012 1402 4068 in
1416 4012 1528 4081 hortos,
1541 4016 1571 4069 et
1584 4012 1736 4070 inveniens
1751 4011 1813 4071 illic
1842 4012 1935 4089 Spon-

230 4100 411 4165 dictumest.
427 4107 616 4178 Animaergc
636 4104 709 4160 8⁰7
739 4108 839 4161 nostra
860 4104 936 4161 sicut
960 4104 1059 4178 aquila
1112 4097 1345 4157 sumsedeutem
1367 4104 1396 4157 et
1417 4100 1619 4174 disputantem
1644 4114 1711 4159 cum
1735 4102 1852 4173 amicis,
1877 4105 1936 4161 ait:
2028 4135 2029 4184 j

231 4196 383 4271 altapctat,
401 4212 493 4267 supra
505 4194 598 4249 nubes
613 4192 700 4261 volet,
710 4194 858 4249 renovatis
873 4193 1059 4266 splendescat
1113 4188 1166 4257 Qui
1179 4184 1253 4244 811161
1268 4183 1299 4243 ta
1316 4187 1413 4257 torta,
1428 4199 1519 4246 ”Mem
1533 4192 1739 4247 miliarinam
1761 4194 1836 4249 mihi
1858 4192 1934 4265 (litli-

230 4286 352 4351 exuviis,
369 4280 767 4349 coelcvolatusinlerat,uhi
787 4280 907 4353 laqueos
930 4282 1058 4339 incidere
1113 4268 1169 4349 lii).
1193 4276 1268 4345 tritt,
1297 4276 1404 4350 inquit,
1428 4283 1487 4334 nen
1511 4278 1623 4335 amicit.
1647 4276 1719 4352 Fuge
1742 4282 1835 4352 prater
1861 4282 1936 4337 meret

231 4392 288 4429 non
304 4374 407 4447 possit.
432 4371 500 4426 Avis
522 4370 600 4426 enirn
617 4387 681 4442 qum
706 4368 858 4426 descendit
882 4370 996 4439 exalto,
1013 4371 1058 4429 vel
1112 4365 1190 4436 (roa.
1208 4362 1262 4435 11).
1293 4355 1432 4421 Hortatur
1450 4365 1483 4421 ut
1507 4363 1601 4439 lltgtat
1619 4363 1761 4440 Sponsae,
1783 4368 1853 4441 quia
1872 4370 1935 4441 jam

195 4518 198 4523 .
231 4480 294 4536 quae
310 4462 339 4516 in
356 4458 448 4517 altum
465 4476 496 4516 se
512 4458 648 4516 extollere
671 4468 729 4515 non
753 4462 861 4531 potest,
891 4460 1059 4533 frequenter
1112 4454 1196 4528 sequi
1212 4451 1410 4528 potestatium
1437 4452 1503 4527 ipsa
1523 4459 1639 4513 terrena
1661 4456 1834 4530 lugientem.
1861 4458 1937 4515 Dicit

231 4556 282 4608 aut
295 4550 409 4622 laqueis
423 4548 548 4621 capitur,
564 4551 614 4604 aut
627 4545 706 4604 visco
723 4546 844 4615 fallitur,
862 4553 913 4604 aut
934 4548 1058 4621 quibus·
1073 4537 1098 4622 Ι)
1112 4547 1210 4600 autem
1224 4547 1258 4599 ut
1269 4542 1374 4599 similis
1390 4543 1428 4599 eit
1442 4535 1652 4617 damula,quaa
1664 4543 1935 4603 evaditderetibus.
2028 4583 2029 4586 ,

231 4656 346 4713 cunque
373 4638 504 4694 irretitur
533 4634 659 4692 insidiis.
684 4634 731 4691 Sic
757 4649 876 4709 quoque
900 4640 929 4693 et
960 4638 1059 4695 anima
1111 4630 1180 4689 Vult
1203 4624 1280 4689 Μ
1304 4632 1383 4689 enim
1406 4634 1436 4689 et
1455 4627 1521 4705 ipae
1542 4630 1642 4707 sugere
1665 4630 1824 4691 ctevolare
1848 4649 1936 4707 supra

230 4732 332 4786 nostra
346 4729 446 4783 caveat
460 4726 495 4782 ad
518 4724 580 4780 hac
606 4723 757 4779 mundana
785 4724 971 4781 descendere.
1002 4728 1057 4783 La·
1111 4723 1268 4779 mundum.

230 4830 325 4899 queas
340 4814 429 4873 estin
445 4813 635 4881 aur0,viscus
650 4810 821 4885 inargeulo,
839 4815 1056 4889 nexusinprae·
1146 4807 1190 4868 ii).
1207 4803 1281 4867 ffinc
1310 4810 1429 4867 hortum
1456 4803 1541 4866 illum
1570 4803 1626 4868 sibi
1654 4810 1736 4868 alato
1760 4809 1933 4887 composuit,

229 4909 289 4977 dio,
306 4902 514 4963 blavusestin
538 4916 647 4957 amore.
676 4898 752 4957 Dum
781 4918 888 4959 aurum
917 4904 1056 4976 petimus,
1111 4913 1199 4971 quem
1213 4897 1294 4956 iovis
1307 4898 1427 4956 hortum
1443 4890 1523 4969 alibi,
1540 4893 1610 4956 aiibi
1624 4892 1743 4957 hortum
1758 4903 1866 4958 mentis
1890 4895 1935 4972 (tt

228 4992 450 5070 strangulamur
466 5010 472 5049 :
490 4990 560 5046 dum
576 4992 730 5063 argentum
746 4990 916 5062 quaerimus,
932 4993 962 5049 in
978 4995 1056 5052 visco
1111 4985 1277 5061 appellavit·
1292 4989 1395 5045 iorem
1409 4988 1533 5045 enim'ti
1546 4990 1635 5046 deum
1649 4993 1677 5045 el
1691 4994 1821 5048 mertem
1843 4988 1936 5047 totius

264 5137 410 5212 (tundit.
431 5150 544 5201 omnes,
563 5132 826 5190 dracontites.
848 5150 865 5189 e
898 5136 1054 5206 contrario,
1110 5133 1219 5190 Omuce
1242 5146 1328 5199 msa,
1353 5142 1414 5204 quet
1513 5136 1517 5145 “
1567 5134 1575 5147 ’
1607 5135 1638 5188 ie
1661 5130 1769 5190 mint.
1792 5134 1882 5201 Bene,
1908 5129 1934 5185 sl

229 5210 295 5266 dum
316 5213 447 5265 tentetur.
466 5206 591 5278 Intelligi
614 5208 712 5262 autem
734 5205 782 5261 hic
807 5208 902 5277 potest
923 5204 1057 5263 mulieris
1110 5209 1208 5261 mente
1228 5220 1264 5260 eu
1305 5203 1378 5273 leae,
1402 5211 1430 5260 te
1479 5211 1483 5219 '
1552 5198 1621 5274 ham,
1642 5204 1700 5273 vol,
1721 5216 1880 5279 cmopoom,
1904 5194 1933 5256 ld

230 5276 650 5345 decusvellormamtentari,
677 5289 744 5333 curu
773 5276 840 5349 quis
866 5292 925 5332 sua
954 5276 1056 5334 virtuti
1110 5280 1165 5344 est,
1203 5292 1247 5331 uu
1276 5275 1503 5349 egitinoastris.

230 5350 355 5407 nimium
372 5346 811 5432 arrogansadillumincautius
827 5348 1057 5421 scirequentius
1144 5292 1202 5474 edi
1216 5346 1312 5403 (lodex
1326 5346 1424 5431 albin.
1440 5346 1637 5432 alteritatum
1659 5346 1787 5405 dana...
1802 5352 1830 5405 et
1846 5348 1935 5403 uam

230 5423 367 5479 accedere
382 5438 439 5478 non
455 5421 634 5478 reformidat.
1108 5423 1135 5475 et
1171 5423 1267 5475 uatem.
1286 5418 1391 5475 Melius
1411 5418 1493 5475 llemr
1516 5460 1535 5487 .,
1552 5420 1662 5475 dorium
1681 5423 1817 5477 martit...
1840 5422 1934 5476 ivm

266 5493 324 5565 (12)
342 5490 735 5565 l‘leriquernss.,qaaevelat
750 5486 976 5563 tenuesquidcm
991 5496 1055 5549 arri-
1108 5492 1210 5547 etenim
1223 5490 1485 5560 immemorem
1558 5490 1936 5563 emmerammum

229 5580 315 5631 amm,
326 5568 380 5619 etc.
1109 5562 1225 5635 reliqui,
1241 5573 1276 5620 ac
1287 5562 1361 5619 edit.
1379 5566 1412 5621 at
1425 5563 1456 5618 in
1470 5565 1561 5619 tenta.

267 5634 322 5705 (13)
351 5634 459 5689 Omnes
487 5634 554 5689 edii.
584 5648 646 5703 quse
678 5634 862 5703 praeandtrar
888 5635 917 5690 iu
943 5638 1053 5694 castris.
1127 5662 1131 5667 ¹
1347 5664 1351 5671 ·
