4159 6184
251 367 313 431 995
991 369 1025 430 S.
1048 364 1238 430 aureostt
1344 359 1352 366 ⁹
1875 373 1924 436 att

252 501 342 559 dixit:
360 522 374 550 «
391 497 497 554 Beatus
514 497 564 570 qui
578 493 667 555 habet
681 498 793 570 partem
808 497 837 554 in
854 479 952 571 'prima
981 515 1076 555 resur·
1089 502 1116 567 Α
1131 499 1247 566 derunt,
1269 501 1297 554 et
1325 497 1412 554 fidem
1437 513 1521 555 auam
1548 496 1636 556 etiem
1664 497 1797 572 operibus
1820 507 1925 561 enecuit

250 588 378 647 rectione
394 590 486 659 (apoc.
503 603 549 656 xx,
564 587 604 659 6),
620 587 669 645 isti
698 586 777 644 enim
806 587 870 644 siue
893 587 1006 659 judicio
1031 605 1079 644 ve·
1135 590 1214 655 sunt,
1230 586 1287 659 ipsi
1304 604 1362 643 non
1384 586 1522 660 judicari,
1553 589 1604 645 sed
1629 605 1746 663 surgere
1771 590 1801 648 in
1826 593 1926 650 concilio

251 678 337 734 niunt
348 676 384 734 ad
400 677 543 750 gretiam:
561 677 610 750 qui
627 681 724 733 autem
750 693 807 732 nou
832 675 953 733 veniunt
967 677 1003 733 ad
1019 675 1079 750 pri·
1130 677 1279 747 justorum
1294 679 1462 748 peccatores
1481 679 1582 732 autem
1609 678 1658 750 qui
1686 693 1743 734 non
1768 684 1879 750 possunt
1893 680 1926 738 in·

250 782 331 823 mam
344 764 602 834 resurrectionem,
618 767 669 821 sed
685 765 721 822 ad
743 765 902 822 secundem
930 781 1078 822 reservem·
1132 767 1178 821 tor
1186 763 1287 836 justos
1301 779 1432 835 surgere,
1448 769 1570 837 surgent
1583 765 1614 821 in
1624 765 1746 837 iudicio.
1772 765 1858 824 Babae
1871 769 1928 828 duos

249 860 308 923 tur,
324 853 374 912 isti
394 858 527 922 urentur,
554 855 647 910 donec
676 853 821 928 impleant
848 857 982 928 tempora
1004 853 1080 911 inter
1131 853 1261 910 ordines.
1291 852 1408 909 Tertius
1442 860 1577 926 superest
1604 853 1769 927 impiorum,
1797 856 1844 928 qui
1871 873 1928 930 qno·

248 943 376 1017 primam
392 945 420 1000 et
436 942 596 999 secundam
621 941 884 1000 resurrectionem:
901 942 991 1000 autsi
1020 959 1077 998 non
1133 942 1212 999 niam
1227 959 1284 999 non
1299 941 1571 1014 crediderunt,jam
1591 943 1717 1016 judicati
1732 947 1816 1014 sunt;
1831 949 1857 1002 et
1879 945 1928 1005 ideo

249 1030 443 1106 impleverint,
473 1030 586 1088 diutius
621 1031 652 1086 in
680 1029 824 1104 supplicio
853 1031 1077 1105 permanebunt.
1133 1048 1191 1088 non
1206 1034 1332 1105 surgunt
1346 1031 1375 1086 in
1396 1029 1519 1102 judicio,
1546 1032 1650 1089 sedad
1667 1049 1797 1105 posnam:
1817 1035 1929 1092 «dilexe

248 1121 315 1177 Ideo
343 1135 413 1192 ergo
446 1134 584 1193 rogemus
617 1123 650 1175 ut
679 1119 709 1175 in
743 1119 839 1193 prime
867 1119 1079 1176 resurrectione
1132 1119 1293 1177 runtenim
1309 1119 1404 1193 magis
1418 1120 1554 1177 tenebras
1569 1137 1657 1194 quam
1673 1120 1767 1180 lucem
1794 1121 1872 1194 (loen.
1895 1142 1929 1191 ur,

248 1214 362 1284 partem
378 1207 486 1265 habere
501 1223 676 1266 mereamur.
693 1207 768 1264 Sunt
778 1208 829 1282 qui
858 1195 1079 1267 resurrexeruut
1133 1209 1196 1278 19);
1216 1230 1230 1258 »
1246 1210 1274 1264 et
1288 1207 1510 1280 ideojudieium
1524 1225 1627 1267 eorum
1642 1228 1727 1282 poena
1745 1216 1798 1280 est,
1822 1217 1848 1268 et
1870 1213 1926 1270 torte

247 1300 277 1356 in
293 1296 429 1372 passione
444 1295 613 1366 Christi3et
627 1296 678 1354 isti
694 1295 780 1372 plane
796 1297 883 1366 beati,
913 1297 964 1370 qui
993 1312 1078 1354 ecce·
1132 1313 1219 1368 poena
1243 1298 1440 1354 tenebrarum.
1470 1298 1504 1353 ut
1535 1303 1650 1372 poterat
1682 1299 1800 1372 quidem
1831 1299 1929 1376 intelligi

247 1390 354 1463 parunt
368 1385 477 1442 Christi
492 1385 628 1459 gratiam,
653 1389 681 1442 et
709 1385 866 1442 audierunt
892 1402 993 1444 vocem
1013 1386 1078 1458 ejus
1132 1387 1210 1458 quod
1226 1386 1244 1443 ii
1261 1385 1312 1458 qui
1326 1385 1405 1443 male
1426 1401 1515 1461 opere
1529 1386 1649 1457 hebent,
1679 1389 1826 1446 credentes
1850 1394 1927 1447 tamen

247 1478 283 1534 de
298 1493 357 1550 que
367 1475 508 1548 scripturn
525 1478 588 1530 est:
605 1495 619 1524 a
634 1474 722 1531 Venit
735 1474 808 1532 hora
818 1475 936 1547 quando
958 1472 1079 1531 audient
1132 1474 1162 1531 in
1183 1474 1344 1542 Christum,
1359 1474 1489 1531 volentes
1512 1475 1632 1547 quidem
1661 1480 1739 1533 recte
1764 1475 1866 1546 unere,
1890 1478 1928 1534 sed

247 1564 468 1622 mortuivocem
484 1561 549 1619 Filii
564 1562 626 1630 Dei,
655 1566 684 1619 et
712 1563 762 1636 qui
793 1563 951 1638 audierint,
979 1563 1078 1619 vivent
1130 1561 1198 1618 victi
1214 1561 1359 1620 illecebris
1373 1567 1570 1636 peccatorum,
1592 1563 1758 1622 dilexerunt
1783 1565 1844 1638 plus
1868 1571 1928 1622 tene·

245 1658 340 1724 (loon.
355 1671 383 1723 v,
398 1653 453 1724 25).
473 1653 555 1707 »Etr
586 1674 600 1702 «
631 1651 759 1725 Ingressi
786 1656 856 1708 sunt
883 1650 913 1706 in
943 1655 1076 1708 sanctem
1131 1651 1200 1708 brae
1215 1667 1304 1723 quam
1319 1650 1435 1708 lucem:
1452 1651 1482 1709 id
1495 1656 1550 1721 est,
1562 1655 1723 1727 utrumqne
1732 1653 1927 1723 dilexeruntsed

245 1743 391 1799 civitatem
407 1739 516 1812 (bleida
545 1757 633 1806 ιιιιιιιι,
663 1741 708 1796 53.
727 1764 741 1789 ιι
770 1741 842 1796 Puto
872 1739 949 1812 quod
981 1739 1076 1812 magis
1131 1738 1227 1812 magis
1241 1740 1387 1796 tenebras.
1403 1739 1459 1797 Sed
1475 1734 1545 1814 quia
1560 1740 1595 1797 de
1609 1740 1670 1799 illis
1681 1742 1819 1815 premisit
1829 1743 1872 1816 qui
1884 1759 1927 1799 non

244 1829 325 1886 illem
342 1829 487 1901 signitlcet
502 1844 672 1900 supernam,
687 1845 777 1901 quam
792 1827 880 1884 istam
895 1827 1071 1896 Jerusalem,
1088 1871 1112 1936 B
1131 1827 1326 1895 crediderunt,
1343 1828 1386 1884 sic
1414 1829 1618 1902 accipiendum
1650 1835 1720 1902 puto
1749 1831 1822 1902 quod
1846 1830 1928 1887 dilexe

245 1935 334 1992 quam
351 1916 477 1990 reliquit,
494 1933 582 1988 quam
597 1917 744 1973 incusavit
758 1917 836 1989 quod
851 1917 880 1972 in
892 1916 979 1973 istam
994 1917 1074 1989 pedi·
1129 1921 1199 1972 runt
1212 1917 1357 1984 tenebras,
1372 1921 1400 1972 et
1415 1935 1472 1974 non
1494 1916 1609 1988 lucem;
1639 1918 1692 1976 lux
1718 1919 1795 1975 enim
1819 1918 1927 1976 Christus

244 2009 310 2076 bus,
326 2006 356 2062 in
372 2005 454 2062 illam
469 2010 567 2062 eutem
583 2021 741 2078 supernam
757 2005 870 2062 meritis
889 2006 1072 2062 intraverint.
1128 2009 1182 2061 est.
1199 2006 1253 2070 Qui
1264 2021 1333 2078 ergo
1348 2021 1406 2063 nou
1421 2005 1609 2063 crediderunt
1632 2006 1705 2080 luci,
1732 2007 1878 2064 absurdum
1893 2011 1927 2062 est

275 2096 324 2152 55.
340 2095 394 2151 Sed
420 2092 491 2149 illud
521 2109 687 2166 caveamus,
718 2099 749 2150 ut
777 2093 825 2150 hic
852 2094 942 2166 positi
970 2111 1072 2168 surga—
1128 2098 1161 2149 ut
1183 2092 1280 2150 lucem
1299 2094 1344 2150 vel
1369 2092 1506 2151 dilexisse
1533 2096 1702 2164 creduntur,
1731 2112 1816 2169 quam
1839 2093 1927 2152 nescie-

244 2202 311 2242 mus
325 2184 361 2241 de
375 2182 489 2239 tumulo
504 2185 597 2239 terrie.
623 2183 699 2239 Sunt
712 2183 763 2256 qui
786 2183 915 2240 viventes
940 2181 1073 2256 sepulcre
1128 2187 1205 2239 runt.
1221 2204 1236 2234 «
1251 2182 1425 2239 Nescierunt
1452 2184 1543 2250 enim,
1559 2200 1655 2257 neque
1684 2182 1879 2252 intellexerunt,
1902 2183 1925 2238 in

243 2278 314 2332 suut
329 2271 501 2330 circumdati
515 2274 543 2327 et
562 2271 666 2344 repleti
682 2271 817 2340 mortuis,
834 2288 961 2344 quorum
971 2274 1075 2345 guttur
1127 2269 1256 2328 tenebris
1280 2269 1442 2338 ambulant,
1473 2295 1486 2321 ιι
1516 2270 1593 2327 sicut
1620 2272 1765 2345 seriptum
1791 2275 1833 2328 est
1859 2270 1927 2342 (Ptol.

244 2362 482 2436 sepulcrumest,
503 2377 559 2416 non
589 2358 773 2432 loquentium
801 2361 889 2418 verba
917 2359 992 2428 vite,
1021 2360 1072 2416 sed
1128 2376 1221 2429 mxxi,
1233 2359 1272 2431 5).

244 2451 358 2510 mortis.
374 2450 404 2507 Si
417 2449 462 2505 hio
487 2450 733 2506 resurrexerimus
763 2467 780 2505 a
805 2449 941 2518 mortuis,
957 2453 986 2507 et
1013 2447 1073 2505 illio
1163 2449 1198 2503 57
1213 2446 1306 2521 (Vere.
1322 2449 1363 2521 6.)
1378 2447 1535 2525 Sequitur:
1552 2472 1565 2499 a
1593 2448 1738 2514 Quoniam
1762 2449 1836 2506 novit
1851 2447 1927 2504 bomi-

244 2554 450 2613 resurgemus:
479 2539 503 2594 si
533 2537 580 2593 hio
609 2554 674 2595 non
699 2537 843 2594 fuerimus
872 2555 940 2596 ossa
970 2537 1071 2606 arida;
1128 2553 1184 2594 uus
1199 2538 1447 2608 vinmjustorum,
1464 2541 1492 2592 et
1508 2537 1563 2593 iter
1578 2536 1739 2611 impiorum
1749 2535 1926 2611 peribitittd·

144 2701 149 2710 ι
246 2631 322 2688 m
347 2628 396 2684 sed
426 2627 626 2699 acceperimus
659 2643 754 2684 rorem
788 2626 887 2694 Verbi,
917 2627 1072 2684 humorem
1126 2630 1205 2711 verte
1220 2643 1360 2683 sensum:
1379 2649 1389 2676 ι
1407 2626 1470 2683 Νοιι
1487 2631 1646 2700 resurgunt
1662 2628 1747 2701 impii
1767 2627 1796 2683 in
1817 2623 1925 2698 iudicio:

243 2717 370 2791 Spiritus
385 2715 489 2782 sancti,
501 2718 529 2771 et
543 2713 615 2771 illuc
629 2715 773 2786 vivimus;
792 2716 833 2772 sic
850 2716 897 2771 hic
922 2732 976 2774 nos
995 2716 1071 2772 exci·
1126 2715 1267 2789 quoniam
1277 2715 1926 2789 novitDominusviumjustorum.«Viaseomn

244 2806 348 2863 laverit
363 2805 450 2861 Jesus
464 2820 533 2860 voce
548 2821 603 2860 sua
624 2820 743 2877 magna,
759 2809 791 2861 ut
819 2803 955 2862 excitavit
983 2805 1072 2861 Laza-
1127 2805 1227 2878 utique
1240 2804 1330 2872 novit,
1342 2821 1467 2876 quorum
1487 2803 1586 2878 dirigit
1608 2820 1750 2878 gressus;
1779 2792 1926 2861 sunt'enin

191 2907 200 2920 ·
245 2911 321 2962 rum,
334 2897 362 2950 et
390 2908 442 2967 per
468 2891 629 2965 discipulos
658 2909 728 2949 suos
756 2892 874 2950 soluerit
901 2910 918 2949 a
946 2893 1071 2950 vinculis
1126 2892 1849 2966 gressushominnm,quiaDominodiriguntur.
1869 2889 1925 2946 Diri·

244 2982 359 3050 mortis,
379 2985 405 3036 et
420 2979 568 3036 induxerit
582 2979 612 3036 in
623 2979 808 3050 bethaniam,
824 2981 875 3038 ubi
896 2986 959 3038 erat
983 2983 1070 3038 Laza-
1125 2986 1236 3055 guntur
1246 2982 1392 3039 aDomino
1403 2981 1489 3038 etviae
1499 2980 1626 3038 cirillae
1638 2978 1921 3045 novitDominuseias,

243 3087 304 3141 rus,
320 3070 375 3127 hoc
391 3073 446 3138 est,
461 3069 490 3124 in
507 3070 628 3126 domum
645 3067 831 3136 obeditionis,
844 3073 874 3125 et
901 3070 1071 3127 adhibuerit
1126 3087 1189 3143 que
1200 3074 1269 3127 sunt
1283 3077 1377 3137 recte,
1393 3070 1508 3144 quaed
1524 3069 1605 3127 illam
1620 3071 1713 3128 vitam
1723 3071 1840 3128 tendunt
1851 3067 1924 3123 diren-

243 3159 432 3216 hieconvivio
456 3174 529 3226 suo;
554 3157 660 3214 etillio
688 3174 755 3216 cum
785 3159 887 3214 eodem
916 3159 1068 3216 recumbe·
1126 3159 1182 3216 tis:
1200 3183 1213 3210 u
1230 3159 1289 3232 Ego
1305 3177 1370 3215 sum
1385 3158 1441 3228 via,
1457 3157 1574 3227 veritas,
1591 3165 1620 3217 et
1631 3160 1693 3216 vita
1713 3163 1793 3233 (toan
1805 3175 1857 3227 xiv,
1868 3159 1923 3226 bt.»

244 3265 321 3316 mue,
355 3251 384 3305 et
416 3264 482 3303 cum
515 3263 548 3303 eo
582 3262 697 3319 semper
728 3246 925 3319 epulabimur,
958 3251 987 3303 et
1019 3239 1105 3306 ittet}
1125 3248 1685 3306 Hmchonaestvia:tortuosaantem
1713 3248 1813 3307 estvia
1837 3241 1924 3304 seculi.

243 3337 328 3395 nohis
343 3336 484 3394 redolebit
503 3338 698 3406 unguentum,
728 3336 806 3406 quod
831 3335 912 3392 solus
940 3336 1072 3407 proditor
1125 3335 1805 3410 Nondignuturillamviamnosse.lllosanim
1817 3329 1925 3408 agnoscit

242 3424 358 3481 dolebat
372 3424 510 3480 affusum.
1126 3425 1176 3499 qui
1192 3429 1261 3482 sunt
1276 3423 1380 3498 ipsius,
1411 3425 1462 3499 qui
1490 3431 1652 3499 operentur
1681 3442 1768 3500 opera
1792 3425 1864 3497 ejus:
1885 3417 1924 3492 qui

277 3513 323 3568 56.
339 3511 432 3584 (Vers.
448 3511 488 3582 5.)
522 3511 596 3584 Ergo
622 3511 736 3584 rimpii
765 3528 823 3570 non
853 3517 1012 3588 resurgunt
1041 3515 1070 3570 in
1125 3520 1223 3572 autem
1239 3517 1399 3587 operantur
1413 3512 1609 3586 iniquitatem,
1624 3515 1674 3573 hie
1696 3515 1766 3572 dicit
1791 3509 1922 3568 Dominus:

189 3643 190 3648 ι
239 3600 381 3674 judicio»
398 3599 454 3656 hoc
465 3602 552 3669 est,iu
568 3601 730 3673 portionem
746 3618 847 3659 eorum
862 3603 911 3676 qui
922 3603 1070 3674 judicium
1126 3627 1140 3653 ιι
1171 3602 1317 3660 Discedita
1349 3619 1367 3658 a
1395 3618 1454 3672 me,
1488 3619 1591 3660 omnes
1619 3602 1747 3677 operarii
1774 3593 1923 3673 iniquitatis‘

243 3687 472 3744 subiturisunt:
492 3709 505 3737 e
522 3703 574 3743 uec
591 3693 931 3764 peccatoresresurgunt
948 3691 977 3746 in
1002 3709 1069 3748 con·
1125 3690 1580 3762 nonnovivos(Luo.x111,27).
1602 3714 1616 3741 ιι
1645 3692 1710 3750 Νοιι
1739 3707 1789 3766 per
1813 3689 1923 3761 ignoran-

242 3775 477 3848 eiliojustorum.
494 3797 509 3824 »
524 3774 612 3833 Vides
627 3775 698 3848 quia
712 3783 839 3851 surgunt
854 3779 947 3852 impii,
970 3783 998 3835 et
1013 3797 1071 3836 non
1126 3795 1208 3848 uam,
1225 3780 1275 3837 sed
1291 3779 1387 3852 perid
1403 3780 1480 3852 quod
1509 3780 1624 3854 indigni
1654 3782 1716 3839 sint
1742 3776 1855 3837 scientia
1875 3769 1922 3836 bei,

243 3867 368 3938 surgunt
383 3863 535 3936 injudicio
547 3864 711 3936 justorum,
728 3867 798 3939 quia
820 3874 987 3940 peccatores
1015 3869 1071 3925 etsi
1126 3868 1308 3927 nesciuntur.

242 3971 300 4010 nou
327 3958 485 4026 resurgunt
513 3953 543 4009 in
572 3953 695 4010 concilio
719 3955 880 4026 justorum,
912 3961 1072 4030 resurgunt
1163 3957 1238 4014 m
1253 3959 1299 4014 58.
1317 3956 1440 4014 Pulchre
1456 3961 1555 4014 antem
1571 3958 1630 4015 eit:
1650 3959 1714 4014 «Et
1728 3958 1781 4014 iter
1793 3951 1922 4026 impiomm

241 4048 340 4100 tamen
355 4041 519 4113 injudicio.
537 4041 618 4098 Unde
643 4042 779 4099 videntur
801 4044 852 4116 qui
877 4045 950 4101 bene
978 4047 1070 4103 credi·
1125 4045 1241 4120 peribit.
1259 4068 1273 4096 ιι
1289 4045 1421 4119 Speravit
1435 4045 1568 4116 Latinus,
1584 4049 1619 4103 ut
1631 4046 1690 4104 iter
1704 4047 1817 4116 diceret,
1830 4046 1856 4100 et
1873 4043 1922 4094 tan·

243 4219 307 4259 eam
321 4201 479 4275 intelligas,
494 4220 553 4276 qua
569 4207 765 4259 Damasceuus
780 4201 830 4259 lib.
856 4205 893 4260 lte
921 4204 1072 4262 heresibus
1124 4207 1187 4281 ipse
1222 4205 1405 4279 Augustinus
1443 4205 1554 4263 ibidem
1591 4207 1701 4264 tutetur
1727 4222 1759 4262 se
1784 4201 1844 4260 illas
1867 4197 1921 4252 dum

243 4274 341 4330 tradit.
359 4273 539 4347 origenistas
554 4274 699 4340 docuisse,
717 4273 819 4330 Christi
832 4290 862 4330 re
880 4293 946 4332 nam
962 4277 1072 4334 leodem
1125 4278 1207 4352 prius
1235 4293 1303 4334 cum
1332 4275 1504 4333 millenariis
1533 4279 1665 4344 sentiret,
1688 4276 1846 4334 admisisse.
1859 4262 1921 4334 0110(ἰ

244 4344 393 4426 aliquande
418 4346 579 4412 desituram,
618 4353 644 4401 et
676 4347 760 4401 simut
787 4291 898 4414 annalis
926 4347 1070 4420 desituros,
1124 4366 1266 4406 veronen
1288 4349 1412 4406 obscure
1440 4348 1555 4406 videtur
1583 4349 1680 4405 hicet
1706 4348 1781 4405 iutra
1804 4333 1921 4416 num&

245 4430 339 4486 neque
353 4419 440 4470 etiam
452 4414 558 4472 Gabari
566 4415 717 4473 tritheistie
728 4416 942 4488 blasphemiam
953 4435 1012 4491 qua
1023 4436 1072 4475 as-
1125 4426 1213 4493 atque
1227 4419 1297 4476 alibi
1312 4419 1409 4476 doceri
1425 4436 1528 4478 omnes
1542 4425 1708 4492 peccatores
1729 4417 1778 4491 qui
1805 4416 1833 4470 in
1845 4410 1923 4485 Chat·

246 4485 339 4542 seruit
353 4501 416 4540 cum
435 4485 509 4542 'ustis
522 4492 710 4544 resurrectura
723 4504 827 4560 quoque
842 4491 934 4544 tirnaio
962 4493 1071 4546 animo·
1125 4499 1189 4548 tum
1204 4490 1391 4557 crediderint,
1411 4497 1478 4564 post
1506 4496 1669 4566 expurgata
1695 4507 1745 4564 per
1770 4488 1859 4562 ignem
1883 4492 1924 4533 en·

246 4557 298 4640 lie,
313 4558 367 4610 eto.
385 4503 440 4611 Sei
455 4572 520 4639 eam
535 4575 594 4630 qua
607 4558 780 4642 dicebantur
789 4561 859 4630 justi
872 4562 993 4632 primum
1012 4579 1070 4619 em·
1126 4564 1207 4619 mine
1219 4561 1379 4619 salvandos
1395 4578 1472 4631 esse,
1488 4580 1547 4619 non
1563 4564 1650 4619 modo
1667 4559 1798 4634 Origeni's
1810 4554 1925 4628 aliorum·

225 4691 230 4698 ¹
244 4643 325 4683 nrum
338 4635 478 4694 revicturi,
494 4631 520 4683 et
534 4645 610 4710 'mm
636 4629 742 4686 Chresto
768 4646 798 4685 m
826 4647 934 4688 surnmo
947 4649 1013 4704 poce
1040 4607 1110 4690 uelJ
1147 4651 1183 4691 ue
1197 4633 1360 4691 multorum
1374 4634 1506 4704 eiusdem
1521 4636 1615 4690 aetatis
1629 4639 1748 4691 Petrum
1761 4647 1793 4687 ea
1805 4623 1924 4685 sonent·

244 4699 381 4768 uoluptate
395 4707 537 4768 regnaturi
550 4717 601 4771 per
613 4701 690 4756 mitte
718 4715 825 4768 eunom
839 4705 898 4772 post
925 4705 994 4775 qaod
1008 4721 1071 4776 spo·
1126 4652 1192 4773 iuti,
1208 4721 1309 4762 verum
1324 4709 1353 4761 et
1366 4705 1522 4777 ipsiusmet
1536 4704 1704 4831 Hieronpmi
1718 4701 1768 4758 lib.
1785 4717 1794 4754 1
1814 4695 1923 4754 Advertit!

245 4772 314 4826 aaut
342 4770 419 4840 fieret
447 4773 610 4826 resurrectio
642 4772 779 4844 poneretis
807 4781 889 4844 etque
915 4777 1073 4834 uniuersale
1126 4778 1222 4846 Pelcp.
1239 4794 1303 4850 cap.
1318 4777 1347 4846 9,
1362 4781 1392 4833 et
1405 4775 1474 4833 alibi
1490 4776 1625 4849 pluribus
1651 4776 1722 4842 ocis.
1739 4762 1880 4829 Undacolli

241 4841 390 4914 judicium.
412 4841 492 4908 Quod
523 4842 654 4924 quidem·
668 4841 721 4924 etsi
748 4843 902 4924 Ambrosio
929 4846 1073 4904 tribuere·
1127 4865 1255 4906 errorem
1267 4848 1347 4908 hunc
1361 4846 1421 4904 illie
1437 4848 1618 4974 temporibus
1634 4847 1758 4904 necdum
1781 4841 1815 4897 ab
1840 4771 1922 4912 &aff

248 4929 315 4970 rnus
342 4927 401 4968 non
428 4916 508 4969 esset
535 4930 588 4968 cur
616 4929 715 4968 mirari
755 4931 913 4986 quisquam
945 4918 1072 4975 deberet.
1127 4918 1294 4992 sialiquido
1310 4918 1401 4975 fuisse
1416 4936 1499 4992 repro
1521 4925 1614 4976 atum.
1630 4919 1686 4976 Sed
1701 4909 1921 4973 comemorans

246 4985 364 5042 Certum
380 4982 458 5068 enim
474 4989 518 5040 est
544 4984 771 5112 incoepi-nicee
794 5002 853 5068 non
880 4991 994 5046 tantum
1010 4990 1073 5046 Ori-
1149 4991 1238 5046 raelet.
1268 4989 1385 5062 inpssl.
1411 5007 1518 5058 xxxvii,
1542 5007 1623 5046 num.
1649 4993 1667 5046 2
1694 4984 1820 5066 absolute
1843 4975 1920 5057 ‘lietb

245 5060 661 5184 retractaturus
677 5056 785 5183 liti?
799 5061 1074 5190 ttt‘tttttttt
1127 5009 1198 5190 itt
1218 5061 1506 5189 :ttttt‘ttt
1543 5064 1667 5190 illi..
1678 5044 1921 5189 ”wilielmi

247 5197 339 5254 luisse
352 5197 450 5272 magni
464 5171 592 5281 nominis
607 5197 706 5254 Patres
722 5203 785 5255 tum
795 5147 908 5258 arceiis
922 5207 985 5260 tum
997 5203 1074 5261 Lati·
1128 5151 1271 5260 elihipnon
1286 5203 1442 5260 dissimilia
1455 5174 1553 5261 tradet
1563 5149 1653 5261 :qaum
1668 5202 1723 5259 hoc
1746 5191 1919 5256 recinentem

248 5284 312 5324 nos.
330 5267 437 5326 Horum
454 5271 756 5327 reverentreeamdem
788 5272 964 5330 senteutiam
989 5275 1074 5331 dam·
1128 5293 1163 5333 en
1178 5275 1305 5349 propria,
1322 5280 1699 5348 quamexmemoratcrum
1713 5272 1824 5327 Petrum
1844 5257 1920 5328 mente

249 5353 319 5394 nare
335 5355 392 5396 non
406 5342 471 5398 ausi
486 5345 557 5398 sunt
571 5341 687 5398 Hieron.
702 5341 730 5397 in
746 5342 879 5399 leremiie
894 5361 950 5412 ιιιιι,
976 5347 1020 5412 11,
1047 5351 1075 5402 et
1128 5347 1259 5404 locutum
1272 5362 1432 5421 possumne
1441 5347 1586 5420 judicare.
1610 5347 1698 5402 Porro
1724 5343 1758 5398 de
1785 5338 1835 5394 hec
1851 5335 1919 5413 'amnt

248 5410 290 5462 Au
334 5416 370 5464 st.
387 5410 437 5467 lib.
462 5429 586 5484 rx,eap.
609 5415 637 5476 7.
654 5412 705 5485 qui
734 5411 788 5468 hoc
816 5414 881 5488 ipso
911 5415 972 5472 loco
1001 5417 1075 5474 satis
1129 5417 1335 5474 chiliastarum
1351 5417 1483 5474 doctrine
1497 5418 1549 5491 qui
1560 5417 1673 5491 plenius
1687 5409 1793 5486 aliquid
1803 5402 1920 5462 derideo·

248 5479 460 5538 deceretnihil
477 5483 507 5538 in
523 5483 578 5539 hoc
605 5483 741 5566 dogmate
768 5483 824 5540 sihi
853 5487 947 5558 magis
974 5487 1077 5562 displi·
1130 5489 1181 5557 hit,
1210 5490 1296 5545 adeat
1322 5488 1437 5544 sixtum
1464 5489 1624 5547 senensem
1649 5483 1819 5542 bibliam

248 5565 323 5632 cere,
340 5567 428 5621 quam
444 5555 522 5624 quod
536 5554 601 5610 istie
615 5554 761 5627 spiritales
776 5555 842 5612 volu
866 5561 939 5615 tates
954 5575 1012 5616 non
1026 5560 1077 5617 ad·
1129 5560 1181 5617 lib.
1196 5577 1226 5627 v,
1247 5560 1347 5616 adnot.
1372 5560 1437 5626 233,
1452 5564 1482 5618 et
1495 5560 1547 5618 iib.
1563 5577 1602 5630 vr,
1618 5559 1716 5617 adnot.
1729 5554 1790 5620 347,
1804 5561 1852 5606 ⁰⁰⁰
1874 5548 1918 5596 ¹¹⁰³

250 5623 435 5704 mitterentur
445 5625 719 5710 ,sedabAmbrosio
729 5573 1076 5712 ptqueaiiisquibusdam
1130 5632 1161 5692 P.
1176 5631 1210 5694 D.
1221 5630 1361 5698 llaatium
1376 5632 1487 5710 urben.
1503 5631 1555 5696 lib.
1568 5651 1601 5707 ιι,
1617 5633 1717 5710 (ιῑῑθθῐι
1732 5626 1761 5686 9·

251 5705 331 5776 ipsas
346 5690 461 5752 admitti
473 5697 604 5770 potuisse
629 5695 699 5757 hino
726 5697 851 5778 antetbgt
878 5700 976 5780 datur,
994 5704 1075 5784 qaod
