4159 6184
149 348 197 407 itt
779 352 830 413 aa
851 350 1043 411 annalista
1065 351 1138 411 tle.
1163 350 1201 412 ll.
1782 351 1842 413 tau

150 484 216 555 cius,
242 484 271 537 et
295 480 357 555 ipse
380 486 480 555 utpote
504 483 638 555 ejusdmn
661 483 867 552 successionis,
886 484 968 541 dives
981 484 1009 550 Α
1023 486 1076 539 εει
1088 483 1173 556 plura
1187 484 1264 541 bana
1278 484 1339 541 sint
1351 483 1462 556 qulbus
1474 484 1612 558 pauciora
1623 483 1695 542 vitia
1708 483 1819 556 operiat
1836 501 1842 541 :

148 568 248 629 tuerit:
265 571 315 629 sed
331 572 481 644 Scriptura
503 587 571 629 euru
594 572 707 644 peeoris
731 576 847 629 mutum
871 572 963 631 abun·
1021 576 1072 629 aut
1086 572 1267 645 repentinam
1293 574 1519 631 commotionem
1542 575 1662 633 consilio
1686 573 1846 631 maturiore

149 662 260 719 dantem
284 661 399 717 asserit.
424 661 556 735 Denique
583 662 625 718 sic
646 662 734 719 habet
759 680 765 719 :
789 664 820 718 Et
846 662 892 719 Lot
919 662 966 732 qai
1020 662 1160 719 reflectat.
1176 662 1284 718 Verum
1310 663 1335 718 ei
1359 679 1394 719 cx
1419 668 1542 737 utraque
1568 668 1651 737 perte
1673 663 1760 736 plura
1776 679 1845 719 eon-

147 750 221 806 n'naat
239 749 400 807 ambulabat
421 766 485 807 cam
507 751 619 819 Abram,
644 760 725 807 erant
747 766 808 807 aues
832 757 857 807 et
879 750 964 817 boves,
1020 754 1141 806 currant
1155 750 1848 825 dissonaacrepugnantiu,babitatiodiscrepan-

147 843 205 906 etc.,
230 837 407 895 tabernacula
435 838 473 911 (3)
499 839 574 911 (Gen.
604 856 666 905 sar,
688 840 726 909 5).
753 838 815 897 Nou
839 838 967 895 habebut
1020 838 1095 894 lium
1109 839 1253 895 virtutum
1268 856 1303 896 ao
1311 840 1481 912 passionum
1493 841 1522 896 iu
1534 857 1593 897 uua
1605 841 1705 897 anima
1718 840 1850 897 solvatur

146 930 303 999 agentum,
320 926 391 999 quia
404 928 537 985 nondum
549 929 661 1000 justus.
679 928 791 985 illenim
811 930 966 1000 argentum
1021 944 1157 985 necessse
1167 933 1220 985 est.
1229 928 1366 1002 Figurate
1379 946 1447 1003 ergo
1458 928 1588 987 animam
1597 930 1762 987 secuudum
1774 930 1848 1003 phy·

146 1015 265 1089 ignitum
281 1014 382 1088 lingua
399 1015 486 1087 justi.
509 1018 571 1074 Non
596 1017 723 1077 habebat
747 1032 864 1086 aarum,
888 1016 965 1089 quod
1021 1015 1149 1090 siologos
1165 1021 1274 1073 terram
1289 1016 1454 1090 appellavit.
1470 1018 1543 1073 Nam
1564 1024 1592 1075 et
1612 1018 1749 1075 Salomon
1773 1019 1815 1074 ait
1841 1035 1848 1075 :

145 1104 264 1163 habebat
288 1103 337 1161 ille
361 1106 410 1178 qai
435 1105 507 1163 vidit
532 1106 640 1163 Christi
669 1106 841 1178 posteriora,
857 1106 893 1161 de
908 1122 967 1177 quo
1021 1107 1160 1177 Tanquam
1174 1108 1349 1176 apricaltara
1369 1107 1447 1163 tonso
1471 1108 1630 1180 impr-ndens
1653 1110 1745 1175 (Pron.
1769 1124 1847 1175 xxiv,

145 1194 279 1266 seriptum
310 1196 354 1249 est
379 1211 385 1249 :
411 1196 450 1250 Et
472 1197 626 1266 posteriora
648 1195 709 1267 ejus
733 1198 764 1251 ia
787 1197 874 1267 specie
902 1196 967 1251 anri
1022 1194 1085 1266 20);
1102 1212 1166 1267 qua
1180 1195 1344 1252 sitecauda
1358 1196 1518 1267 sitopirnis
1544 1195 1846 1268 segetamlruotibus,

145 1284 222 1355 (aaa
235 1282 380 1355 masnil).
399 1282 476 1339 Vidit
489 1282 572 1343 illum
587 1283 827 1349 abrahamsicat
840 1287 967 1340 testatus
1022 1285 1201 1340 abscondere
1217 1287 1312 1358 potest
1327 1284 1428 1355 spinas
1444 1301 1451 1339 :
1467 1285 1514 1341 sin
1528 1301 1596 1341 vero
1612 1284 1703 1357 spina
1723 1300 1847 1343 concur·

143 1376 184 1449 ast
196 1370 340 1429 Dominus
353 1370 455 1433 dicens
471 1389 478 1427 ε
494 1372 635 1429 Amabam
648 1372 721 1428 aian
735 1388 828 1428 meam
852 1370 930 1440 cidit,
941 1381 967 1428 ct
1021 1375 1087 1428 rant
1099 1373 1208 1437 aristis,
1226 1374 1344 1429 secandi
1360 1371 1441 1428 nulla
1456 1379 1500 1429 est
1514 1374 1607 1446 copia.

141 1462 245 1533 pacans
260 1462 300 1515 est
314 1460 406 1532 (toan.
423 1476 482 1527 arra,
498 1461 593 1533 obliti
609 1460 674 1517 ideo
689 1461 753 1519 auri
770 1460 897 1534 speeiem
914 1460 965 1518 ha·
1056 1462 1124 1533 (27).
1140 1461 1195 1527 Qui
1211 1460 1301 1534 igitur
1314 1466 1446 1533 pastores
1460 1461 1520 1518 siat
1535 1462 1613 1533 (Gens.
1629 1464 1764 1534 xrrr,7),et
1776 1479 1847 1535 quo·

141 1552 203 1607 berc
217 1549 368 1618 mansitat
383 1549 543 1622 possidere.
1022 1565 1089 1605 rum
1103 1550 1313 1617 animantiam,
1329 1553 1358 1606 et
1371 1567 1436 1623 que
1451 1550 1512 1607 rixa
1523 1550 1601 1607 inter
1614 1555 1749 1623 pastores
1761 1552 1847 1608 lbra·

409 1657 488 1714 223
508 1657 626 1713 CApUT
648 1657 694 1713 qq,
1021 1637 1064 1693 ha
1087 1642 1116 1693 et
1141 1639 1217 1695 iuter
1235 1643 1367 1711 pastores
1391 1640 1444 1696 Lot
1466 1640 1696 1698 consideremus.
1711 1641 1846 1698 Pastoras

141 1750 194 1816 Qua
207 1762 290 1802 sessa
304 1747 437 1817 scaptiam
450 1747 487 1801 sit
502 1762 511 1800 :
526 1746 562 1801 tlt
574 1746 626 1801 Lot
638 1746 688 1819 qai
704 1745 875 1802 ambulabat
898 1762 965 1801 cum
1020 1730 1090 1783 ⁸⁰¹¹*
1118 1725 1254 1800 fflflglfliii
1276 1743 1410 1802 Slssgums
1435 1727 1480 1785 vel
1504 1727 1660 1802 diligenti*
1686 1734 1717 1787 02
1743 1730 1844 1799 ⁵⁰brlb

172 1819 277 1874 Abram
293 1815 370 1889 (Gen.
384 1832 447 1885 xia,
462 1818 501 1889 5),
519 1819 637 1889 itcncqae
653 1836 662 1872 :
681 1817 742 1873 Non
759 1818 893 1890 cupiebat
914 1834 965 1875 eos
1021 1832 1079 1872 non
1095 1815 1225 1873 sinentes
1239 1832 1377 1889 agrorum
1392 1815 1472 1873 culta
1494 1816 1587 1875 obteri
1609 1818 1692 1889 pedis
1710 1816 1844 1892 vestigio,

173 1896 249 1945 itm
274 1887 352 1961 [ibid.
377 1888 416 1957 6)·
437 1892 477 1944 ὓθ
497 1890 661 1960 pastoritia,
679 1898 705 1945 ti
731 1892 795 1946 “2²⁰
819 1892 893 1945 illle?
919 1906 963 1946 2⁰⁵
1020 1909 1108 1977 atque
1131 1906 1214 1961 aduri
1239 1906 1372 1962 sentibus
1388 1923 1395 1961 :
1413 1903 1457 1961 uel
1473 1905 1654 1979 negligentes
1668 1910 1698 1962 et
1717 1906 1844 1975 remissi,

171 1958 470 2103 Jggimqfflrjffiee
486 1968 622 2098 affl&
631 1961 795 2089 {f'lfflssin
805 1960 880 2088 {51⁰2}ss
889 1978 964 2103 9⁶5²?
1018 1993 1069 2065 qui
1084 2010 1142 2049 non
1157 1997 1291 2049 revocent
1305 2010 1394 2065 pecus
1408 2009 1508 2060 suum,
1520 2010 1578 2065 quo
1592 1993 1845 2053 herbosaetm

171 2107 211 2160 na
225 2103 349 2159 anatra.
366 2102 555 2174 canapariae
578 2120 610 2158 ac
635 2104 782 2159 unsarana
798 2108 845 2159 aa
868 2106 897 2160 n
911 2106 962 2161 aa·
1017 2098 1077 2138 ¹¹⁰ss
1092 2082 1242 2139 fructuosa
1256 2088 1404 2154 pascatur,
1422 2082 1471 2139 sea
1486 2082 1577 2139 libero
1595 2083 1694 2155 vasari
1717 2100 1770 2155 mr
1792 2100 1844 2141 va-

169 2175 271 2247 εοεαε·
286 2173 371 2245 deque
385 2172 726 2247 Sodnnitarnmpcccatis.
1017 2170 1076 2227 rios
1096 2172 1159 2243 agri
1184 2170 1298 2227 tructus
1322 2170 1431 2227 sinaut.
1446 2171 1573 2228 latorum
1596 2188 1665 2245 ergo
1690 2176 1843 2245 pastorum

169 2266 214 2320 25.
231 2263 314 2318 Nunc
327 2260 401 2318 illud
417 2278 603 2335 nequaquam
621 2264 855 2335 pretereundum
881 2264 961 2319 arbi·
1016 2259 1110 2317 solers
1124 2259 1258 2318 custodie
1272 2260 1437 2317 necessaria
1450 2265 1505 2328 est,
1522 2278 1558 2317 ne
1582 2261 1656 2317 torte
1679 2262 1844 2319 secabatur

136 2361 206 2421 trar,
221 2354 301 2427 quod
328 2352 443 2409 videtur
469 2352 557 2408 etiarn
580 2353 723 2411 doctiores
744 2355 881 2426 movisse,
903 2370 962 2426 qua
1015 2347 1214 2421 diligentibus,
1240 2350 1317 2421 quod
1341 2351 1445 2405 evertit
1476 2349 1687 2423 negligentium
1716 2350 1840 2408 incuria.

135 2445 247 2501 ratione
275 2443 319 2499 sic
346 2440 488 2515 seriptum
512 2442 551 2498 sit
573 2458 581 2498 z
608 2444 638 2497 lit
663 2445 711 2499 tot
733 2445 783 2516 qai
804 2442 962 2499 ambulabat
1015 2438 1071 2493 Sed
1087 2435 1156 2509 qaia
1170 2454 1228 2494 nou
1244 2454 1341 2495 sermo
1354 2438 1390 2494 de
1404 2437 1580 2506 visibilibus,
1595 2439 1661 2495 ideo
1685 2441 1771 2513 craias
1792 2456 1840 2514 pe—

133 2551 196 2590 ram
211 2534 312 2589 Abram
324 2530 402 2604 (Gen.
418 2546 479 2597 arri,
494 2531 534 2601 5),
551 2530 634 2603 quasi
650 2530 815 2588 alienasset
834 2532 887 2587 Lot
910 2530 960 2605 qui
1015 2526 1092 2582 coris
1100 2530 1231 2598 pastores
1242 2526 1302 2582 sint
1311 2526 1393 2599 prius
1404 2527 1771 2586 consideremus.Pastores
1786 2529 1840 2586 bos

134 2640 192 2679 aaa
207 2619 675 2686 ambulabateumeo,secundum
691 2620 957 2693 quodsccepimus.
1014 2615 1136 2671 definire
1164 2630 1333 2686 possumus·
1353 2620 1493 2682 Pastores,
1518 2615 1625 2687 iuquit,
1650 2618 1841 2688 juncearum

133 2712 168 2766 tlt
183 2713 287 2784 putant
301 2708 433 2782 plerique
447 2724 505 2764 nen
521 2706 593 2764 solvi
610 2708 811 2781 questionem.
829 2710 904 2781 Ergo
926 2713 960 2765 ut
1013 2704 1091 2775 (Gen.
1108 2703 1222 2773 x111,7).
1244 2703 1298 2759 Per
1316 2704 1453 2775 jamenta
1466 2707 1563 2760 autem
1579 2720 1686 2762 musas
1707 2706 1838 2779 eorporis

134 2799 192 2857 illis
205 2798 433 2863 satisfaciamus,
449 2801 479 2853 et
493 2813 510 2853 a
525 2795 624 2869 regula
641 2796 795 2869 Scriptores
809 2814 867 2853 uon
884 2813 959 2854 reee-
1011 2791 1227 2848 irrationabiles
1241 2792 1400 2866 signitiouri
1415 2792 1592 2864 accepimus.
1608 2793 1663 2859 Qui
1677 2798 1748 2851 sunt
1767 2810 1836 2869 ergo

51 2924 52 2931 .
132 2888 347 2953 damus,unam
364 2898 520 2956 personam
536 2883 733 2951 dicimus‚duo
749 2885 957 2957 negotia‚quod
1012 2886 1145 2955 pastores
1159 2896 1313 2950 sensuum,
1330 2882 1388 2937 uisi
1401 2886 1602 2955 preceptores,
1618 2886 1647 2939 et
1660 2884 1746 2956 quasi
1770 2884 1836 2956 qui·

133 2976 161 3031 in
177 2992 236 3031 auo
249 2974 410 3046 eodemque
425 2972 487 3029 viro
501 2972 566 3027 due
590 2988 637 3028 res
661 2973 864 3045 significantur
879 2991 885 3030 :
903 2992 957 3031 nu·
1012 2973 1080 3027 darm
1095 2974 1223 3027 meteres
1236 2986 1369 3043 gregum,
1380 2972 1471 3027 duces
1484 2986 1596 3041 aarum,
1612 2972 1657 3028 vel
1677 2972 1837 3030 monitores

135 3082 212 3120 mero
229 3080 306 3119 unus
329 3066 384 3133 est,
401 3061 498 3118 alticio
520 3060 636 3133 duplex.
654 3062 802 3119 declinatio
816 3063 894 3119 enim
911 3063 958 3119 di·
1011 3061 1138 3131 alicujus
1151 3060 1306 3128 sermonis,
1323 3058 1367 3114 vel
1383 3060 1490 3115 ruentis
1505 3064 1611 3117 nostre
1626 3061 1837 3134 cogitationes?

135 3155 209 3210 citur
225 3153 287 3221 hot,
303 3151 382 3208 sicat
404 3150 494 3207 habat
517 3150 621 3207 Latina
641 3150 849 3225 interpretatio.
863 3152 957 3209 Decli—
1013 3149 1067 3215 Qui
1082 3150 1106 3206 si
1122 3148 1279 3222 pastoralis
1293 3147 1455 3221 discipline
1470 3150 1554 3221 gnari
1568 3153 1597 3205 et
1615 3154 1734 3208 tenaces
1755 3157 1837 3219 sunt,

137 3247 185 3299 nat
207 3246 306 3299 ειιιεω
332 3240 457 3313 quisque
479 3243 529 3295 aut
552 3239 662 3296 bonam
678 3244 729 3295 aut
748 3240 868 3297 malam.
884 3228 994 3299 CamC
1013 3239 1259 3311 nonpermittaut
1283 3238 1399 3310 longius
1423 3254 1566 3294 sensuum
1589 3255 1707 3313 gregem
1726 3240 1838 3314 vagari,
1883 3263 1888 3271 ·

138 3348 201 3405 ergo
217 3332 270 3387 Lot
281 3328 440 3385 declinaret
455 3326 579 3396 malum,
594 3328 649 3385 hoc
668 3332 723 3399 est,
748 3344 887 3400 errorem,
905 3330 958 3386 ila-
1013 3332 1042 3383 el
1057 3326 1212 3383 inutilibus
1227 3330 1277 3382 aul
1292 3327 1386 3383 noxiis
1400 3325 1542 3384 inherere
1557 3327 1674 3400 pabulis
1690 3345 1698 3384 t
1714 3329 1766 3386 sed
1777 3346 1841 3402 pro·

139 3420 248 3493 gitium
265 3418 388 3484 crimen,
400 3418 581 3491 jungebatur
599 3420 702 3489 patruo
718 3434 725 3473 t
743 3434 810 3473 aum
831 3417 959 3475 deelina-
1013 3416 1080 3471 vido
1094 3416 1214 3472 ductore
1242 3415 1282 3487 (t)
1306 3422 1452 3488 revocant,
1481 3422 1510 3473 et
1537 3418 1635 3474 frenos
1649 3418 1772 3475 rationis
1785 3418 1840 3474 ad·

140 3510 179 3564 ret
192 3508 312 3575 bonum,
329 3505 384 3562 hec
398 3510 453 3574 est,
465 3506 582 3577 justam
599 3506 795 3574 innocentem,
811 3510 967 3578 sanetum,
1015 3509 1140 3570 movent,
1157 3508 1245 3577 utque
1268 3504 1416 3560 obsistunt
1434 3505 1638 3564 renitentibus.
1655 3508 1725 3566 Mali
1740 3513 1838 3565 autem

138 3595 314 3671 religiosam,
340 3594 507 3651 sociabatur
529 3594 649 3667 flagitio.
667 3595 743 3651 Bene
771 3612 839 3668 ergo
862 3595 957 3652 dixit:
1014 3597 1215 3665 preceptores,
1232 3591 1276 3647 vel
1291 3591 1408 3649 inutilis
1422 3593 1653 3666 disceptationis,
1670 3597 1846 3669 permittant

138 3686 167 3741 St
181 3686 289 3758 tatqai
303 3683 464 3740 ambulabat
477 3700 540 3739 cum
555 3684 671 3746 aaran:
686 3683 755 3755 quia
779 3682 875 3739 adhuc
901 3700 959 3740 noa
1014 3699 1064 3739 eos
1078 3681 1189 3754 impetu
1203 3698 1258 3736 suo
1280 3681 1359 3747 terri,
1375 3684 1405 3736 et
1426 3681 1457 3736 iu
1483 3688 1661 3756 preruptam
1677 3702 1712 3743 ao
1726 3686 1843 3759 pariam

136 3774 259 3847 elegerat
273 3774 442 3841 Sodomam,
460 3788 517 3829 uon
532 3772 684 3829 habitabat
698 3788 766 3828 curn
781 3773 959 3847 flagitiorum
1014 3770 1077 3826 lam
1099 3785 1194 3837 ruere,
1219 3774 1248 3825 et
1275 3769 1355 3825 culte
1378 3771 1520 3837 obterere,
1542 3772 1694 3830 fractuosa
1713 3774 1843 3848 depasci;

137 3862 418 3920 auctoribusPostea
432 3862 510 3918 enim
524 3860 611 3934 capit
625 3860 757 3917 babitare
770 3862 799 3917 iu
813 3862 958 3919 Sodomis.
1014 3864 1048 3915 ut
1062 3860 1087 3916 si
1102 3859 1152 3931 qai
1168 3861 1238 3915 sunt
1250 3859 1280 3913 in
1295 3858 1397 3915 eadem
1413 3858 1513 3915 anima
1535 3858 1678 3917 uirtutum
1704 3863 1842 3934 hujusce·

139 3951 260 4025 ideoque
274 3950 360 4025 quasi
378 3968 394 4006 a
409 3950 506 4023 seipso
522 3954 665 4016 mutatus,
685 3949 767 4007 velut
788 3948 862 4007 alter
885 3951 960 4008 acci·
1015 3948 1094 4005 modi
1110 3949 1286 4015 tractasses
1301 3964 1418 4021 qaoque
1432 3947 1586 4021 dissipent.
1602 3950 1677 4005 Hine
1701 3967 1771 4023 ergo
1794 3967 1842 4008 co·

139 4041 223 4113 pitur,
239 4039 408 4097 sensorum
424 4041 533 4112 ajusto
547 4039 619 4106 viro,
636 4039 687 4097 sad
712 4057 729 4095 a
751 4042 848 4113 seipso
864 4039 959 4097 desei·
1014 4038 1191 4111 gitationum
1206 4041 1375 4093 nostrarum
1397 4036 1552 4094 discordia.
1568 4038 1642 4094 Cum
1665 4055 1733 4096 earo
1755 4055 1841 4113 repu-

137 4146 228 4187 scens.
1015 4131 1086 4200 gnat
1099 4127 1240 4183 adversus
1254 4125 1406 4198 spiritum,
1427 4130 1459 4182 et
1479 4126 1601 4200 spiritus
1624 4128 1766 4185 adversm
1780 4145 1843 4185 car·

169 4221 214 4275 26.
230 4218 363 4291 Denique
378 4218 448 4291 quia
461 4216 633 4289 studio-jam
656 4217 770 4275 deflecti
796 4222 960 4291 caperata
1014 4231 1082 4271 nem
1116 4213 1216 4286 (Graiae.
1247 4232 1275 4281 v,
1310 4216 1366 4283 17),
1391 4231 1449 4271 nou
1474 4216 1633 4272 mediocris
1661 4234 1761 4291 pugna
1787 4221 1843 4287 est,

138 4312 249 4379 patruo.
275 4313 336 4366 Non
361 4306 485 4379 capiebat
500 4322 544 4363 eos
569 4306 746 4379 terra(lbid.)
772 4306 858 4363 Nulla
882 4306 960 4363 enim
1014 4304 1134 4376 quando
1153 4302 1216 4375 ipsa
1238 4302 1406 4376 Apostolus,
1421 4320 1472 4359 vas
1496 4303 1652 4362 electionis
1677 4306 1846 4378 Dominice,

138 4396 230 4469 spatia
253 4401 379 4471 pussant
400 4396 474 4451 satis
498 4410 563 4452 esse
586 4394 794 4453 discordibus:
811 4394 961 4468 quietiset
1014 4392 1108 4449 dicit:
1135 4392 1214 4450 Video
1243 4394 1329 4461 them
1352 4395 1445 4449 carna
1467 4408 1539 4451 mcae
1563 4399 1765 4467 repugnantem
1792 4396 1849 4468 thg·

138 4486 363 4558 pacificisatium
373 4488 498 4559 angusta
513 4485 678 4542 abundant:
688 4484 816 4541 dissonis
828 4484 960 4541 moribus
1013 4484 1114 4539 mentis
1127 4496 1204 4549 mea,
1221 4490 1247 4537 et
1259 4484 1442 4553 captivantem
1455 4498 1499 4538 me
1512 4484 1543 4537 in
1557 4484 1616 4555 teqe
1632 4487 1748 4556 peccati,
1770 4486 1842 4558 qnod

135 4576 224 4633 etiam
239 4576 544 4649 spatiossarctantar.
561 4574 596 4629 aa
611 4573 681 4647 qaia
704 4590 721 4629 a
741 4572 884 4645 principio
899 4572 959 4629 dixi
979 4576 1058 4663 Dect
1089 4573 1120 4627 in
1152 4570 1363 4626 membranaceis
1378 4572 1465 4643 (Rom.
1491 4589 1540 4628 vn.
1572 4574 1629 4646 23).
1645 4574 1753 4631 Sedere
1767 4574 1844 4631 hane

137 4664 236 4737 (supra
250 4680 275 4720 c.
292 4664 304 4720 l
324 4662 413 4735 hujus
428 4661 507 4734 libri)
523 4665 651 4718 mantem
664 4662 711 4717 bic
725 4662 845 4719 formari
869 4662 964 4719 homi·
1019 4675 1148 4733 pugnam
1165 4660 1229 4731 ipse
1244 4660 1422 4731 nequiverat,
1438 4664 1467 4717 et
1481 4660 1546 4718 ideo
1561 4663 1598 4719 ad
1612 4663 1762 4721 Christum
1777 4680 1846 4720 con-

136 4753 195 4824 nis,
214 4770 278 4827 qna
303 4769 321 4809 a
344 4750 487 4825 principio
513 4750 682 4823 imperfecta
711 4751 814 4819 iuerat,
839 4752 888 4807 sed
915 4767 967 4824 per
1020 4748 1095 4821 tagit
1118 4748 1217 4805 dicens
1235 4765 1242 4804 :
1259 4749 1362 4820 latetis
1384 4766 1432 4831 epo
1455 4752 1543 4819 bomo,
1569 4755 1631 4824 qais
1653 4768 1696 4809 me
1718 4752 1849 4807 liberabit

135 4840 319 4899 incrementa
340 4844 370 4896 et
391 4840 500 4913 gradus
522 4839 666 4911 quosdam
688 4838 812 4913 prolicit,
829 4840 893 4897 ideo
914 4840 965 4907 ait,
1019 4838 1380 4910 decarperemortiatajns
1395 4840 1474 4909 (ibid.
1490 4841 1558 4913 aa?
1573 4841 1628 4898 hae
1652 4846 1706 4910 est,
1731 4855 1767 4895 na
1792 4840 1847 4895 de-

135 4928 197 4983 Non
211 4930 334 5002 capiebat
348 4944 392 4985 eos
405 4932 489 4995 terra,
515 4927 570 4983 'noc
591 4932 643 4999 est,
667 4944 726 4987 uua
750 4929 850 4986 anima
868 4932 966 4986 motus
1020 4926 1227 4983 tentationibas
1241 4927 1338 4984 earnis
1353 4929 1527 4986 adheream.
1541 4928 1611 4993 Quis
1626 4929 1775 5001 igiturest
1796 4927 1847 5001 qui

136 5017 270 5075 diversas
284 5034 342 5075 non
359 5017 518 5089 recipiebat
533 5014 704 5074 naturaliter
718 5017 774 5073 sibi
799 5034 965 5091 repugnau-
1021 5016 1068 5073 his
1083 5032 1130 5071 me
1145 5014 1239 5072 solvat
1252 5016 1390 5084 vinculis,
1406 5022 1435 5073 et
1449 5018 1573 5074 liberam
1590 5017 1682 5073 societ
1696 5016 1765 5085 Deo,
1779 5030 1846 5077 seu·

136 5110 194 5163 tes.
211 5108 420 5165 Potesttamen
444 5106 508 5161 ilari
524 5104 716 5162 utinterdurn
741 5124 798 5163 nou
822 5107 967 5165 omuiain
1022 5106 1216 5177 susque(5)ad
1232 5106 1419 5163 sobrietatem
1435 5106 1539 5162 aalma
1554 5108 1649 5178 magis
1664 5105 1847 5178 detorqueat,

136 5212 198 5253 uuo
213 5197 376 5269 eodemque
401 5195 529 5268 perlecta
553 5194 623 5261 sint,
648 5195 741 5268 possit
754 5201 854 5252 tamen
869 5195 969 5269 aliqua
1022 5211 1112 5268 quum
1128 5196 1165 5250 ad
1179 5196 1310 5269 corporis
1323 5192 1543 5251 temulentiam?
1558 5194 1613 5249 Sed
1625 5192 1695 5265 quia
1709 5192 1785 5251 inter
1799 5194 1850 5251 ho·

132 5286 209 5343 vitia
234 5302 289 5343 saa
313 5283 436 5359 operire,
456 5283 500 5355 vel
525 5286 625 5341 motus
649 5301 718 5341 suos
742 5288 925 5357 temperare:
944 5283 969 5341 si
1023 5284 1118 5341 mines
1132 5288 1247 5342 tantum
1264 5302 1322 5341 non
1338 5283 1433 5357 potuit
1456 5287 1596 5339 rectorem
1620 5281 1762 5355 invenire,
1778 5302 1848 5342 con·

171 5474 316 5545 (Siliam.
341 5472 422 5541 edit,
448 5476 473 5529 et
498 5476 634 5529 armenta.
663 5472 786 5538 astera,
812 5490 844 5528 ar
867 5490 969 5530 omnes
1060 5476 1087 5546 (l
1114 5475 1188 5530 lidit.
1201 5476 1230 5527 et
1243 5471 1326 5544 pauci
1345 5487 1428 5536 mss,
1444 5471 1490 5525 sed
1504 5470 1615 5541 provido
1629 5471 1743 5529 doctore.

134 5550 257 5604 maaet
277 5546 465 5603 tabernacula.
492 5545 595 5600 Utrum
621 5558 656 5598 ue
680 5542 796 5599 delendi
819 5548 915 5626 potest
936 5561 971 5600 ex
1060 5548 1089 5612 (5
1114 5545 1156 5601 lta
1172 5560 1243 5599 mss.
1259 5543 1355 5607 corb,
1373 5542 1475 5611 teng,
1492 5541 1572 5598 Golb.
1589 5547 1616 5598 et
1632 5544 1704 5599 Mae.
1721 5547 1775 5601 Alii
1798 5562 1847 5603 ve·

134 5618 211 5676 Lxx
229 5636 237 5675 ς
257 5634 325 5675 nam
342 5617 372 5673 in
387 5615 565 5691 quibasdam
591 5560 710 5672 iliorum
736 5614 885 5673 codicibus
899 5615 969 5693 legi·
1025 5632 1058 5673 ro
1073 5634 1106 5673 ac
1121 5616 1202 5680 edit,
1217 5620 1243 5671 ct
1257 5614 1374 5669 literam
1385 5614 1483 5685 faeiat
1498 5630 1655 5688 sensusque,
1672 5620 1725 5674 ete.
1747 5619 1847 5691 Tora,

132 5696 187 5751 tar
199 5700 245 5750 sat
258 5698 348 5761 aava,
363 5689 394 5747 in
409 5686 485 5756 aliis,
501 5698 542 5747 aa
555 5695 654 5759 «aaut.
1025 5692 1052 5749 ct
1067 5689 1182 5750 literam
1197 5686 1287 5757 sonet,
1298 5700 1455 5763 aencmqac.

304 5816 439 5886 Parnon.
461 5815 543 5884 aar.
1653 5814 1693 5883 lt
