4159 6184
140 375 184 450 ss
675 383 728 451 nx
750 378 844 451 mos
864 375 1111 448 aorrssruou
1133 375 1320 446 scatens.
1614 401 1620 410 ·
1807 343 1848 452 ss

141 517 242 594 inquit
268 517 454 590 Ambrosius,
482 519 594 597 lllyrici
620 523 746 579 vastitate
770 525 797 579 et
826 520 969 579 thraciae:
986 516 1014 585 Α
1028 519 1141 587 fefellit,
1157 519 1392 593 quandoquidem
1408 521 1562 594 primiraut
1579 520 1752 582 Ambrosius
1767 525 1850 583 testi·

142 612 244 683 aueuti
263 611 364 684 utique
385 611 494 668 aeraetes
518 620 597 668 eraut
611 615 665 669 tota
678 612 781 684 captiui
795 612 860 669 orie
874 611 936 684 (lib.
953 627 974 666 11
1029 611 1143 678 fleatur,
1160 618 1282 668 seruatus
1294 619 1333 667 est
1350 627 1384 666 ce
1408 611 1498 669 uadis
1525 613 1579 670 Ubi
1599 614 1729 687 primum
1741 619 1851 676 terram

145 701 227 772 offic.
244 717 308 773 cap.
325 702 370 772 15,
386 718 469 757 num.
484 703 541 772 70).
558 703 599 757 Ex
613 702 660 758 his
675 702 842 774 complures
861 702 975 758 radem—
1029 699 1136 772 attigit,
1152 715 1310 772 servosque
1324 699 1458 772 proprios
1472 701 1580 773 eripuit
1600 719 1615 760 e
1631 702 1771 776 periculo,
1787 705 1851 775 jam

143 796 216 862 ptos
227 806 294 846 esse
308 789 345 845 ab
360 790 496 847 Ecclesiis
511 791 589 846 idem
605 791 750 863 signifieat
762 792 822 848 :sed
840 791 902 863 ipse
917 807 977 846 om·
1030 804 1130 843 curum
1146 804 1262 843 omnem
1279 789 1314 844 ad
1330 790 1457 862 agendas
1479 789 1537 846 Deo
1561 793 1680 864 gratias,
1706 797 1736 848 et
1757 793 1851 850 ausei-

144 879 232 934 nium
249 877 421 934 charitatem
438 879 975 953 superavitinhocoftlcio‚quippequi
1030 877 1170 948 piandum
1192 893 1307 932 sacrum
1334 878 1481 950 baptisma
1509 879 1635 937 festinus
1658 881 1755 937 vertit.
1778 881 1851 940 Cum

145 984 208 1023 non
223 968 365 1040 pecunias
380 972 495 1025 tantum
509 969 538 1025 in
547 970 778 1042 redemptionem
790 970 870 1026 illam
881 969 976 1026 libens
1028 982 1096 1022 vcro
1113 965 1271 1022 audivisset
1285 965 1337 1022 loci
1355 983 1412 1038 quo
1426 967 1588 1040 appulerat,
1608 969 1780 1043 episcopum
1796 972 1853 1028 hu·

148 1055 340 1128 impenderit,
356 1057 406 1113 sed
423 1058 489 1130 ipsa
512 1075 630 1132 quoque
645 1059 780 1116 Ecclesiae
803 1077 874 1115 vasa
898 1075 976 1115 com·
1030 1055 1169 1112 ciferiano
1199 1055 1351 1111 schismati
1370 1055 1525 1123 adherere,
1550 1057 1727 1114 catholicum
1754 1077 1771 1115 a
1795 1074 1853 1132 quo

146 1145 303 1213 minuerit,
320 1144 567 1218 flaveritque.0ua
582 1147 700 1220 quidem
712 1149 741 1202 in
758 1165 788 1203 re
799 1165 864 1202 cum
880 1147 976 1221 primo
1031 1143 1209 1214 ablueretur,
1227 1143 1368 1216 quesivit,
1385 1161 1417 1199 ac
1431 1149 1491 1200 tam
1506 1146 1625 1204 uberem
1646 1145 1676 1202 in
1699 1163 1732 1204 eo
1760 1165 1855 1204 saara-

146 1235 275 1290 servatis
291 1232 407 1308 legibus
423 1235 597 1308 prudentie,
612 1253 681 1292 vasa
700 1255 758 1294 non
774 1237 889 1293 initiata
909 1253 977 1292 can·
1031 1238 1130 1290 mento
1145 1233 1270 1306 gratiam
1285 1239 1330 1289 est
1344 1233 1514 1304 adeptus,ut
1526 1236 1757 1301 eam,Ambrosio
1768 1239 1852 1304 teste,

146 1322 299 1396 fregisset,
315 1325 506 1396 postmodum
523 1330 619 1380 tamen
635 1325 659 1381 si
677 1324 795 1381 illauon
813 1325 978 1398 potuissent
1031 1327 1133 1396 postea
1147 1340 1299 1395 nunquam
1314 1323 1446 1380 amiserit
1473 1323 1551 1394 (ibid.
1568 1340 1649 1380 num.
1665 1325 1722 1397 52).

144 1412 299 1478 sufficere,
313 1412 403 1468 etiam
418 1412 543 1469 initiatis
559 1430 615 1469 non
632 1415 811 1488 parcendum
823 1431 887 1471 asse
897 1414 977 1470 arbi·
1066 1412 1111 1466 34.
1128 1412 1234 1468 Praeter
1249 1412 1303 1468 hoc
1316 1411 1618 1485 naufragium,morbo
1635 1413 1714 1470 idem
1737 1431 1855 1488 quoque

138 1501 292 1556 trahatur.
320 1500 556 1558 Pulcherrimum
587 1502 659 1558 illud
681 1503 849 1576 exemplum
877 1509 978 1576 postea
1030 1504 1150 1574 Satyrus
1166 1517 1198 1556 eo
1213 1500 1243 1556 in
1260 1501 1363 1557 itinera
1387 1501 1571 1557 conflictatus
1595 1506 1649 1568 est,
1674 1503 1760 1573 cujus
1775 1520 1853 1559 nun·

138 1595 266 1647 aanatus
275 1589 574 1663 Augustinusaliique
585 1593 820 1663 prestantissimi
831 1592 977 1649 andstites
1031 1589 1105 1644 tium
1121 1591 1157 1646 ad
1173 1589 1360 1646 Ambrosium
1388 1607 1421 1646 aa
1445 1589 1643 1646 Mareellinam
1667 1607 1734 1647 cum
1758 1608 1855 1664 perve-

140 1695 217 1735 cum
232 1677 320 1734 laude
335 1683 398 1734 tum
414 1678 578 1736 imitatione
589 1681 801 1753 approbavere;
813 1682 862 1738 sed
877 1681 976 1737 Ariani
1031 1679 1134 1746 nisset,
1150 1678 1262 1752 ingenti
1277 1678 1376 1736 dolore
1390 1677 1455 1735 illos
1470 1679 1575 1736 affecit.
1601 1681 1746 1736 incertum
1768 1695 1853 1752 porro

137 1784 157 1824 e
175 1766 327 1823 contrario
341 1767 547 1840 gravissimam
564 1767 633 1824 hine
648 1769 859 1826 invidiamviro
875 1773 976 1826 saneto
1031 1766 1117 1822 nobis
1131 1767 1254 1835 ridetur,
1273 1771 1372 1823 utrum
1388 1767 1418 1824 in
1434 1771 1594 1824 memorato
1606 1767 1808 1840 naufragioso
1823 1767 1853 1824 in

139 1871 249 1913 creare
264 1855 360 1912 canati
373 1861 461 1913 sunt:
481 1858 533 1914 Nos
557 1858 718 1931 aliquande,
735 1859 841 1931 inquit,
857 1861 889 1915 iu
903 1860 975 1914 iuui-
990 1887 1015 1954 B
1030 1855 1086 1912 hoc
1101 1857 1164 1929 ipso
1180 1858 1281 1914 morbo
1295 1860 1362 1913 vota
1376 1863 1476 1913 sancto
1491 1857 1644 1914 Laurentio
1664 1871 1856 1928 nuncupave-

135 1947 223 2003 diam
237 1945 403 2002 occidimus:
419 1946 491 2020 quad
513 1949 729 2020 eortsreperimus
753 1965 817 2003 vase
845 1949 974 2019 mystica,
1030 1945 1285 2018 rit,dequibusin
1301 1945 1852 2018 huncmodumloquiturdmbrosius:

135 2043 173 2091 ut
202 2035 322 2107 cepticos
356 2035 570 2092 redimeremus:
596 2037 669 2108 quod
695 2038 808 2094 Arianis
831 2037 976 2109 displicere
1032 2035 1095 2089 Tuis
1110 2035 1178 2091 uotis
1193 2035 1266 2108 apud
1279 2039 1404 2092 sanatum
1419 2038 1600 2092 Laurentium
1623 2039 1774 2108 martyrem
1800 2037 1854 2092 im·

133 2127 292 2197 potuerat3
307 2139 358 2179 aee
370 2127 428 2179 tem
449 2125 554 2195 factum
575 2125 741 2198 displiceret,
762 2143 845 2198 quam
864 2131 896 2181 at
910 2133 978 2182 esset
1025 2127 1168 2196 petreium
1184 2141 1240 2181 esse
1260 2141 1334 2181 uuae
1354 2127 1540 2196 capnoseimus
1563 2127 1626 2182 vite
1648 2133 1853 2189 caramerum:

137 2213 217 2286 quad
232 2216 265 2268 ia
280 2212 357 2268 uatis
371 2213 616 2283 reprehenderetur
623 2215 701 2288 (ibid.
711 2232 794 2284 num,
809 2215 883 2286 tae).
899 2215 975 2280 Oua·
1028 2219 1110 2284 etque
1122 2215 1230 2270 utinam
1244 2230 1298 2270 aaa
1312 2215 1401 2272 satam
1415 2221 1603 2283 commeatum,
1625 2214 1671 2272 sed
1685 2215 1773 2272 etiem
1790 2231 1854 2288 pm·

137 2307 270 2376 propter
285 2301 321 2356 ad
337 2288 446 2357 eorum'
458 2303 693 2361 criminationem
713 2305 766 2361 abs
781 2321 812 2361 aa
827 2303 974 2377 depellen-
1029 2302 1120 2358 iteum
1134 2305 1200 2362 aitte
1220 2312 1325 2376 tempas
1349 2311 1490 2374 roaasscs!
1513 2305 1631 2362 Potuisti
1650 2321 1736 2362 aaaos
1758 2303 1852 2377 plur-i·

134 2393 226 2456 dam,
243 2407 404 2446 conscenso
428 2391 563 2448 Ecclesia
588 2397 741 2466 suggestu,
766 2395 846 2449 itaiu
860 2394 972 2465 populo,
1026 2408 1084 2448 mes
1097 2393 1246 2465 impetrare
1259 2393 1380 2460 vivendi,
1404 2395 1453 2466 qui
1466 2395 1584 2468 patuisti
1604 2397 1786 2452 commeatum
1800 2395 1852 2451 im·

133 2480 254 2552 inquit,
271 2481 409 2550 prosecuti
430 2496 536 2551 sumus,
558 2490 589 2537 ut
610 2483 811 2553 confiteremur,
834 2483 974 2554 multaque
1023 2484 1136 2552 patrare
1150 2481 1279 2538 aeaieadi
1293 2482 1372 2551 (ibid.
1389 2499 1471 2538 num.
1489 2482 1546 2555 17).

131 2567 313 2625 coruamdius
341 2577 533 2637 maneremus,
557 2579 585 2626 ut
610 2573 720 2628 animes
747 2573 860 2628 Domine
883 2587 972 2644 quam
1062 2569 1107 2626 35.
1123 2571 1258 2630 Confecto
1273 2571 1524 2642 prudenterjuxts
1542 2588 1575 2627 ac
1587 2571 1744 2628 efficaciter
1762 2588 1850 2645 nego-

133 2673 253 2713 aurum
268 2672 437 2713 servaremus
448 2658 612 2728 (ibidnnm.
625 2659 699 2731 137).
1026 2656 1077 2722 tia,
1093 2659 1179 2728 eujus
1194 2675 1284 2715 causa
1305 2663 1426 2730 Satyrus
1448 2658 1479 2714 in
1500 2658 1627 2714 Africam
1654 2658 1848 2732 navigaverat,

175 2745 226 2799 3⁴.
241 2746 302 2799 Sub
315 2745 423 2802 exitum
440 2745 564 2816 hujusce
579 2748 649 2804 anni
663 2749 785 2821 Satyrus
799 2749 923 2820 (Admau.
939 2751 972 2805 ia
1025 2745 1164 2802 inreditu
1198 2748 1321 2802 Romam
1350 2745 1407 2802 iter
1434 2746 1548 2803 habuit.
1574 2746 1702 2802 Tametsi
1718 2750 1848 2804 autema

134 2837 194 2890 tib.
219 2836 261 2890 De
283 2851 392 2890 excessa
411 2835 527 2908 Satyri),
560 2837 610 2909 qui
630 2855 749 2895 omnem
771 2838 971 2894 Ambrosianus
1024 2834 1187 2908 Symmacho
1202 2837 1259 2908 ejus
1273 2843 1385 2908 parente
1399 2837 1478 2908 (idid.
1495 2852 1576 2891 num.
1593 2837 1649 2908 32),
1661 2840 1694 2892 ut
1706 2853 1774 2893 eum
1798 2836 1849 2892 bo·

134 2922 269 2980 familiia
282 2923 566 2980 administrationem
583 2927 696 2982 abeato
711 2927 798 2982 fratre
814 2926 869 2982 sibi
885 2927 971 2983 tradi·
1024 2925 1105 2980 noris
1118 2941 1151 2980 aa
1175 2925 1249 2981 forta
1274 2925 1362 2980 etiam
1385 2923 1540 2996 patrocinii
1562 2924 1657 2996 cratia
1676 2925 1850 2982 Ambrosius

133 3019 205 3070 tam
221 3015 401 3084 susceperat,
417 3011 536 3068 hiemali
559 3018 732 3088 tempestate
756 3016 894 3088 urptr'aeas
916 3018 970 3088 sci·
1023 3014 1145 3080 vocitat,
1162 3014 1386 3081 retineretur‚ne
1409 3012 1551 3070 inciderat
1572 3014 1601 3069 in
1618 3031 1725 3071 manus
1746 3014 1851 3072 barba·

133 3103 221 3174 poris
233 3100 381 3174 navigavit
396 3100 425 3156 in
441 3102 568 3159 Africam
583 3104 631 3175 (lle
645 3121 756 3160 excessu
769 3107 876 3179 Satyri,
887 3123 968 3161 num.
1025 3119 1137 3170 rorum,
1163 3103 1233 3176 quad
1256 3102 1353 3160 erdere
1375 3103 1444 3160 helia
1467 3103 1548 3159 ltalia
1571 3103 1726 3167 diceretur:
1749 3102 1854 3162 nihilo·

132 3194 206 3259 50);
216 3194 250 3245 ut
261 3190 296 3246 ad
308 3187 478 3246 solvendum
492 3191 972 3267 compelleretProsperumquem-
1028 3192 1128 3249 minus
1142 3196 1240 3248 tamen
1255 3190 1368 3248 nullum
1384 3190 1546 3264 periculum
1561 3192 1722 3250 reviscendi
1742 3193 1853 3250 charia·

136 3282 227 3348 dam,
245 3279 281 3334 de
296 3296 353 3351 quo
365 3280 558 3338 Ambrosius:
583 3281 736 3339 Plaudehat
752 3284 815 3356 siti,
838 3283 888 3351 ait,
904 3254 1009 3356 quadC
1029 3281 1099 3337 simi
1113 3281 1212 3338 fratris
1236 3279 1427 3354 cupiditatem
1452 3280 1544 3337 valuit
1572 3282 1728 3340 retardare.
1745 3282 1853 3340 Verum

136 3367 297 3425 sacerdotii
310 3370 365 3424 atei
380 3371 519 3426 occasione
533 3369 705 3427 redditurum
727 3389 756 3428 se
778 3389 841 3445 que
854 3373 975 3430 obstate·
1030 3370 1189 3428 Mediolani
1203 3370 1249 3426 vix
1265 3371 1356 3426 redux
1374 3374 1446 3437 erat,
1472 3387 1538 3426 cum
1563 3370 1674 3427 sontico
1694 3387 1854 3444 oppressus

138 3461 274 3524 rat,uou
299 3458 413 3526 pumiet
435 3457 514 3529 (ibid.
539 3476 622 3515 num.
646 3461 705 3532 24.)
729 3461 807 3517 Nihil
831 3462 976 3519 omissum
1030 3460 1142 3528 morbo,
1159 3459 1378 3532 paueiadicbus
1398 3459 1458 3515 vita
1479 3459 1613 3517 excessit.
1640 3461 1681 3516 tta
1702 3462 1786 3531 errim,
1813 3459 1855 3518 ait

138 3553 192 3603 est
208 3546 247 3601 ab
265 3546 429 3611 Ambrosio,
445 3551 477 3602 ut
491 3547 527 3603 ab
543 3546 594 3603 illa
606 3548 789 3622 navigatione
803 3552 975 3607 fratremre-
1031 3552 1151 3605 sanctus
1167 3549 1264 3614 frater,
1289 3556 1399 3604 mature
1416 3557 1521 3619 ereptus
1539 3557 1588 3615 est,
1609 3557 1751 3621 postquem
1768 3557 1853 3620 reart,

137 3639 278 3699 vocaret,
292 3638 320 3689 et
342 3633 390 3689 alii
420 3635 648 3692 demandaretur
670 3655 705 3694 ea
729 3639 876 3711 provincia
897 3641 976 3712 (idid.
1031 3639 1111 3709 euasi
1122 3641 1234 3709 propter
1246 3638 1295 3694 boc
1308 3631 1396 3692 sotum
1409 3637 1548 3694 uideretur
1561 3653 1619 3694 csse
1631 3637 1744 3706 ditatus,
1768 3646 1800 3695 ut
1819 3639 1855 3694 ad

138 3741 232 3780 num.
250 3722 309 3794 26).
325 3722 447 3795 Satyrus
460 3727 559 3781 tamen
574 3743 633 3781 non
658 3727 772 3784 destitit
785 3745 802 3782 a
817 3728 976 3801 proposito,
1031 3729 1134 3799 fratres
1144 3725 1245 3782 rediret
1259 3724 1337 3796 (ibid.
1354 3742 1437 3781 num.
1463 3727 1516 3796 17).
1541 3726 1714 3782 Ambrosius
1729 3743 1762 3782 aa
1777 3726 1853 3782 Mar·

139 3812 202 3870 scd
218 3827 280 3884 qua
294 3810 418 3867 celerius
438 3811 623 3885 interjectum
649 3831 729 3873 mara
755 3817 976 3886 transmitteret,
1031 3813 1136 3871 cellion
1149 3813 1319 3870 tristissimo
1335 3812 1385 3869 illo
1400 3813 1484 3886 potiti
1495 3815 1613 3870 fuerunt
1623 3813 1854 3887 solatiolo,quod

138 3901 240 3956 reteri
257 3902 287 3954 et
299 3899 448 3956 sentinoso
464 3901 578 3976 navigio
593 3903 636 3958 nti
652 3917 709 3960 non
725 3905 924 3978 timuitatat.)
1033 3903 1113 3959 fratri
1131 3908 1191 3960 tam
1205 3906 1303 3960 tenera
1318 3901 1423 3958 dilecto
1438 3902 1538 3958 omnia
1553 3901 1709 3958 ministerii
1725 3919 1758 3958 ac
1768 3903 1854 3959 sedu-

185 3992 235 4044 32.
252 3988 364 4044 Interea
379 3989 409 4044 in
425 3990 562 4047 morbum
572 3991 977 4068 inciditsanctusepiscopus:
1031 3991 1122 4050 litatis
1139 3991 1279 4066 obsequia
1293 3996 1322 4047 ct
1336 3991 1488 4064 aegrotanti
1503 3995 1532 4048 et
1546 3991 1698 4048 demortuo
1722 3990 1857 4048 exhibue-

136 4081 275 4151 Denique
298 4080 438 4150 proxime,
456 4079 563 4152 inquit,
579 4098 640 4136 cum
653 4085 734 4152 praui
745 4083 876 4155 quadam,
899 4092 979 4156 atque
1035 4080 1212 4154 runt.Satyri
1224 4097 1331 4152 corpus
1341 4095 1408 4138 curn
1418 4079 1527 4152 ingenti
1539 4096 1646 4152 pompa
1661 4078 1691 4135 in
1702 4079 1856 4136 aeclesiam

138 4170 264 4224 utinam
277 4182 403 4239 supreme
422 4183 536 4239 uraerer
550 4184 654 4238 occasu,
670 4170 719 4226 bae
741 4172 831 4227 seium
844 4171 979 4241 deiciam,
1033 4169 1154 4238 elatum,
1171 4173 1200 4225 et
1215 4186 1230 4225 e
1245 4167 1361 4242 regione
1374 4167 1512 4225 umbonis
1526 4167 1655 4241 positum
1668 4167 1723 4224 fuit
1733 4164 1858 4225 revelata

140 4255 223 4330 quod
245 4272 303 4311 aaa
326 4257 384 4328 ipse
409 4257 550 4313 assisteres
585 4259 694 4324 tectulo,
714 4277 747 4316 ee
775 4262 896 4317 uotiuum
918 4280 981 4318 cum
1035 4257 1127 4314 facie:
1148 4261 1269 4315 sanctus
1294 4274 1361 4314 vero
1392 4256 1510 4330 presul,
1543 4257 1571 4312 vi
1606 4255 1737 4314 adhibita
1765 4255 1858 4313 dolori

141 4353 246 4402 sancta
258 4360 349 4400 serare
362 4346 484 4416 partitus
510 4347 642 4418 efficiam,
664 4350 807 4405 morientis
829 4351 920 4407 ocutos
937 4352 980 4407 di·
1036 4362 1101 4413 suo,
1129 4362 1227 4402 coram
1251 4346 1365 4419 ingenti
1389 4346 1543 4402 hominum
1568 4349 1656 4414 caetu,
1680 4345 1801 4402 fratrem
1825 4361 1860 4402 aa
1961 4393 1963 4399 ,

143 4435 219 4507 pitis
233 4434 290 4487 tuis
303 4433 445 4488 clauderes
459 4434 540 4500 (ibid.
552 4452 635 4492 num.
661 4437 716 4508 36).
741 4438 781 4493 lla
795 4438 904 4510 quibus
918 4456 980 4495 ver·
1036 4432 1167 4491 laudavit
1181 4433 1322 4503 Oratione,
1348 4452 1406 4508 qua
1429 4433 1502 4490 nihil
1527 4433 1657 4490 tenarius
1672 4434 1767 4507 possit
1780 4435 1859 4508 cogi-

143 4523 200 4578 bis
214 4519 303 4575 etiarn
319 4519 524 4595 intelligasper
534 4522 708 4598 haneSstyri
715 4526 980 4598 peregrinationem
1036 4523 1103 4590 tari,
1120 4524 1366 4596 quemadmodum
1383 4522 1551 4581 aelectione
1565 4523 1630 4596 ejus
1654 4523 1799 4596 hodieque
1814 4540 1861 4580 co·

144 4606 357 4667 Mareellinam
375 4609 585 4666 charissimum
599 4628 685 4669 suurn
695 4615 983 4686 germanuminvisu·
998 4618 1022 4684 1)
1037 4629 1177 4686 gnoscere
1191 4617 1246 4670 est.

144 4713 218 4755 ram
232 4696 351 4753 senisse
365 4697 577 4768 Mediolanum,
594 4705 622 4756 ct
635 4700 694 4774 ipsi
707 4700 737 4757 in
753 4703 918 4774 periculosa
932 4704 983 4762 illa
1072 4702 1117 4758 36.
1150 4703 1370 4759 Testamentum
1406 4701 1522 4759 nullum
1558 4702 1690 4760 condidit
1727 4702 1861 4775 Satyrus,

142 4784 324 4844 valetudine
338 4785 441 4843 sedulo
456 4787 651 4845 ministrasse.
1035 4790 1154 4848 etiamsi
1170 4791 1341 4854 Ambrosius
1357 4809 1389 4848 ac
1404 4789 1574 4848 Marcelline
1589 4790 1750 4848 instantius
1769 4791 1805 4846 ah
1826 4804 1860 4846 eo

186 4875 237 4930 33.
263 4877 394 4947 Satyrus,
424 4878 485 4932 tam
508 4874 614 4933 vitiosa
647 4878 710 4934 navi
737 4896 906 4948 conscensa,
927 4899 986 4938 non
1042 4878 1070 4935 id
1099 4879 1336 4950 contendissent;
1361 4881 1410 4937 sad
1437 4879 1591 4938 facultates
1616 4895 1684 4937 suas
1708 4877 1861 4950 utriusque

147 4961 253 5020 multo
270 4966 336 5036 post
347 4963 535 5037 naufragium
551 4966 619 5022 fecit
632 4984 638 5022 :
653 4984 719 5025 cum
737 4969 816 5026 enim
840 4971 869 5027 in
889 4971 988 5028 brevia
1041 4968 1175 5041 permisit
1190 4957 1320 5025 arbitrio.
1337 4969 1405 5026 llrat
1427 4969 1482 5026 hoc
1506 4968 1624 5041 quidem
1649 4965 1715 5022 illas
1730 4965 1862 5038 pauperi·

142 5051 291 5109 illisisaet
302 5051 379 5107 idem
392 5053 774 5131 navigiumejuscompago
785 5059 988 5116 statimsoluta
1043 5059 1099 5114 bus
1112 5057 1246 5114 nobiliori
1271 5059 1397 5130 quadam
1418 5056 1531 5114 ratione
1554 5061 1582 5112 et
1598 5052 1718 5110 vanitati
1741 5052 1863 5113 minime

145 5147 209 5198 est.
228 5140 261 5195 ln
275 5143 492 5214 tantotamquc
515 5144 652 5214 praesenti
677 5146 806 5216 pericula
827 5149 864 5203 ab
886 5147 923 5204 iis
937 5149 987 5220 qui
1043 5146 1167 5203 obnoxia
1193 5145 1358 5220 relinquere
1380 5151 1467 5219 atque
1490 5144 1608 5217 lagare3
1640 5145 1761 5200 sanctus
1785 5143 1863 5202 enim

145 5228 279 5305 genitali
296 5245 374 5299 aqua
389 5229 474 5285 tincti
490 5231 605 5288 fuerant
623 5232 766 5304 (nondum
780 5236 858 5291 enim
873 5253 990 5309 excepe·
1042 5236 1197 5308 episcopus
1213 5253 1271 5292 uon
1287 5253 1371 5293 aecus
1386 5253 1419 5292 aa
1434 5235 1568 5306 ipsorum
1583 5247 1666 5288 soror
1687 5231 1728 5289 ita
1742 5235 1806 5305 ejvs
1819 5249 1867 5289 vo·

146 5322 202 5375 rat
229 5333 296 5372 eam
319 5317 444 5389 gratiam
468 5319 615 5392 (Diuiaum
643 5323 768 5393 fidetium
787 5331 990 5381 sacramentam
1045 5323 1185 5380 luntatam
1209 5324 1389 5396 interpretati
1418 5326 1497 5388 suut,
1525 5326 1557 5375 ut
1579 5321 1787 5394 dispensatores,
1810 5337 1867 5378 aaa

144 5407 309 5480 poposcit...
333 5413 359 5461 et
378 5407 465 5478 lipari
487 5410 556 5480 fecit
582 5413 613 5464 ia
643 5413 746 5478 orario,
767 5417 793 5467 et
807 5415 931 5469 ararium
945 5416 989 5470 ia·
1044 5414 1164 5470 leucadas
1179 5431 1210 5470 se
1222 5414 1372 5469 institutos
1387 5410 1608 5479 arbitrarentur,
1619 5409 1719 5482 sicque
1733 5411 1768 5467 ad
1784 5411 1866 5483 Saty·

148 5495 241 5551 colret
256 5495 339 5562 cotia,
364 5501 445 5568 atque
473 5498 513 5553 ita
541 5515 569 5554 se
592 5499 689 5571 dejecit
715 5501 745 5556 iu
766 5518 879 5558 ruere...
906 5505 991 5559 trisse
1045 5520 1110 5558 rum
1124 5503 1204 5559 illius
1220 5502 1258 5556 rai
1276 5501 1361 5556 rediit
1374 5499 1471 5555 omnis
1486 5515 1609 5556 merces.

150 5593 249 5642 tuum
264 5589 349 5657 atque
361 5588 502 5643 munitum
515 5590 582 5644 satis
595 5587 717 5656 cratem,
733 5589 791 5645 alia
814 5592 924 5647 auxilia
936 5610 992 5649 aaa
1080 5593 1125 5648 37.
1143 5590 1272 5664 Septimo
1287 5588 1334 5645 die
1349 5587 1475 5644 reditum
1488 5592 1533 5645 est
1544 5588 1579 5645 ad
1596 5587 1692 5662 Satyri
1707 5583 1866 5660 tumulum,
1915 5663 1918 5666 Ι

153 5675 309 5745 repuisiret
324 5675 403 5746 (ibid.
416 5692 499 5732 num.
516 5677 572 5749 43).
588 5677 623 5733 Et
638 5693 705 5735 cum
721 5695 789 5752 spes
804 5697 859 5738 sua
869 5681 991 5741 minime
1046 5684 1080 5738 ut
1093 5681 1186 5754 ipsius
1197 5677 1301 5736 animae
1312 5675 1406 5736 solitis
1425 5677 1562 5750 precibus
1577 5695 1610 5736 aa
1629 5675 1808 5738 ceremoniis
1823 5677 1865 5734 di·
