4159 6184
147 320 193 403 cti
446 328 452 339 ’
578 338 695 405 orosa
715 340 766 404 ua
787 338 893 404 nouo
915 324 1391 413 boaria-nouorum.
1793 356 1855 429 ere

145 469 224 548 Igitur
238 472 319 548 quod
333 470 364 530 in
379 468 435 531 flue
449 470 557 531 ultime
570 472 782 532 lucubrationis
798 488 855 531 non
870 470 943 529 satis
958 468 1039 529 losse
1055 475 1220 532 tractatum
1234 473 1343 547 lucrat,
1356 477 1389 538 id
1403 479 1437 539 ln
1446 479 1504 543 hac
1519 482 1644 548 uberius
1659 492 1750 568 atqua
1766 508 1858 557 rece.

144 560 641 638 retiusdiscotien'dumproponitur.

175 654 218 711 ilic
231 654 332 727 itaque
347 652 474 709 ostendit
496 658 615 710 sanctus
639 653 739 709 doctor
763 650 841 724 quod
865 649 975 706 bonum
995 648 1046 715 sit,
1063 664 1171 719 queve
1187 650 1336 713 utilitates
1358 662 1477 732 mortis,
1500 683 1653 743 quamque
1677 673 1730 732 illa
1753 694 1861 752 parum

143 742 359 800 extimescenda.
376 740 561 814 Propositum
575 747 673 799 autem
688 740 744 796 hoc
759 755 846 796 suum
862 737 933 793 satis
948 739 1087 791 accurata
1103 736 1251 797 methodo
1266 750 1469 820 persequitur.
1485 754 1604 815 litenim
1619 766 1777 833 premissa
1798 771 1863 831 vitre

142 848 172 888 ac
184 832 281 889 mortis
296 829 478 896 delinitione,
494 833 523 886 et
536 830 685 887 nonnullis
698 834 800 886 contra
811 826 914 883 mortis
929 824 1088 881 utilitatem
1106 828 1273 899 oppositis,
1290 850 1357 907 quae
1372 846 1476 910 postca
1491 844 1590 917 diluit,
1613 853 1763 927 triplicem
1787 862 1866 923 inre·

140 920 188 979 nbi
202 924 325 979 mortem
341 920 536 987 demonstrat,
553 921 674 992 ejusque
689 918 808 975 tertium
822 933 913 990 genus
929 915 1006 988 quod
1021 914 1052 968 in
1067 913 1191 968 animae
1208 922 1300 993 atque
1316 930 1450 1001 eorporis
1464 940 1651 1008 separatione
1665 948 1796 1018 positum
1809 959 1856 1012 ege

137 1011 232 1068 bonum
249 1026 317 1067 csse
333 1026 368 1064 ac
384 1006 534 1065 felicitatis
550 1008 669 1081 plenum
685 1008 801 1077 evincit,
818 1010 846 1063 et
861 1006 885 1063 si
906 1004 976 1078 quid
994 997 1162 1057 metuendi
1179 1004 1230 1061 rel
1256 1009 1439 1076 incommodi
1463 1022 1571 1085 habeat
1605 1031 1636 1088 id
1661 1036 1780 1108 quidem
1806 998 1864 1101 no,

137 1099 219 1168 morli,
236 1100 289 1157 sed
307 1100 418 1155 nostre
433 1096 566 1168 ipsorum
583 1096 746 1153 infirmitati
763 1094 980 1154 ascribendum.
997 1090 1072 1146 Illud
1090 1102 1189 1158 vero,
1210 1097 1235 1151 si
1252 1103 1324 1173 quid
1341 1105 1431 1178 aliud,
1455 1112 1508 1169 viri
1534 1071 1627 1176 scholi
1652 1124 1788 1195 pietatem
1814 1063 1866 1188 d13

136 1186 218 1255 clarat,
234 1186 319 1260 quod
335 1185 439 1242 omnia
453 1184 546 1239 ferme
561 1183 657 1257 ipsius
672 1188 845 1257 argumenta
860 1176 1183 1239 sacrorumcodioum
1212 1193 1386 1251 auctoritate
1402 1198 1534 1259 nitantur
1560 1212 1611 1264 aut
1631 1210 1656 1265 si
1672 1216 1749 1285 quod
1773 1151 1863 1276 atfaren

135 1292 162 1332 er
174 1275 296 1333 naturali
314 1275 431 1332 ratione
447 1273 642 1345 desumptum
668 1273 815 1342 adhibeat,
843 1272 920 1345 quod
933 1272 996 1345 jam
1021 1259 1182 1324 insimili
1212 1290 1301 1335 0303,
1324 1282 1445 1343 arratum
1466 1247 1570 1350 fuiss’et
1584 1314 1601 1351 a
1613 1298 1797 1375 philosophis
1830 1308 1861 1364 id

131 1380 268 1441 nunquam
286 1380 349 1420 non
368 1361 466 1420 divino
482 1360 625 1433 quopiam
640 1361 808 1418 testimonio
823 1360 984 1417 confirmet.
1000 1358 1074 1415 Hinc
1091 1367 1215 1420 ansam
1232 1372 1336 1427 nactus
1349 1373 1528 1435 Christianos
1542 1383 1626 1439 dom
1640 1402 1729 1457 quam
1750 1348 1858 1463 per'nm

127 1452 184 1513 lile
195 1454 260 1513 vics
277 1470 373 1512 omne
387 1468 482 1527 genus
495 1450 687 1507 miseriarum
703 1450 881 1524 plenissima
897 1450 1130 1509 adhaerendum,
1147 1460 1301 1528 quamque
1325 1461 1456 1519 studiose
1479 1469 1595 1537 seculo,
1618 1475 1769 1533 exstinetts
1794 1496 1857 1536 cor.

119 1551 185 1622 poris
196 1543 446 1610 delectationibus,
471 1538 677 1613 cupiditatibus
699 1541 835 1607 omnibus,
864 1540 1013 1611 mundique
1031 1532 1181 1593 illecebris
1203 1545 1279 1616 (cap.
1304 1546 1332 1611 3,
1357 1551 1434 1620 ete),
1459 1554 1657 1624 moriendum,
1684 1566 1717 1617 ur
1731 1562 1853 1637 integr„

119 1642 278 1711 sancteque
294 1632 367 1690 vitre
382 1628 526 1689 beneficio
543 1646 629 1685 mors
645 1645 735 1702 quam
751 1632 904 1702 peccatum
919 1627 1014 1684 solum
1028 1630 1131 1701 potest
1145 1629 1270 1688 reddere
1283 1633 1510 1706 formidabilem,
1527 1658 1585 1697 non
1613 1644 1762 1706 timeatur.
1788 1652 1851 1709 Ηοο

117 1726 242 1785 ultimum
262 1723 402 1783 subinde
416 1720 534 1795 probat,
553 1718 743 1790 maximeque
757 1718 826 1774 totis
837 1718 932 1774 tribus
947 1718 1036 1789 hujus
1052 1713 1157 1790 opellae
1173 1720 1322 1792 capitibus
1337 1722 1412 1794 (cap.
1429 1726 1457 1792 5,
1477 1727 1590 1800 ectr).
1616 1733 1658 1787 Ad
1682 1739 1848 1795 extremum

118 1816 159 1874 ubi
170 1816 277 1873 animae
294 1807 556 1869 immortalilatem
573 1806 713 1874 asseruit,
730 1806 851 1878 quinam
869 1807 985 1863 futuros
1000 1805 1038 1862 sit
1064 1805 1144 1863 illius
1169 1808 1330 1880 acorporis
1349 1813 1540 1869 contubernio
1556 1824 1715 1890 segregatae
1737 1828 1848 1895 status,

120 1906 230 1981 explieat
247 1930 257 1975 ς
275 1918 314 1961 ac
333 1897 499 1975 perorando
514 1894 625 1952 fideles
640 1895 823 1964 adhortatur,
841 1898 873 1951 ut
888 1896 966 1951 omni
983 1894 1130 1950 industria
1144 1895 1202 1953 Deo
1219 1897 1369 1971 conjungi,
1382 1898 1467 1970 sique
1477 1901 1731 1965 indivulsoanimo
1746 1913 1845 1969 adhes-

122 2014 176 2071 rere
189 1994 344 2069 satagant,
364 2005 422 2064 quo
437 1991 505 2061 post
519 1984 645 2041 finitum
661 1984 748 2041 istius
769 1985 834 2040 vite
850 1982 1027 2040 curriculum
1050 1984 1201 2057 pervenire
1214 1986 1366 2059 contingat
1385 1986 1422 2043 od
1439 1990 1666 2060 patrierchamm
1683 2001 1844 2073 concilium,

127 2092 270 2150 cenchrem
282 2080 608 2149 circumjacentesque
623 2077 795 2140 contentum,
811 2074 859 2129 ubi
870 2074 984 2130 seruulis
1005 2075 1063 2129 auis
1084 2074 1217 2129 Dominus
1242 2076 1318 2130 lema
1343 2077 1500 2133 mensiones
1521 2084 1644 2152 parauit,
1668 2093 1699 2141 ut
1720 2089 1770 2145 ubi
1792 2090 1845 2148 ille

130 2184 194 2237 calet
205 2192 254 2233 nos
269 2176 365 2230 aimus
377 2168 452 2241 (cap.
469 2166 524 2239 la).
1439 2160 1442 2165 ’

162 2270 197 2325 ilx
210 2264 291 2323 omni
309 2264 413 2318 autem
429 2254 524 2328 operis
538 2251 636 2325 hujus
651 2251 812 2309 oeeonomia
826 2266 1001 2325 cognoscere
1016 2256 1071 2318 est,
1093 2267 1151 2309 non
1174 2251 1271 2308 solum
1296 2268 1329 2309 eo
1353 2251 1426 2309 nihil
1451 2254 1486 2310 ad
1514 2272 1630 2314 morum
1653 2260 1841 2337 disciplinam

133 2348 343 2415 accomodatius
369 2343 503 2409 inveniri,
528 2356 634 2397 verum
661 2340 750 2395 etiam
778 2338 851 2395 illud
877 2338 951 2396 libro
972 2342 1010 2397 lle
1032 2343 1108 2397 lsuoc
1129 2340 1215 2414 plane
1236 2341 1435 2413 synchronum
1462 2358 1538 2413 esse,
1559 2346 1616 2403 boo
1640 2353 1702 2419 est,
1726 2352 1840 2413 editum

136 2462 203 2505 anuo
214 2440 331 2501 circiter
346 2448 523 2491 eocmxxvn.
538 2430 641 2500 Neque
655 2442 722 2484 vero
736 2426 804 2484 hinc
819 2444 936 2500 quoque
950 2429 1065 2484 videtur
1079 2428 1155 2485 male
1169 2428 1274 2501 conjici
1288 2428 1367 2485 idem
1381 2428 1456 2488 illud
1472 2436 1605 2491 constare
1635 2438 1839 2513 concionibus,

135 2532 248 2611 quasad
263 2526 387 2586 eosdem
404 2538 478 2595 quos
493 2518 662 2592 superiores
678 2520 822 2574 tractatus
844 2518 1024 2589 spectabant,
1047 2518 1164 2575 habitas
1188 2516 1219 2573 in
1243 2516 1352 2574 librum
1374 2519 1515 2576 convertit
1538 2523 1721 2595 Ambrosius,
1743 2527 1840 2589 indita

133 2619 316 2695 inscriptione
333 2617 369 2671 lle
386 2612 453 2667 borco
466 2610 574 2671 morlia,
591 2606 646 2661 sub
662 2622 721 2678 qua
734 2622 792 2663 non
812 2604 902 2663 semel
918 2606 1024 2661 citatur
1038 2607 1075 2663 ab
1089 2606 1254 2679 Augustino
1278 2605 1341 2675 (lib.
1359 2624 1398 2676 rv,
1424 2610 1515 2664 contr.
1540 2610 1607 2667 duaa
1627 2616 1706 2685 episi.
1729 2617 1838 2691 Pelep„

133 2730 193 2786 cap.
208 2709 262 2780 ll).
276 2706 313 2761 oc
329 2704 405 2759 lorte
421 2698 485 2755 istis
501 2694 641 2753 omnibus
656 2695 755 2751 causis
770 2694 890 2760 lactum,
907 2698 941 2749 ut
952 2694 983 2750 in
997 2712 1057 2751 uno
1073 2694 1221 2767 regiorum
1237 2694 1370 2751 codicum
1385 2695 1426 2751 ita
1441 2695 1668 2758 inscriberetur:
1683 2702 1767 2761 Liber
1782 2714 1838 2763 ter·

132 2804 188 2859 tius
200 2814 234 2855 cc
246 2795 317 2851 libro
328 2790 366 2847 lle
376 2784 555 2860 patriarchia,
566 2784 615 2856 put
624 2783 787 2839 intituletur
800 2784 839 2839 lle
852 2782 920 2838 bono
933 2784 1038 2838 morlia.

165 2888 271 2944 Verum
288 2896 354 2954 quse
369 2878 398 2934 S.
415 2876 517 2931 doctor
531 2874 566 2929 de
580 2869 747 2927 animarum
761 2870 932 2943 corporibus
952 2872 1014 2927 suis
1034 2872 1189 2928 exutarum
1205 2875 1293 2939 statu,
1306 2871 1398 2944 deque
1422 2877 1540 2929 auctore
1564 2892 1581 2931 a
1621 2893 1679 2950 qno
1705 2878 1839 2940 doctrina

129 2980 179 3037 illa
194 2973 324 3049 prolecta
339 2970 394 3033 cst,
410 2965 465 3021 sub
481 2958 652 3034 scriptionis
667 2960 792 3032 hujusce
807 2961 897 3017 linem
912 2960 1012 3029 tradit,
1028 2976 1064 3016 ea
1077 2975 1148 3015 sane
1164 2978 1217 3018 nos
1232 2960 1262 3017 in
1274 2962 1347 3019 duas
1357 2962 1561 3020 acuminimas
1572 2964 1838 3029 difficultatescon·

124 3067 241 3143 jieiunt.
258 3058 390 3117 Primum
405 3054 484 3111 enim
500 3050 525 3107 si
543 3048 669 3106 doctoris
685 3050 776 3106 nostri
792 3049 879 3107 verbe
890 3049 990 3105 stricte
1005 3053 1092 3122 atque
1107 3065 1141 3104 ex
1156 3050 1288 3123 apicibus
1302 3051 1537 3124 interpretemur,
1562 3070 1702 3129 cogemur
1725 3057 1839 3133 liquida

127 3150 260 3216 confiteri
277 3146 392 3205 animas
408 3141 503 3215 ipsius
515 3136 626 3209 judicio
641 3135 671 3193 in
687 3138 865 3211 quibusdam
880 3137 1058 3194 habitaculis
1071 3141 1145 3209 (cap.
1165 3139 1207 3209 to)
1223 3137 1377 3196 conclusas
1394 3140 1527 3212 adusque
1545 3144 1712 3214 generalem
1737 3162 1837 3208 resur-

125 3244 287 3305 rectionem
304 3232 426 3299 servari,
441 3246 492 3287 eas
519 3227 559 3283 ibi
575 3227 739 3283 mercedem
756 3226 885 3283 debitam
900 3226 1038 3299 operibus
1053 3225 1127 3295 suis,
1140 3228 1191 3283 sed
1206 3228 1366 3284 antediem
1381 3228 1520 3285 ultimum
1531 3231 1838 3296 minimereddendam

122 3333 308 3408 exspectare,
323 3321 439 3379 interim
453 3323 554 3374 lernen
572 3313 637 3369 illas
651 3314 696 3369 vel
712 3315 798 3370 bonis
810 3314 998 3387 quibusdam,
1014 3314 1058 3371 vel
1083 3317 1177 3388 poenis
1193 3316 1269 3373 allici
1286 3318 1377 3387 (itio,
1399 3321 1418 3387 ),
1440 3324 1528 3391 prout
1553 3319 1685 3393 ipsarum
1714 3340 1839 3401 quaeque

119 3426 178 3484 luit
194 3413 385 3477 commerita,
411 3410 564 3482 postremo
576 3405 717 3475 justorum
734 3404 859 3459 letitiam
872 3419 924 3475 per
938 3404 1069 3476 quosdam
1079 3404 1188 3460 ordines
1202 3422 1258 3461 esce
1271 3406 1403 3477 dipeslom
1413 3410 1489 3480 (cap.
1515 3408 1571 3482 ll).

153 3512 269 3571 Mirum
291 3498 409 3577 quidem
426 3512 485 3554 non
501 3496 546 3550 est
558 3491 614 3546 hoo
630 3492 717 3546 modo
732 3491 768 3547 de
784 3489 949 3547 animarum
966 3496 1043 3547 statu
1059 3490 1196 3564 scripisse
1210 3494 1407 3561 Ambrosium,
1435 3496 1486 3550 sed
1516 3496 1590 3555 illud
1618 3506 1831 3575 propemodum

113 3592 298 3660 incredibile
313 3588 403 3650 videri
419 3586 528 3659 potest,
544 3596 633 3653 quam
649 3579 679 3634 in
707 3596 741 3636 ea
755 3578 924 3653 questiones
953 3580 1046 3636 sancti
1062 3580 1161 3636 Patres
1183 3581 1219 3636 ab
1247 3580 1320 3653 ipsis
1350 3582 1548 3654 apostolorum
1577 3589 1761 3661 temporibus
1794 3595 1830 3652 ad

111 3683 257 3763 Gregorii
272 3675 539 3751 XIpontitlcatum,
564 3668 823 3742 Florentinumque
852 3668 1020 3737 concilium,
1046 3668 1102 3726 hoe
1127 3678 1181 3737 est,
1206 3673 1266 3727 loto
1290 3671 1382 3725 ferme
1411 3675 1633 3744 quatuordeeim
1658 3678 1832 3742 seculorum

109 3778 232 3855 spatio,
251 3765 355 3826 incerti
373 3782 406 3821 ac
421 3776 527 3835 parum
542 3760 712 3813 constantes
739 3757 913 3813 exstiterint.
944 3758 1005 3813 Non
1023 3758 1102 3813 enirn
1118 3756 1215 3814 solum
1229 3758 1304 3814 alius
1320 3757 1355 3813 ab
1371 3756 1438 3827 alio,
1454 3764 1488 3815 ut
1512 3761 1541 3817 in
1558 3761 1729 3833 hujusmodi
1754 3784 1832 3841 que.

110 3864 275 3924 stionibus
291 3854 415 3913 necdum
431 3850 467 3907 ab
482 3844 612 3904 Ecclesia
626 3844 755 3901 delinitis
772 3846 939 3919 contingere
954 3850 1045 3913 amat,
1059 3846 1257 3904 dissentiunt:
1273 3862 1373 3903 rerum
1390 3846 1479 3902 stiam
1500 3865 1559 3905 non
1588 3852 1660 3908 satis
1688 3854 1834 3915 coherent

113 3954 177 4013 sibi
198 3947 261 4025 ipsi
280 3965 287 4015 ;
304 3958 372 4000 cum
388 3940 506 3997 easdem
522 3933 637 3990 animas
651 3932 729 3989 claro
745 3933 847 3990 divium
863 3938 974 3990 naturae
992 3939 1149 4007 conspectu
1165 3934 1222 3990 lrui
1235 3935 1411 4008 quibusdam
1427 3934 1603 4009 scriptorum
1618 3956 1739 3997 sucrum
1763 3942 1836 4003 locis

112 4039 301 4101 concedere,
324 4045 428 4089 rursus
454 4022 634 4099 quibusdam
651 4020 716 4077 aliis
740 4023 769 4078 id
793 4022 891 4096 ipsum
911 4039 1017 4096 negare
1038 4022 1201 4078 rideantur.
1227 4024 1321 4097 Hujus
1336 4027 1433 4080 autem
1456 4025 1547 4081 nostri
1564 4026 1691 4085 instituti
1716 4046 1775 4087 non
1790 4038 1836 4090 est

113 4130 257 4185 diversas
285 4121 353 4178 illas
382 4116 573 4189 antiquorum
588 4111 707 4166 Petrum
724 4112 883 4169 sententias
897 4112 946 4169 hic
961 4128 1135 4185 congerere:
1152 4112 1198 4166 cui
1214 4112 1298 4184 plura
1313 4112 1368 4168 bac
1379 4113 1415 4169 de
1435 4130 1466 4170 re
1483 4130 1657 4188 cognoscere
1685 4117 1833 4179 libueruit.

113 4217 269 4291 Alpheus.
285 4211 386 4267 Castro
401 4204 464 4277 (lib.
481 4219 524 4269 111,
549 4198 615 4256 nuo.
641 4200 766 4271 licerent,
796 4200 868 4256 Sixt.
891 4202 955 4257 San.
981 4200 1065 4271 (Bibl.
1087 4200 1108 4254 1.
1134 4182 1172 4267 vi,
1196 4201 1303 4256 Annot.
1329 4202 1402 4272 345),
1428 4202 1564 4260 Bellarm.
1587 4204 1676 4276 (lib.r
1697 4212 1740 4265 De
1764 4210 1832 4270 beot.

112 4322 183 4377 cap.
203 4305 216 4360 l
236 4307 266 4359 ct
280 4299 367 4371 see).
393 4288 638 4363 Petenffteolor.
664 4286 753 4358 dopro.
770 4288 803 4343 de
818 4288 882 4357 Deo,
899 4304 962 4361 cap.
979 4289 1014 4344 lc
1028 4291 1058 4344 et
1072 4288 1116 4359 lt)
1143 4291 1231 4361 alque
1256 4288 1329 4345 alios
1352 4289 1488 4347 consulat
1511 4292 1588 4349 licat.
1616 4292 1691 4351 lllud
1718 4300 1834 4358 tanturn

111 4392 175 4449 hoe
185 4392 248 4449 loci
260 4390 466 4450 admonemus,
479 4394 596 4436 omnem
607 4375 689 4432 illam
706 4377 851 4433 sermonis
868 4376 1067 4433 diversitatem
1079 4394 1113 4433 ex
1127 4378 1217 4433 variis
1230 4394 1366 4434 manasse
1382 4378 1545 4454 principiis,
1561 4399 1625 4455 que
1640 4386 1751 4444 sanctis
1774 4388 1833 4449 illis

109 4482 191 4538 etr-ig
213 4492 364 4538 gesseram
380 4470 556 4547 paginarum
568 4464 653 4522 lectio
677 4464 894 4537 suppeditabat.
917 4464 990 4521 llinc
1002 4469 1047 4521 est
1059 4466 1136 4537 quod
1152 4467 1200 4537 qui
1213 4466 1441 4524 Millenaricrum
1452 4484 1581 4526 errorem
1594 4472 1726 4546 amplexi
1753 4477 1832 4548 subt,

106 4570 149 4625 ab
168 4570 215 4627 iis
230 4568 335 4627 eodem
352 4560 524 4636 argumento
539 4556 638 4610 futura
654 4558 720 4610 ante
736 4570 889 4626 corporum
905 4554 1149 4611 resurrectionem
1163 4555 1298 4611 beatillca
1311 4556 1383 4611 visio
1398 4558 1570 4631 negabatur.
1586 4560 1621 4617 ot
1635 4566 1771 4634 quamvis
1783 4567 1833 4638 qui

107 4659 221 4714 secuti
237 4660 311 4715 sunt
326 4666 434 4725 magno
449 4642 691 4705 studiosumdem
706 4658 833 4699 errorem
845 4642 1048 4717 impugnarint
1061 4642 1313 4717 profligariotque,
1328 4648 1426 4700 tamen
1440 4646 1517 4703 eirca
1524 4647 1574 4704 Dei
1587 4648 1730 4708 visionem
1738 4652 1833 4710 adbuc

112 4745 301 4818 pendebant
315 4738 468 4812 ancipites.

151 4834 281 4891 Etenim
296 4828 412 4889 eumad
428 4821 536 4883 Christi
560 4817 755 4894 precationem
771 4835 829 4891 qua
844 4821 920 4893 patri
936 4820 1081 4893 supplicat
1097 4836 1149 4893 pro
1170 4819 1281 4888 electis,
1307 4830 1338 4876 ut
1361 4823 1429 4889 sint,
1452 4823 1550 4897 inquit
1570 4825 1662 4897 (loon.
1684 4842 1752 4882 xvir.
1777 4827 1834 4897 l2),

111 4938 249 4995 mecum,
274 4925 344 4988 etc.;
367 4932 435 4973 oum
463 4912 499 4969 ad
532 4906 723 4983 apostolicum
755 4908 847 4965 illud:
877 4910 997 4977 dissolui,
1022 4918 1050 4965 el
1071 4924 1126 4964 ease
1144 4924 1207 4963 cum
1222 4908 1326 4964 Cirtam
1346 4909 1433 4966 multo
1457 4913 1557 4968 niellus
1580 4914 1711 4986 (Philipp.
1736 4930 1746 4968 r
1767 4916 1835 4985 cot:

111 5024 194 5067 eum
215 5011 252 5067 ad
269 5008 343 5065 istas
371 5018 466 5069 voees,
478 5013 593 5072 repnum
608 4996 746 5061 celerem,
758 4999 847 5053 nilons
861 5006 992 5054 elmoni
1007 5039 1013 5065 ,
1030 5014 1063 5053 ao
1079 4996 1191 5053 similes
1212 4996 1285 5053 alias
1299 4998 1456 5054 advertunt
1469 5000 1620 5055 animum:
1638 5001 1688 5055 sed
1703 5017 1764 5074 prae
1786 5019 1837 5061 oe-
1912 5014 1915 5019 ·

110 5100 197 5156 teris
213 5116 281 5156 curn
297 5108 401 5154 eorum
417 5104 539 5163 quorum
552 5084 650 5143 obitus
664 5084 770 5141 Christi
788 5085 1031 5143 resurrectionem
1048 5085 1212 5154 eumverlit,
1225 5101 1277 5142 nec
1288 5102 1346 5141 uon
1357 5102 1459 5142 eorum
1475 5086 1541 5159 quis
1552 5086 1611 5144 illis
1624 5102 1677 5159 per
1686 5088 1836 5150 Christum

110 5202 129 5240 e
144 5186 252 5244 limbo
264 5189 327 5260 jam
344 5180 485 5246 liberatis,
498 5177 558 5233 vita
572 5177 733 5242 cesserunt,
750 5174 908 5231 discrimen
924 5176 1104 5243 examinant,
1127 5177 1190 5229 tum
1215 5190 1280 5231 vero
1305 5174 1426 5231 minime
1451 5174 1587 5230 dubitant
1609 5176 1727 5232 beatam
1751 5177 1837 5238 illum

113 5278 322 5349 conspectum
338 5268 442 5328 solutis
463 5263 616 5321 animabus
631 5261 800 5329 attribuere,
810 5262 898 5335 idque
908 5263 1095 5335 potissimum
1110 5260 1212 5319 ubivel
1225 5266 1367 5335 martyres
1380 5262 1514 5333 solemni,
1525 5261 1570 5318 vel
1582 5262 1656 5319 alios
1664 5270 1836 5337 prestantes

114 5364 209 5421 viros
223 5360 339 5420 funebri
355 5354 521 5415 laudatione
534 5354 763 5426 prosequuntur.
778 5354 844 5407 Ate
863 5351 1079 5407 contrarietum
1102 5352 1221 5408 demum
1250 5352 1385 5407 eumdem
1414 5367 1600 5423 nequaquam
1624 5351 1761 5411 videntur
1782 5358 1837 5425 ad-

117 5450 259 5521 mittere,
284 5464 351 5507 eum
368 5443 575 5503 similitudines
597 5440 794 5497 laborantium
817 5439 847 5495 in
868 5438 961 5507 vinea,
987 5440 1096 5508 Lazari,
1119 5440 1232 5509 Divitis,
1248 5456 1282 5495 ac
1306 5440 1389 5494 sinus
1405 5438 1528 5494 abrahe
1552 5440 1759 5502 considerant:
1784 5448 1835 5503 sod

118 5540 346 5596 maximecom
361 5531 523 5592 illaomnia
537 5530 731 5605 perpendunt,
756 5544 819 5600 que
844 5528 873 5583 in
898 5527 1059 5602 Scripturis
1084 5531 1223 5584 doeemur
1250 5529 1286 5582 de
1309 5530 1456 5598 postremo
1478 5526 1603 5599 judicic,
1630 5530 1659 5584 et
1677 5530 1835 5591 universali
1890 5543 1894 5549 ’

129 5628 370 5693 resurrectione,
385 5620 493 5698 quibus
504 5616 584 5675 velut
603 5618 718 5673 duobus
743 5616 913 5673 cardinibus
926 5622 1081 5675 vertuntur
1094 5633 1196 5672 omnes
1210 5614 1428 5673 adhortationes
1447 5615 1716 5693 promissionesque
1729 5620 1837 5678 Christi

121 5711 155 5767 in
170 5716 242 5772 suis
259 5712 417 5789 parabolis,
433 5706 630 5783 apostolorum
645 5706 673 5761 in
691 5706 839 5763 canonicis
854 5706 996 5781 epistolis,
1012 5710 1040 5761 et
1056 5724 1113 5762 uno
1129 5704 1226 5773 verbo,
1241 5704 1378 5779 Apostolo
1395 5708 1479 5777 teste,
1491 5708 1588 5765 omnis
1603 5708 1835 5766 Christianorum

123 5800 210 5860 tides
226 5822 234 5876 3
249 5806 309 5863 imo
324 5803 412 5861 etiam
425 5814 492 5873 spes
506 5796 657 5855 beatorum
673 5796 729 5853 lob
744 5813 777 5852 ac
791 5796 898 5866 Tobiae,
926 5796 1169 5853 comminationes
1184 5794 1404 5867 prophetarum,
1419 5814 1477 5853 non
1503 5812 1588 5856 secus
1611 5815 1644 5855 ao
1667 5801 1835 5855 sanctorum
