4159 6184
171 396 222 461 arr
762 400 813 463 nn
835 392 1273 462 earvnraemcmu
1812 404 1873 485 ara

171 532 377 608 supponitur,
392 552 429 595 ns
449 535 602 597 occidatur
616 534 770 613 parricida,
786 552 854 597 eum
869 550 990 608 prospe·
1003 529 1033 599 A
1046 536 1230 603 sanctornm,
1239 531 1380 593 destituta
1391 533 1729 611 prestolamusttioqoe
1742 537 1871 611 viduata

172 628 245 697 ctum
260 641 319 685 nun
335 624 433 695 tuerit,
452 642 489 683 ne
504 626 645 686 innocens
667 625 857 683 occideretur.
869 623 994 681 Octavus
1049 623 1211 697 graviorem
1225 624 1339 682 subiret
1357 642 1519 685 aerumnam
1535 645 1543 684 :
1557 628 1609 686 aad
1629 628 1724 703 magia
1735 629 1877 703 tropaeo«

172 717 213 773 est
232 712 332 783 homo,
348 714 436 773 habet
452 712 624 793 rationabile
645 732 703 791 quo
727 717 845 789 praestet
868 710 994 793 ceteris,
1050 712 1132 769 tibus
1145 713 1325 772 commonita
1341 714 1466 773 oraculis
1485 717 1705 790 prophetarum,
1719 720 1757 777 ad
1771 718 1873 781 rome

171 801 255 860 hahet
284 807 313 859 ot
340 803 470 878 quinque
500 805 631 878 corporis
659 820 776 875 sensus,
790 802 879 859 habet
907 799 996 857 etiam
1050 818 1123 859 num
1138 802 1231 860 Deum
1247 820 1336 861 suum
1350 804 1399 877 pio
1420 805 1527 864 rediret
1545 806 1663 878 allectu3
1680 824 1726 877 ue,
1743 807 1874 870 adversis

171 905 277 957 vocem,
293 891 382 948 habet
405 896 434 949 el
458 894 616 966 generandi
641 893 776 966 gratiam.
792 892 859 949 Hac
883 893 995 961 septem
1051 891 1227 964 captivitatis
1242 892 1350 961 attrita,
1362 899 1513 966 prorueret
1527 896 1556 951 in
1567 897 1695 968 pertidia
1708 903 1871 972 peccatum,
1978 940 1982 947 -

172 978 226 1035 nisi
240 978 291 1035 illo
306 979 474 1038 rationabili
489 986 640 1055 regantur,
657 981 789 1054 sublecta
803 978 891 1036 morti
906 980 994 1034 sunt:
1051 978 1214 1054 salutisque
1228 984 1374 1056 perpetua
1388 982 1551 1039 remedium
1566 984 1744 1057 desperaret.

172 1072 199 1124 et
212 1068 276 1124 ideo
292 1068 402 1126 stultus
425 1069 455 1125 in
479 1070 527 1127 his
541 1070 628 1127 habet
650 1087 737 1127 omne
760 1067 923 1143 pericnlum
939 1066 994 1122 sui.
1086 1070 1131 1125 37.
1147 1069 1376 1143 Redarguuntur
1394 1070 1494 1144 itaqua
1517 1071 1573 1130 hoc
1595 1072 1627 1131 in
1645 1071 1709 1133 loco
1733 1075 1782 1147 qui
1807 1075 1872 1132 uni-

174 1156 224 1221 Oni
240 1173 308 1231 orgo
325 1158 498 1216 rationabile
510 1159 584 1215 illud
600 1159 742 1226 amiserit,
756 1160 866 1215 trustra
880 1158 915 1214 de
931 1155 999 1213 isto·
1051 1174 1116 1215 carn
1132 1158 1307 1215 hanovitam
1323 1162 1427 1233 putent
1440 1176 1515 1229 esse,
1527 1178 1591 1235 quae
1604 1162 1642 1218 sit
1657 1162 1686 1218 in
1701 1163 1756 1220 hoc
1767 1164 1875 1223 seculo

173 1261 236 1301 rum
251 1245 307 1302 sihi
324 1263 381 1303 usu
396 1250 509 1320 septem
523 1247 685 1304 carnalium
699 1262 855 1305 munerum
871 1244 1000 1301 blandie-
1051 1248 1164 1317 (omnia
1187 1248 1273 1321 plena
1297 1248 1409 1322 lapsus,
1425 1248 1511 1322 plena
1535 1251 1668 1308 moeroris
1691 1255 1772 1322 sunt)
1786 1257 1815 1309 et
1828 1269 1873 1310 re-

172 1336 229 1390 tur.
244 1333 451 1393 Dissolvuntur
465 1336 526 1393 hec
548 1336 657 1405 omnia,
672 1336 728 1395 nisi
750 1335 874 1393 habenis
889 1332 997 1409 quibu·
1053 1337 1238 1411 dargnuntur
1261 1338 1387 1411 simplici
1417 1338 1490 1396 serie
1514 1343 1675 1413 gestorum.
1698 1342 1769 1399 iteca
1795 1343 1874 1399 enim

171 1423 254 1479 adam
270 1425 393 1481 rationis
413 1426 533 1482 astricta
556 1427 625 1483 sint.
641 1426 720 1483 Mors
742 1426 841 1497 itaque
864 1422 997 1489 rationis,
1048 1426 1160 1498 iustus,
1177 1426 1328 1499 innocens,
1347 1427 1425 1499 pius,
1442 1432 1559 1501 propter
1572 1430 1696 1501 gratiam
1712 1431 1874 1489 devotionis

171 1516 293 1569 mortem
316 1516 454 1586 operatur
477 1514 723 1572 irrationabilium
743 1514 924 1588 passionum.
941 1509 998 1567 Sed
1053 1514 1120 1571 odia
1135 1514 1234 1573 fratris
1252 1515 1416 1588 incurrens,
1431 1516 1610 1574 immaturus
1628 1519 1723 1576 adhuc
1738 1520 1789 1576 evi
1804 1521 1875 1578 sub-

171 1599 242 1658 illud
256 1602 363 1659 melina
379 1603 457 1675 quod
475 1603 618 1677 septimus
634 1620 776 1661 numerus
791 1601 899 1678 quietis
914 1604 943 1658 et
956 1612 1001 1659 ra·
1053 1602 1130 1659 latus
1144 1608 1190 1661 est
1203 1603 1373 1677 parricidio;
1389 1609 1418 1660 et
1428 1603 1559 1678 iniquus,
1571 1604 1741 1676 sceleratus,
1753 1607 1876 1681 impius,

172 1692 320 1749 missionis
335 1696 389 1749 est.
404 1692 479 1767 llrgo
492 1693 543 1767 qui
557 1692 606 1749 alii
622 1710 680 1750 non
698 1693 826 1769 pepercit
840 1692 997 1765 peccatori,
1053 1691 1142 1749 etiam
1157 1692 1286 1749 fraterna
1300 1695 1378 1751 cade
1389 1692 1520 1767 pollutus
1535 1695 1798 1769 longaevam,duxit
1808 1702 1877 1755 ata·

170 1786 198 1840 st
212 1798 323 1839 munus
338 1782 365 1838 ei
381 1780 563 1840 remissionis
575 1786 761 1856 peccatorum
777 1782 923 1852 inviderit,
936 1782 999 1857 ipse
1053 1784 1125 1847 tem,
1151 1780 1233 1837 duxit
1255 1796 1386 1851 uxorem,
1411 1782 1611 1856 posteritatem
1633 1784 1761 1858 reliquit,
1788 1786 1876 1844 nrbes

171 1870 225 1947 ¹sihi
255 1886 338 1944 spem
367 1871 554 1927 remissionis
582 1871 695 1945 eripiet,
710 1874 739 1928 et
766 1871 822 1927 erit
835 1871 865 1928 in
881 1888 914 1928 eo
934 1873 997 1945 pari
1012 1901 1037 1969 B
1054 1870 1195 1940 condidit,
1206 1874 1235 1927 et
1249 1870 1305 1927 hcc
1320 1870 1427 1929 meruit
1449 1872 1641 1945 permissione
1656 1872 1877 1933 divina.Nonne

170 1975 310 2017 mensura
322 1958 451 2016 vindicta
463 1960 499 2017 de
513 1958 617 2032 grstia.
1050 1957 1082 2015 in
1097 1958 1146 2015 his
1161 1964 1260 2032 aperte
1274 1977 1329 2016 vox
1342 1959 1393 2016 Dei
1415 1960 1546 2017 clamat?
1560 1960 1679 2031 Erratis,
1691 1961 1742 2035 qui
1766 1962 1877 2036 putatis

203 2049 249 2105 35.
265 2048 347 2116 Quod
364 2052 462 2105 autam
487 2048 606 2123 signum
631 2048 729 2121 posuit
751 2064 839 2121 super
862 2048 943 2119 Cain,
960 2067 996 2107 ne
1048 2047 1098 2105 hic
1113 2064 1178 2105 esse
1194 2065 1311 2105 omnem
1326 2050 1440 2107 vivendi
1461 2049 1585 2125 gratiam
1603 2068 1610 2107 :
1627 2048 1875 2125 nonintelligitr's,

170 2136 236 2211 quis
264 2154 333 2196 eum
361 2136 515 2205 occideret,
543 2138 691 2195 reltectere
717 2137 809 2195 voluit
837 2142 993 2208 errantem,
1051 2154 1109 2193 non
1133 2138 1283 2195 advertitis
1307 2142 1487 2195 senectutem
1509 2139 1585 2196 hanc
1611 2137 1797 2200 miseriarum
1811 2156 1877 2199 esse

170 2227 291 2285 met
314 2224 456 2283 beneficio
485 2242 538 2283 suo
566 2224 689 2282 invitare
713 2225 748 2282 nd
774 2226 993 2284 correctionem.
1050 2229 1228 2295 veteranam,
1253 2226 1531 2301 processionemque
1555 2228 1649 2285 atatis
1676 2244 1876 2288 erumnarum
1927 2258 1931 2267 ·

168 2314 245 2389 lpsia
259 2314 338 2371 enim
352 2330 407 2381 nos
429 2314 543 2371 lacibus
565 2314 746 2372 committere
767 2314 906 2384 solemus,
923 2332 995 2388 quo·
1051 2314 1205 2388 stipendia,
1216 2320 1245 2373 el
1260 2315 1366 2390 scylleo
1381 2316 1509 2391 quodam
1524 2334 1581 2374 usu
1596 2318 1808 2376 circumsonari
1822 2336 1876 2394 nos

171 2422 238 2463 rum
253 2403 397 2461 habemus
417 2404 552 2477 gratiam.
568 2404 626 2461 Nec
646 2408 755 2474 tamem
771 2421 879 2479 magna
894 2422 995 2465 conce·
1051 2403 1230 2476 quotidianis
1253 2404 1426 2479 naufragiis,
1447 2406 1530 2463 tundi
1553 2406 1702 2475 ductibus,
1717 2408 1748 2464 in
1769 2424 1876 2483 scopu-

169 2494 236 2550 dit:
253 2493 303 2550 aad
319 2491 350 2548 in
364 2508 397 2548 eo
412 2492 477 2565 ipso
492 2492 721 2566 imprudentiam
740 2492 908 2567 insipientis
922 2492 995 2551 ulci-
1050 2490 1122 2552 losis
1137 2492 1313 2550 habitaculis
1328 2494 1442 2574 degere,
1459 2497 1487 2551 et
1510 2493 1540 2550 in
1565 2495 1613 2552 his
1636 2494 1784 2565 delectari,
1800 2496 1877 2555 sicut

169 2580 272 2648 scitur,
283 2580 335 2653 qni
347 2597 415 2637 curn
428 2584 506 2637 esset
514 2581 663 2655 perpetuis
673 2582 826 2657 suppliciis
841 2582 995 2652 obnoxius,
1050 2579 1123 2637 illud
1139 2598 1197 2638 non
1219 2585 1279 2637 tam
1295 2586 1436 2639 aternum
1460 2582 1580 2653 animal,
1596 2600 1686 2657 quam
1710 2586 1876 2645 immortale

168 2688 228 2728 non
244 2669 354 2727 remitti
369 2668 425 2727 sibi
446 2686 562 2743 poenam
585 2670 728 2743 poposcit,
744 2671 795 2728 sed
818 2671 907 2729 vitam
933 2689 995 2729 cor·
1051 2669 1185 2730 malnm‘t
1197 2670 1273 2744 ltrgo
1288 2674 1317 2727 et
1330 2670 1381 2727 lsti
1395 2671 1466 2727 Gaio
1488 2670 1658 2745 longaevitas
1671 2673 1797 2744 indulta,
1811 2676 1875 2732 vin-

169 2760 253 2835 poris
267 2757 359 2832 hujus
374 2759 584 2816 obsecrandam
601 2758 711 2833 putavit
725 2760 792 2833 (72),
808 2760 838 2815 in
854 2776 913 2835 qna
928 2761 996 2834 plus
1051 2757 1129 2815 dicta
1143 2762 1204 2828 est;
1220 2776 1254 2816 eo
1269 2760 1346 2832 quod
1360 2758 1432 2815 vixit
1450 2758 1479 2815 in
1497 2764 1588 2829 metu,
1603 2765 1632 2816 et
1646 2760 1791 2835 prolixum
1805 2780 1876 2837 spa·

169 2865 308 2905 arumna
337 2851 392 2915 est,
421 2863 510 2920 quam
539 2846 710 2921 voluptatis.
727 2848 805 2905 hlors
831 2849 909 2907 enim
937 2867 997 2907 una
1051 2847 1126 2904 tium
1147 2846 1239 2905 multo
1262 2847 1392 2905 cucurrit
1414 2851 1443 2905 et
1467 2846 1649 2907 infructuoso
1664 2851 1743 2909 m
1765 2850 1875 2920 labore,

168 2942 214 2995 eat
235 2937 267 2994 in
289 2936 453 2994 secessione
481 2936 585 2993 anime
612 2941 641 2993 et
668 2936 808 3010 corporis,
824 2943 854 2995 et
882 2938 912 2995 in
939 2940 996 2997 tine
1052 2954 1110 3010 qua
1133 2954 1219 3010 poena
1243 2935 1317 2993 nihil
1341 2936 1459 3010 gravius
1474 2954 1562 3010 quam
1584 2942 1616 2994 ut
1640 2926 1708 3012 quis
1731 2939 1795 3013 ipse
1818 2940 1875 2999 sihi

169 3028 259 3084 istius
270 3025 348 3092 vite,
365 3041 439 3098 qua,
451 3023 541 3081 simul
555 3025 677 3081 ulvenit
692 3042 794 3083 omues
807 3027 935 3101 corporis
950 3029 998 3085 do·
1052 3026 1199 3097 maiorum
1220 3042 1310 3082 causa
1338 3042 1491 3099 pernarum
1506 3025 1554 3093 sit.
1569 3024 1642 3082 Vide
1668 3026 1759 3101 igitur
1787 3045 1875 3102 qnam
1941 3038 1954 3059 ²

168 3114 247 3172 lorea
276 3112 401 3185 auterre,
427 3130 484 3169 non
508 3129 614 3187 augere
635 3114 794 3171 consuevit.
811 3115 906 3173 Melus
928 3133 996 3174 vero
1052 3117 1192 3189 perpetua
1206 3114 1266 3171 vita
1285 3115 1443 3186 justorum,
1458 3117 1486 3171 et
1504 3112 1586 3171 nulla
1600 3115 1639 3172 sit
1652 3115 1877 3192 improborum?

168 3204 220 3277 qui
248 3204 326 3259 hano
339 3202 431 3258 vitam
458 3201 624 3259 viventibus
652 3204 817 3276 frequenter
829 3204 995 3280 ingruunt,
1051 3202 1129 3261 tusti
1147 3202 1270 3279 sanguis
1284 3202 1392 3261 clamat
1405 3207 1435 3261 et
1454 3203 1573 3273 mortni,
1586 3204 1646 3262 vita
1661 3200 1759 3281 np'tem
1773 3222 1876 3280 pecca·

167 3291 327 3359 moestitia,
344 3290 470 3358 dolores,
492 3290 632 3364 gemitus,
649 3290 815 3366 diversique
837 3294 995 3362 cruciatus,
1011 3266 1033 3335 G
1052 3292 1124 3349 toris
1139 3292 1338 3351 absconditur.
1598 3277 1601 3281 Δ

167 3377 898 3455 gravitatum,etegritudinumvulnera,plurimas
908 3385 996 3441 etiam
1087 3382 1131 3437 38.
1147 3380 1279 3437 'l'ertium
1292 3384 1346 3451 est,
1359 3381 1498 3455 qnoniam
1514 3397 1582 3438 cnm
1594 3380 1784 3454 parricidium
1799 3388 1877 3441 asset

166 3472 280 3527 mortes
294 3468 394 3543 generi
415 3466 545 3525 humano
570 3468 709 3538 inierunt,
721 3474 754 3525 ut
777 3470 835 3528 ista
857 3488 937 3529 mors
952 3489 997 3530 re-
1052 3468 1226 3535 admlssnm,
1241 3468 1297 3526 hoc
1312 3473 1356 3525 est
1375 3470 1517 3527 scelerum
1535 3469 1727 3545 principatus,
1743 3472 1794 3529 nbi
1809 3490 1875 3547 pec-

166 3558 301 3617 medium
317 3572 382 3615 esse
395 3557 539 3626 videatur,
555 3574 613 3615 non
630 3574 725 3631 poens.
742 3558 804 3615 Non
830 3560 907 3617 enim
932 3578 996 3635 par·
1052 3561 1153 3613 catum
1176 3557 1315 3633 obrepsit,
1332 3558 1432 3615 statim
1456 3563 1485 3615 et
1512 3558 1559 3615 lex
1586 3559 1689 3617 divina
1704 3566 1875 3620 mansuetn-

165 3646 383 3721 emptorium,
399 3662 555 3719 perquam
578 3664 636 3704 non
660 3647 800 3703 adimitur
814 3648 944 3717 vita,sed
960 3652 996 3707 ad
1052 3644 1131 3703 dinis
1156 3646 1305 3720 prorogari
1332 3645 1447 3713 debuiit
1474 3663 1511 3704 1²0
1534 3648 1559 3705 Si
1582 3649 1722 3706 vontinuo
1741 3651 1876 3708 vindict·

166 3735 293 3793 meliora
311 3735 497 3793 transfertur.
514 3735 588 3792 Nam
613 3735 638 3793 si
662 3742 799 3796 nocentes
820 3738 996 3808 moriuntur,
1051 3738 1116 3790 tum
1139 3737 1218 3791 esset
1240 3733 1270 3790 in
1299 3748 1393 3803 reum,
1415 3734 1551 3791 homines
1580 3752 1697 3811 quoque
1725 3738 1757 3794 in
1779 3738 1874 3797 vindi·

167 3824 221 3899 qni
236 3824 363 3899 gradum
379 3840 396 3880 a
411 3823 538 3897 peccatis
558 3840 692 3881 revocare
715 3824 877 3895 noluerint;
893 3826 936 3883 vel
952 3826 997 3885 in·
1052 3822 1145 3879 cando
1169 3823 1226 3896 (73)
1250 3822 1362 3879 nullam
1389 3823 1560 3896 patientiam
1586 3826 1875 3901 moderationemque

164 3914 219 3971 viti
242 3918 343 3970 tamen
367 3912 456 3969 finem
479 3928 538 3969 non
567 3916 690 3979 natura,
706 3914 758 3969 sed
784 3912 875 3985 culpas
903 3914 997 3989 adipi·
1052 3916 1211 3980 servarent,
1234 3912 1286 3969 sed
1311 3912 1412 3969 statim
1441 3928 1506 3969 reos
1531 3912 1674 3986 supplicio
1697 3914 1809 3971 darent.
1825 3911 1874 3972 Dl-

167 4006 306 4071 scnntur,
318 4018 356 4058 ne
369 4000 455 4077 plura
469 4002 770 4075 delinquant,quibua
782 4003 937 4062 vitatenus
953 4007 998 4060 est
1050 3998 1124 4055 vina
1140 4003 1239 4056 autem
1257 4000 1408 4057 sententiar
1432 4000 1614 4075 providentia
1633 4002 1805 4074 hujusmodi
1818 4008 1873 4072 est,

166 4091 358 4149 delictorum.
374 4089 404 4148 si
420 4094 518 4148 autem
541 4091 624 4147 bona
647 4090 711 4163 spei
738 4095 888 4165 compotes
916 4095 997 4164 aunt,
1052 4092 1086 4144 ut
1100 4088 1372 4163 magnanimitatem
1386 4092 1416 4147 et
1430 4089 1600 4163 patientiam
1615 4091 1732 4148 doceret
1741 4091 1873 4163 jndicem

165 4180 299 4255 migrare
313 4180 409 4254 magis
424 4195 514 4252 quam
528 4179 651 4235 delicere
666 4178 803 4237 credendi
818 4184 896 4236 sunt.
1051 4195 1088 4234 ne
1102 4178 1169 4250 quis
1197 4194 1378 4251 praepropero
1399 4182 1549 4253 raperetur
1562 4179 1660 4237 studio
1684 4178 1830 4251 vindictas,
1846 4180 1875 4238 et

201 4270 249 4326 36.
266 4268 411 4325 Inseritur
422 4268 479 4325 boc
502 4267 566 4324 loco
590 4269 698 4341 dogma
719 4267 754 4324 de
779 4268 997 4342 incorruptione
1051 4266 1116 4340 ipsa
1128 4265 1347 4325 deliberationis
1359 4267 1571 4325 immaturitate
1585 4266 1873 4342 puniretinnoxinm,

165 4358 287 4428 animm,
304 4356 380 4430 quod
411 4357 478 4433 ipsa
502 4371 570 4413 vera
598 4360 627 4413 et
654 4356 740 4413 beata
757 4356 816 4413 vita
843 4356 996 4431 sit,}quam
1052 4358 1104 4411 ant
1118 4371 1234 4427 poenam
1249 4354 1399 4412 acerbaret
1411 4355 1478 4412 irati
1493 4356 1565 4429 (tl);
1581 4373 1634 4414 nec
1645 4360 1744 4413 tamen
1758 4356 1875 4431 penitus

164 4446 378 4519 unusquisque
402 4448 475 4502 bene
497 4444 634 4502 conscius
648 4444 718 4501 vivit
732 4444 825 4501 multo
846 4444 949 4519 purius
964 4463 997 4503 ac
1051 4443 1180 4500 inultum
1194 4460 1259 4501 esse
1278 4448 1425 4518 pateretur
1439 4444 1469 4500 in
1485 4462 1519 4502 eo
1536 4444 1587 4519 qui
1602 4445 1715 4503 nullam
1730 4445 1875 4519 pernitan-

164 4534 382 4602 bartimaeum
397 4533 488 4607 hujus
508 4534 605 4591 carnis
627 4533 726 4591 anima
740 4539 840 4590 nostra
856 4535 996 4609 deposce·
1051 4532 1123 4589 tiam
1152 4532 1271 4590 sceleris
1298 4533 1454 4591 induisset.
1471 4535 1549 4592 m
1564 4534 1682 4608 Repulit
1702 4535 1781 4593 enim
1807 4552 1876 4593 eum

166 4624 207 4680 rit
222 4621 422 4691 involucrum,
438 4627 466 4679 et
488 4622 617 4696 quodam
637 4638 751 4679 carcere
765 4620 822 4679 isto
846 4622 933 4679 luerit
945 4624 997 4681 ab·
1012 4636 1036 4705 D
1052 4638 1070 4677 a
1084 4620 1156 4678 lacis
1175 4638 1239 4690 sua,
1255 4626 1284 4678 et
1306 4638 1324 4678 a
1347 4622 1518 4695 parentibus
1543 4619 1712 4681 abdicatum
1736 4629 1876 4699 separate

167 4712 268 4769 soluta
282 4728 435 4785 corporeo;
451 4710 481 4767 in
497 4709 592 4767 ullum
607 4710 787 4783 superiorem
803 4710 937 4769 revolans
952 4712 996 4769 lo·
1052 4709 1243 4767 habitationis
1258 4711 1385 4782 quodam
1399 4710 1538 4785 relegavit
1561 4710 1678 4780 exsili03
1693 4729 1727 4770 eo
1746 4711 1823 4785 quod
1838 4712 1875 4769 ab

168 4817 249 4873 oum,
264 4802 345 4859 unde
364 4800 474 4858 nostris
497 4800 596 4857 intusa
609 4800 771 4857 visceribus
794 4801 997 4874 compassione
1051 4798 1182 4855 humana
1202 4799 1430 4857 mansuetudine
1448 4799 1605 4859 transisset
1619 4802 1655 4857 ad
1671 4800 1810 4858 sevitiam
1824 4800 1884 4856 be·-

168 4890 301 4964 oorporis
315 4890 406 4963 hujus
423 4887 578 4963 ingemuit,
592 4888 683 4945 donec
694 4888 844 4946 commissi
854 4891 997 4964 guberna·
1052 4886 1187 4944 aliarum.
1202 4888 1411 4947 Verumtamen
1427 4906 1486 4947 non
1504 4889 1663 4947 homicidio
1675 4887 1767 4946 voluit
1780 4886 1875 4943 homi-

168 4978 230 5035 cuti
243 4994 354 5035 munus
374 4976 526 5051 impleret;
551 4982 585 5033 ut
608 4976 704 5034 carnis
728 4977 819 5050 hujus
842 4978 995 5037 irrationa-
1051 4976 1147 5034 eidam
1164 4976 1316 5047 vindicari,
1332 4978 1384 5051 qui
1407 4978 1518 5035 mavult
1540 4977 1700 5052 peccatoris
1720 4976 1874 5034 compatio-

166 5064 245 5125 hiles
259 5071 358 5125 motus
375 5064 544 5125 rationabili
558 5064 648 5121 ductu
671 5069 783 5139 regeret
796 5070 825 5125 et
840 5072 995 5125 coerceret.
1051 5081 1236 5139 remquam
1260 5071 1394 5123 mortem.
1410 5066 1493 5125 Unde
1512 5065 1542 5122 in
1557 5064 1681 5122 Lamech
1707 5066 1875 5139 septuagies

168 5152 241 5215 lnde
254 5161 300 5215 est
314 5155 393 5230 quod
404 5154 660 5229 posteapropheta
673 5154 703 5210 in
717 5154 913 5229 captivitatem
928 5174 995 5215 cum
1052 5154 1159 5231 septies
1173 5155 1353 5226 vindicatur;
1381 5156 1452 5229 quia
1477 5155 1590 5230 gravim
1613 5151 1699 5225 culpa
1725 5154 1790 5225 eJ'us
1818 5158 1874 5223 eat,

171 5245 280 5319 populo
300 5246 472 5303 iudeorum
495 5244 692 5314 transierunt;
717 5260 754 5299 ne
778 5244 891 5319 reliqua
912 5245 996 5319 plebs
1051 5245 1103 5319 qui
1117 5261 1170 5301 nec
1198 5248 1264 5319 post
1286 5244 1505 5302 damnationem
1531 5258 1563 5299 se
1590 5241 1715 5299 correxit
1742 5242 1873 5301 alterius.

204 5360 261 5434 (72)
276 5361 327 5419 lta
353 5376 428 5421 mss.
454 5376 567 5418 omnes.
581 5359 645 5417 Vet.
670 5363 769 5418 autem
798 5360 880 5429 edit,
905 5361 995 5419 etvm-
1051 5362 1120 5429 duo,
1138 5362 1278 5421 acerbaret
1305 5360 1410 5443 inqrcti
1424 5376 1434 5415 :
1448 5356 1505 5413 Alii
1533 5360 1604 5424 tres,
1619 5361 1760 5415 caenaret
1781 5360 1873 5419 irati:

170 5432 290 5508 randum
315 5434 435 5507 putarit.
451 5428 519 5488 Sota
547 5432 629 5488 Rom.
655 5430 738 5499 edit,
762 5432 925 5489 serrandum
941 5450 995 5506 pu·
1051 5433 1122 5505 quid
1137 5432 1161 5491 si
1172 5449 1240 5488 cum
1256 5432 1369 5488 Latinio
1383 5428 1475 5555 telgas,
1492 5430 1597 5485 errati?
1611 5429 1725 5487 Rursus
1739 5429 1798 5513 hoc
1808 5428 1873 5505 ipso

168 5504 247 5559 mail.
1048 5503 1113 5560 loco
1132 5504 1202 5561 adit.
1218 5505 1283 5560 Am.
1300 5507 1388 5573 atque
1433 5517 1557 5556 racem
1572 5500 1874 5569 mss.l¹l0r.,D1v.et

205 5574 262 5658 (73)
275 5574 333 5631 tls.
350 5590 429 5631 unus
452 5572 515 5629 Vnt.
531 5588 600 5631 cum
614 5575 671 5628 vet.
687 5570 770 5639 edit,
785 5574 817 5628 ia
833 5573 994 5645 judicando.
1051 5574 1155 5642 hand,
1178 5590 1228 5630 nee
1248 5578 1341 5629 turrea
1367 5574 1476 5644 paritas
1503 5572 1642 5629 indultam
1667 5589 1734 5631 esee.
1756 5573 1824 5631 Gill.
1837 5588 1873 5632 aa

167 5645 356 5709 thiatadtt.
372 5646 469 5713 Rom,
484 5643 704 5705 invindicuado.
1049 5647 1133 5709 Rom.
1148 5662 1218 5705 cum
1231 5644 1309 5715 Vah,
1324 5645 1446 5704 inultm
1458 5660 1524 5705 essa

206 5718 262 5792 [74)
278 5719 322 5775 lta
344 5716 415 5775 edit.
440 5734 542 5775 omnes
568 5732 674 5791 magno
700 5732 855 5775 consensu.
871 5718 908 5775 At
921 5732 994 5777 mss.
