4159 6184
141 389 194 455 lt'l

779 386 831 451 Dll
851 385 1045 451 tenebant
1067 389 1142 454 tto.
1166 392 1206 455 ll.

1797 392 1855 457 lib

142 523 318 599 teotignus
335 539 393 580 non
412 521 469 579 tuit
497 519 615 579 venire:
646 524 830 597 congregatio
859 526 959 578 autem
975 528 1002 589 Α
1017 528 1085 579 ante
1101 530 1269 590 extraneos,
1285 540 1355 583 curn
1371 525 1506 583 Rebecca
1516 522 1581 597 jam
1601 524 1784 599 desponsata
1808 528 1857 586 de-

143 615 266 691 gentium
281 612 370 671 simut
387 616 421 668 ut
434 611 572 669 arcessiri
588 627 621 667 so
637 611 719 679 vidit,
736 611 870 667 occurrit.

174 706 215 759 93.
231 702 361 775 Denique
377 705 410 757 ut
426 701 503 758 scias
519 716 579 756 non
592 700 657 757 sine
668 703 804 773 mysterio
816 715 962 765 esse,cum

141 792 287 849 roboretur
302 790 424 857 camelo,
438 788 577 845 veniebat
591 788 627 845 ad
645 805 808 862 sponsum;
827 805 861 845 so
883 788 960 861 quod

141 879 261 955 populus
277 879 430 935 nationum
445 877 578 935 belluina
593 877 720 949 quadam
741 877 878 933 horridus
902 894 963 933 me-

142 970 258 1026 ritorum
274 967 470 1037 deformitate,
487 965 537 1039 qui
553 966 654 1021 lormsc
669 982 728 1021 suae
744 965 858 1023 nullum
874 966 963 1021 babo-

143 1057 340 1123 ratdeeorem,
356 1056 444 1111 fidem
460 1070 525 1110 esse
549 1058 639 1125 atque
662 1069 840 1110 consensum
864 1054 964 1109 lleele·

145 1147 188 1205 sia
202 1149 388 1217 recepturus.
404 1144 462 1200 Nee
478 1142 550 1198 illud
567 1145 695 1198 otiosum
717 1143 773 1214 (30,
790 1159 820 1215 q.
845 1145 872 1209 5,
899 1159 963 1213 cap.

144 1238 193 1293 lter
206 1232 302 1305 illud),
318 1232 395 1305 quod
421 1249 488 1287 cum
505 1230 616 1286 ueniret
630 1230 770 1299 Rebecca,
789 1230 860 1286 vidit
885 1231 966 1286 lsane

144 1321 397 1389 deambulantem
413 1326 524 1377 etcum
548 1319 760 1392 interrogasset
781 1319 849 1392 quis
874 1323 963 1385 esset,

144 1412 254 1487 cognito
284 1411 361 1484 quod
391 1410 454 1484 ipse
489 1413 567 1465 esset
604 1409 651 1464 eui
689 1409 845 1465 duceretur
883 1424 966 1471 uxor,

1018 610 1172 684 signatum
1194 614 1336 672 maritum
1366 618 1468 690 aperto
1498 615 1594 688 capite
1624 632 1682 673 non
1713 619 1860 691 putaverit

1017 701 1196 757 videndum.

1053 788 1097 843 et.
1116 789 1196 853 Quis
1210 788 1260 846 ille
1275 799 1320 850 est
1340 793 1477 850 servulus
1501 794 1551 867 qui
1577 797 1705 868 providit
1728 800 1783 859 has
1809 820 1864 859 nu·

1017 877 1120 949 ptiasl
1137 876 1232 933 Unus
1248 882 1349 955 utique
1371 883 1407 939 de
1433 883 1584 956 apostolis,
1610 892 1639 944 et
1667 888 1716 947 illo
1740 892 1868 953 maxime

1019 966 1069 1039 qui
1085 966 1144 1021 ait:
1171 966 1235 1023 Viri
1250 972 1363 1041 fratros,
1379 988 1424 1029 vos
1437 976 1511 1030 scitis
1522 978 1590 1048 outo
1604 996 1621 1035 o
1635 978 1729 1037 diebus
1744 986 1870 1059 antiquit

1018 1058 1047 1111 in
1063 1054 1148 1110 notis
1175 1054 1249 1113 Deus
1264 1063 1344 1133 clepit
1361 1078 1395 1118 ee
1417 1079 1535 1121 oroneo
1562 1068 1659 1127 audire
1673 1074 1798 1131 notiones
1813 1092 1869 1133 oer-
1955 1086 1961 1101 ¹

1020 1145 1083 1199 tunt
1098 1144 1267 1211 scarapsus
1283 1153 1351 1223 (Art.
1368 1168 1415 1216 xv,
1429 1152 1469 1223 7).
1484 1153 1535 1211 Vel
1555 1157 1602 1215 illo
1626 1163 1675 1233 qui
1696 1163 1796 1221 doctor
1822 1184 1873 1240 ap-

1019 1232 1156 1305 pellatus
1182 1238 1235 1290 est
1248 1240 1382 1312 gentium
1398 1240 1422 1311 (l
1435 1243 1501 1298 Tim.
1518 1263 1548 1313 11,
1563 1249 1602 1317 7).
1621 1251 1680 1323 lpsi
1702 1253 1779 1311 enim
1806 1273 1873 1312 oum

1019 1321 1186 1393 teguntur,
1205 1333 1260 1382 aut
1275 1328 1405 1384 loannes
1421 1334 1606 1404 evangelista,
1624 1341 1780 1409 acquirunt
1792 1344 1873 1399 Chri-

1020 1415 1066 1467 sto
1081 1410 1229 1470 animam
1247 1417 1316 1486 (72).
1335 1418 1475 1473 utoredat
1490 1437 1554 1491 quoe
1569 1431 1635 1477 ento
1652 1444 1708 1480 non
1726 1430 1868 1485 credidit:

144 1499 303 1567 deseendit,
319 1504 348 1555 et
362 1502 450 1570 caput
464 1514 551 1555 suum
568 1496 719 1553 obnubere
735 1496 833 1569 eoepit,
858 1495 967 1551 docens
1020 1504 1050 1555 et
1066 1500 1269 1572 cupientibus
1300 1501 1434 1557 Cbistum
1463 1505 1566 1573 videro,
1598 1514 1785 1569 sermonibus
1816 1516 1866 1569 de·
1928 1554 1930 1560 ι

144 1588 345 1647 verecundiam
361 1585 472 1659 nuptiis
488 1586 589 1657 preire
605 1585 812 1641 debero:inde
833 1583 912 1639 enim
939 1588 968 1638 ot
1022 1592 1196 1645 monstrant
1219 1588 1294 1645 suis.
1326 1592 1424 1660 ltaque
1444 1592 1603 1661 Abrabam,
1630 1596 1784 1665 celebratis
1810 1600 1863 1654 tilii

145 1678 260 1753 nuptias,
278 1677 372 1746 dictat,
388 1675 465 1747 quod
481 1674 602 1747 pudoris
617 1675 713 1748 gratia
734 1672 837 1745 puellae
859 1689 890 1727 se
914 1674 967 1727 ob·
1022 1678 1147 1747 nuptiis,
1164 1677 1300 1747 longaeva
1315 1680 1399 1733 aetate
1413 1682 1441 1733 ct
1459 1679 1536 1736 bona
1556 1688 1705 1741 senectute
1729 1686 1861 1758 complo-

145 1769 296 1826 nuberent.
313 1762 418 1819 Discite
438 1779 517 1837 ergo,
544 1761 683 1835 virgines,
713 1760 965 1834 quemadmodum
1021 1764 1062 1819 vit
1078 1766 1141 1823 dies
1158 1767 1239 1837 (tie-u.
1256 1780 1322 1833 xxv,
1338 1766 1377 1835 8).

144 1856 262 1915 servetis
277 1852 493 1919 verecundiam,
509 1868 561 1908 nec
577 1852 684 1908 intecto
700 1851 794 1925 capite
818 1848 967 1923 prodestis
981 1893 1005 1957 B

178 1999 233 2068 tta)
247 1995 312 2051 Vst.
327 1995 407 2060 edit,
423 2011 485 2048 rum
509 1994 651 2064 lepuntur,
675 1996 715 2048 uit
738 1998 860 2051 ¹loannes
885 2006 966 2046 euon-
1022 1990 1092 2047 Cum
1121 1992 1443 2067 sortiunturmrputrunt
1469 1997 1576 2053 Clrristo
1590 2000 1747 2055 on-r'rnnrn...
1763 2004 1789 2055 et
1811 2017 1856 2056 cn

145 2071 248 2143 peltata,
261 2068 410 2138 coquinent
425 2065 531 2121 Christo
544 2067 727 2121 tietmarum
744 2082 811 2119 curn
823 2062 964 2118 advertis-
1016 2064 1169 2133 pientinus
1188 2064 1324 2119 Christum
1334 2066 1434 2139 nidere,
1450 2073 1479 2124 ut
1495 2071 1662 2125 oitlonnuet
1672 2071 1853 2142 Eronpelr'stn

147 2140 308 2199 sertitem.
324 2137 448 2193 editores
464 2139 653 2192 commodum
669 2152 787 2191 sensum
804 2135 874 2189 binc
898 2132 964 2187 elici
1018 2134 1215 2199 sermonibus,
1235 2139 1283 2191 eto.
1306 2137 1439 2195 Nostram
1468 2157 1533 2197 vero
1562 2141 1715 2197 lectionem
1748 2158 1852 2213 ruugno

147 2229 200 2269 non
216 2225 314 2283 posse,
330 2207 425 2263 locum
440 2209 671 2263 emendaverunt
684 2206 714 2262 in
730 2206 805 2263 hane
821 2207 962 2260 formem:
1019 2221 1180 2261 consensu
1199 2208 1349 2277 proterunt
1363 2228 1432 2267 mss.

1600 2374 1850 2385 -u———u—

737 2500 907 2587 Llssttt
938 2500 1272 2592 SECUNDUS.

898 2686 1107 2701 *a

416 2814 530 2871 CAPUT
550 2811 707 2870 PRIMUM.
1031 2828 1156 2871 cessum
1175 2816 1281 2875 mentis
1294 2824 1322 2877 et
1346 2824 1502 2896 quomdam
1527 2824 1705 2896 superiorem
1730 2824 1858 2883 reditum

145 2908 213 2963 Post
227 2904 381 2976 expositum
397 2902 530 2958 moralem
557 2918 678 2969 sensum,
708 2900 743 2955 od
765 2899 974 2972 profundiorem
1031 2902 1228 2974 significaret,
1260 2913 1291 2964 ut
1331 2914 1578 2984 quemadmodum
1616 2913 1740 2971 infracta
1775 2933 1858 2972 urens

184 2971 975 3057 seualleporicumtrtatit1tttttmtlmffllttm⁰th
1028 2992 1194 3049 relormnre
1215 3013 1245 3052 se
1274 3002 1376 3071 possit,
1406 3020 1658 3075 cognosceremus,
1682 3004 1861 3079 purgaverat

183 3047 374 3121 proeciprotur
389 3045 639 3101 ‹dexentdeterro
655 3059 707 3098 suo
728 3048 754 3097 et
777 3043 810 3098 de
833 3043 975 3124 copnotto-
1030 3080 1111 3137 enim
1132 3086 1215 3139 tem
1346 3090 1351 3101 .
1464 3091 1469 3105 .
1648 3096 1654 3107 .

185 3134 224 3173 m
235 3134 308 3185 W
323 3132 374 3171 m
386 3132 443 3171 mm
455 3133 472 3171 a
485 3116 585 3189 quim
607 3114 644 3169 ad
665 3116 812 3186 perfectam
832 3121 975 3186 pumma,
1218 3101 1245 3141 m
1269 3086 1412 3148 Dominus
1442 3091 1542 3147 diluvu
1566 3094 1722 3163 inlusione,
1748 3094 1859 3153 laverat

185 3187 651 3258 mrmmmsp'mppcap
670 3185 791 3256 Denique
810 3187 976 3257 promssfflm
1030 3168 1169 3225 humone
1202 3172 1394 3235 colluvionem
1422 3179 1605 3253 tragilitatis:
1631 3184 1680 3241 sed
1705 3200 1761 3238 non
1787 3186 1860 3242 satis

184 3259 308 3317 torano
319 3260 504 3331 posteritatem
518 3264 612 3329 repert.
989 3237 1096 3312 Ceret
1113 3259 1148 3313 ad
1175 3260 1292 3317 virtutis
1318 3268 1492 3337 protectum,
1523 3271 1578 3328 nisi
1608 3278 1640 3329 ut
1667 3272 1861 3331 instrueretur

185 3349 215 3405 l.
233 3346 374 3404 Moralem
389 3348 507 3419 quidem
524 3345 622 3402 locum
638 3344 785 3416 prosecuti
798 3360 981 3416 sumusque
1034 3344 1122 3401 bomo
1143 3352 1396 3417 quamadmodum
1426 3374 1456 3413 se
1483 3365 1595 3433 rogaret
1621 3369 1647 3418 at
1672 3361 1859 3435 gubernaret,

144 3438 305 3511 potuimus
320 3433 485 3491 intellectus
502 3434 712 3507 simplieitato;
739 3436 771 3487 ut
793 3433 842 3505 qui
868 3432 980 3506 legunt,
1033 3434 1180 3489 Abraham
1208 3440 1314 3494 mentis
1334 3440 1396 3499 loco
1423 3445 1583 3505 inducitur.
1610 3452 1740 3523 Denique
1769 3454 1858 3511 Abra·

144 3540 270 3581 morum
286 3521 403 3595 possint
417 3522 472 3578 sibi
483 3523 602 3578 haurire
617 3519 806 3593 magisteria:
833 3522 883 3575 sed
911 3521 980 3593 quia
1035 3521 1102 3577 ham
1127 3522 1271 3581 transitus
1294 3528 1402 3586 dieitur
1419 3535 1486 3605 (75).
1503 3537 1577 3611 Ergo
1602 3546 1635 3595 ut
1650 3530 1733 3597 meus
1748 3558 1812 3613 que
1828 3544 1857 3600 in

143 3631 184 3670 ex
196 3617 325 3684 utraque
340 3616 424 3683 parte
439 3616 524 3667 acuta
538 3615 584 3667 ost
598 3609 677 3666 acies
691 3608 790 3681 gladii,
807 3626 841 3664 ex
856 3614 980 3681 utraque
1033 3611 1124 3665 Adam
1143 3615 1232 3667 toturn
1248 3630 1279 3669 se
1294 3615 1480 3676 delectationi
1496 3630 1525 3679 ot
1537 3626 1681 3685 illecebris
1703 3633 1859 3703 corporali.

144 3696 979 3775 partopretiorisstmiliterror-cumbet,quodoctonarius
1033 3700 1088 3754 bus
1098 3698 1255 3767 desiderat,
1267 3702 1296 3758 in
1309 3704 1434 3763 lormam
1443 3709 1559 3769 uirtutis
1570 3718 1756 3789 speciemque
1767 3726 1859 3778 trans-

144 3789 235 3845 omni
248 3786 979 3861 gladioacutissimo,penetransusqueaddivisio·
1033 3788 1097 3852 iret,
1114 3787 1156 3842 vir
1177 3790 1295 3862 sapiens
1322 3796 1407 3851 nobis
1430 3798 1467 3853 ad
1493 3800 1668 3861 imitandum
1692 3809 1859 3879 propositus

148 3894 224 3933 nem
240 3877 355 3943 animo,
367 3893 543 3949 quocunque
557 3874 745 3941 converteris,
758 3879 891 3946 paratum
901 3875 978 3930 inve-
1032 3876 1221 3950 est.l)eniquo
1231 3881 1377 3939 Abraham
1390 3889 1554 3945 secundum
1580 3892 1725 3961 llebrreos,
1754 3912 1857 3952 seeun-

149 3964 219 4021 nies
228 3971 257 4021 ct
264 3968 516 4039 opportunum,ut
525 3965 654 4020 animam
665 3962 788 4035 legentis
799 3970 978 4035 pertransent
1032 3966 1102 4021 dum
1120 3966 1237 4025 Latinos
1253 3975 1334 4041 pater
1349 3972 1444 4031 dictus
1457 3983 1512 4043 est,
1528 3997 1561 4035 eo
1572 3982 1649 4052 qtrod
1663 3998 1745 4039 mons
1761 3988 1856 4055 pater·

152 4052 193 4107 sd
210 4053 395 4109 revelandum
406 4052 644 4125 propheticarum
655 4050 871 4123 scripturarum
889 4054 977 4125 aeuig·
1032 4072 1071 4110 na
1084 4056 1211 4127 quadam
1228 4061 1410 4131 auctoritate,
1422 4066 1561 4124 censione
1583 4070 1641 4140 (76)
1665 4077 1693 4125 ei
1714 4071 1856 4129 sollicitu-

154 4146 245 4197 mata.
261 4142 343 4198 Unde
362 4158 420 4196 non
441 4142 604 4197 absurdum
621 4155 686 4196 reor
701 4139 805 4195 reterre
822 4142 857 4196 ad
874 4141 978 4198 altiora
1031 4143 1100 4198 dine
1114 4147 1207 4199 totum
1221 4147 1362 4219 gubernet
1379 4150 1536 4210 bominem.

154 4243 286 4301 sonsum,
300 4235 330 4287 et
345 4230 561 4303 perhistoriam
577 4231 758 4285 diversorum
775 4245 976 4299 personarum,
1067 4234 1094 4287 2.
1112 4232 1177 4289 Hreo
1207 4252 1276 4308 ergo
1307 4254 1390 4293 mons
1413 4247 1476 4297 erat
1502 4244 1531 4299 in
1560 4246 1681 4314 Charra,
1706 4247 1734 4304 id
1766 4252 1855 4306 estin

154 4314 271 4375 virtutis
295 4321 395 4375 lormee
419 4318 577 4390 quemdam
611 4332 781 4390 processum
814 4318 976 4390 explicare;
1032 4322 1173 4391 cavernis,
1185 4324 1308 4380 obnoxia
1322 4326 1409 4382 variis
1423 4332 1621 4400 passionibus.
1636 4336 1762 4407 Ideoque
1777 4340 1856 4397 m

151 4405 760 4478 maximecumjamintidamintellectus
780 4408 978 4477 profundioris
1032 4410 1404 4471 dicitnrei:1taetuoterra
1431 4420 1572 4490 tuutden.
1602 4441 1653 4489 rur,
1682 4428 1718 4491 l),
1750 4426 1855 4494 idest,

148 4495 745 4569 exordiadegustaverimus(ltepornrltso,
763 4510 827 4566 cap.
847 4496 977 4566 2tddam
1031 4500 1068 4554 de
1083 4516 1202 4571 corpore
1214 4506 1272 4556 tuo.
1287 4502 1487 4563 llsivitdehao
1500 4514 1578 4566 terra
1599 4510 1657 4567 ilto.
1675 4515 1761 4585 cujus
1784 4532 1856 4572 eon-

146 4586 259 4641 etenim
276 4590 408 4641 mentam
420 4582 559 4652 diximus,
571 4584 659 4639 Evam
675 4598 796 4638 sonsum
812 4599 877 4639 esse
889 4584 978 4657 signi·
992 4605 1016 4671 D
1031 4588 1156 4644 versutio
1173 4588 1200 4644 in
1218 4588 1298 4645 omlis
1314 4596 1366 4647 est
1386 4596 1418 4649 Et
1432 4594 1465 4650 de
1478 4602 1650 4669 requietione,
1675 4602 1785 4675 inquit,
1808 4613 1855 4660 tuo

147 4670 317 4738 ficavimus,
334 4670 480 4743 serpentis
495 4671 590 4745 speeie
612 4671 834 4728 delectationem
859 4690 977 4746 expres·
1031 4677 1124 4749 (ibid.)
1136 4678 1446 4749 Cognatisuntanimae
1460 4692 1565 4743 nostres
1582 4691 1712 4762 corporis
1738 4709 1852 4747 sensus.

145 4758 337 4829 simus;sed
354 4761 394 4817 ibi
410 4761 446 4817 de
460 4777 578 4817 summa
592 4760 782 4828 beatitudine,
797 4764 826 4816 et
849 4764 976 4834 quadam
1031 4766 1493 4829 Dividitureniminduoauims
1517 4782 1632 4834 nostra:
1663 4778 1693 4834 in
1723 4778 1751 4834 id
1776 4780 1853 4849 quod

145 4849 279 4907 naturali
295 4850 440 4907 virtutum
468 4850 635 4906 arucenitato
658 4866 710 4927 por
727 4850 974 4924 circumscriptio·
1030 4858 1076 4911 est
1091 4855 1272 4924 rationabile,
1291 4862 1319 4913 et
1347 4858 1376 4913 in
1406 4860 1434 4915 id
1463 4865 1541 4934 quod
1571 4870 1615 4921 est
1644 4865 1852 4923 irrationabile.

144 4937 976 5008 nemsensusffl).etdeleetstionisillecebram,relluxus
1031 4941 1062 4998 ln
1091 4960 1122 4999 so
1165 4950 1262 4999 utitem
1305 4946 1383 5018 quod
1426 4956 1470 5004 ost
1510 4951 1718 5018 irrationabile,
1749 4970 1853 5011 sensus

145 5023 190 5078 ad
208 5026 322 5099 culpam
339 5027 476 5099 tritaet:
495 5025 541 5082 hio
560 5032 657 5082 autem
683 5026 844 5098 proiectum
869 5030 976 5087 mentis
1031 5036 1118 5087 sunt:
1138 5050 1206 5104 ergo
1226 5035 1341 5105 cognati
1368 5042 1439 5092 sunt
1461 5040 1551 5109 partis
1581 5040 1771 5109 rationabilis,
1799 5042 1853 5099 boe

146 5115 299 5184 speculari
314 5116 412 5171 datur.
429 5115 488 5171 Hoc
502 5113 579 5170 enirn
594 5114 744 5187 legislator
766 5116 884 5187 provide
905 5118 975 5191 egit,
1030 5125 1075 5177 est
1091 5122 1208 5178 mentis.
1225 5124 1257 5177 Et
1272 5124 1395 5181 dedomo
1411 5134 1468 5192 tuo,
1483 5126 1591 5197 inquit,
1606 5130 1653 5183 eni
1667 5128 1770 5201 (liridi
1797 5130 1853 5187 Do-

146 5205 187 5255 ut
209 5203 458 5273 quemadmodum
485 5201 598 5275 lapsum
621 5203 728 5259 mentis
753 5204 976 5277 demonstravit,
1035 5208 1135 5264 minus
1150 5210 1256 5264 mentis
1282 5211 1455 5281 prolativum
1476 5218 1520 5269 est
1545 5216 1664 5270 verbum
1689 5216 1755 5289 (77).
1773 5219 1854 5275 Sicut

145 5292 187 5343 ut
204 5289 386 5349 illaserroris
400 5307 568 5347 careremus
583 5292 714 5356 semitas,
731 5292 770 5346 ita
796 5292 884 5347 otiam
908 5312 975 5367 pro·
1031 5297 1109 5351 enirn
1126 5296 1336 5371 poteriumilias
1351 5298 1463 5356 habitat
1477 5301 1504 5355 in
1523 5302 1609 5359 domo
1625 5320 1688 5373 sua,
1705 5310 1733 5361 et
1757 5306 1785 5362 in
1801 5325 1852 5379 po-

190 5406 237 5469 (73
262 5407 337 5463 Edit.
356 5408 452 5465 Rom..
466 5424 515 5477 per
528 5408 785 5463 circumventionem
799 5422 903 5464 tensus.

189 5477 233 5541 (tt
261 5478 332 5533 Mss.
345 5481 414 5543 duo,
434 5479 553 5548 deflexus
566 5476 601 5532 od
614 5477 724 5548 culpam
737 5486 786 5533 est.

188 5548 236 5617 (75
259 5549 384 5605 librabo
399 5567 503 5605 nomen
519 5549 633 5604 virletur
647 5547 819 5605 Ambrosius
838 5550 974 5609 deduxis-

1032 5410 1102 5467 LXX
1117 5410 1264 5467 Abraham
1280 5414 1420 5468 transitor
1433 5415 1549 5473 dieitur.
1566 5418 1638 5474 Vide
1653 5419 1801 5478 Nobilium
1822 5424 1851 5479 in

1031 5482 1166 5537 eumdem
1183 5482 1290 5537 locum.

1066 5555 1121 5625 tlttt
1138 5553 1278 5617 Contione,
1296 5552 1323 5607 id
1340 5560 1392 5620 est,
1410 5573 1534 5616 ounsnra
1548 5578 1581 5617 ac
1597 5562 1803 5620 moderatione.
1839 5604 1843 5612 1

147 5627 186 5669 se
204 5632 300 5674 evoco
322 5622 433 5689 Abrae,
457 5639 515 5747 (Ᾱυα
536 5620 675 5677 transitus
700 5619 901 5693 significatur:
925 5627 975 5681 sut
1065 5626 1120 5696 (77)
1137 5624 1244 5680 Omnes
1260 5624 1342 5692 odit,
1356 5628 1495 5709 prolatum
1510 5641 1550 5688 est
1565 5634 1685 5689 verbum.
1704 5634 1774 5691 ltlss.
1789 5652 1850 5691 om-

148 5688 254 5752 potius
268 5691 456 5763 respexisset

493 5709 555 5767 cop.
573 5693 616 5757 ll,
634 5709 662 5747 n.
679 5692 722 5763 13,
738 5692 788 5749 ubi
810 5696 972 5752 seeundum
1029 5713 1081 5752 nes
1095 5694 1244 5765 Gallicani,
1259 5697 1426 5768 prototrourn
1442 5711 1480 5758 eat
1504 5706 1623 5761 oertrun.
1648 5706 1726 5762 idom
1753 5710 1849 5763 autem
