4159 6184
231 308 292 425 sae
963 356 1206 425 seussosn
1872 355 1931 420 nse

231 493 451 567 contemptum:
467 490 606 550 continuo
621 490 671 548 ubi
684 490 821 563 deposuit
834 507 898 560 ova,
912 490 1052 563 nidificat,
1067 493 1094 560 Α
1109 492 1278 550 communie
1303 492 1437 566 quedem
1464 490 1601 548 videntur
1614 489 1735 562 utrique
1751 489 1852 563 generi
1867 505 1932 550 esse

232 583 327 638 etsuo
342 584 447 654 partus
470 596 591 654 corpore
620 580 706 645 soret,
734 595 788 635 nec
816 577 904 635 saluti
929 579 1053 653 proprie
1108 582 1263 638 consortie.
1279 581 1412 638 Secunda
1436 596 1553 652 quoque
1567 579 1702 653 cognstio
1717 578 1857 638 omuibus
1873 579 1936 636 evi-

231 667 377 726 ulluvione
392 667 499 747 littoris
521 667 717 741 pertimescit:
749 667 800 725 sed
822 685 927 725 secure
952 669 988 725 de
1001 669 1053 725 Dei
1107 671 1163 726 bus
1178 674 1206 728 et
1222 670 1353 743 piscihus
1367 673 1429 739 est:
1446 686 1479 726 eo
1495 669 1572 742 quod
1587 667 1712 726 volantis
1726 683 1799 726 usus
1814 667 1932 741 speeies

230 759 336 832 gratie
350 758 446 818 ventis
460 775 493 816 se
507 756 665 814 committit
680 760 708 813 et
723 757 871 814 fluctibus.
886 759 994 814 Parum
1009 762 1055 814 est
1108 759 1147 814 sit
1171 759 1309 816 natantis.
1326 757 1498 816 sicutenim
1522 773 1630 830 equam
1642 756 1770 814 notendo
1786 755 1875 829 piscis
1889 756 1935 815 io·

229 846 296 925 hec.
311 848 453 920 Adjuogit
466 846 588 910 tetidem
604 845 676 902 elios
701 846 737 902 ed
762 846 954 904 nutriendum
970 847 1052 904 dies:
1108 847 1189 917 cidit,
1206 848 1247 904 ita
1262 847 1324 904 avis
1338 863 1436 904 aerem
1445 845 1545 905 volatu
1556 845 1642 902 celeri
1650 849 1740 904 secet.
1756 845 1934 918 Atqueutri·

231 953 285 993 nec
299 934 475 1010 interpellari
491 937 534 990 tot
548 934 653 991 diebus
668 935 750 991 iotidi
770 935 860 992 mans
888 934 1054 1008 tranquilli·
1109 953 1165 1008 que
1179 936 1278 1009 generi
1293 935 1429 992 similiter
1443 935 1542 992 cende
1556 934 1687 1008 suppetit
1700 933 1874 1006 alarumque
1887 951 1935 992 re-

231 1027 320 1086 tutem
332 1027 458 1095 seretur,
474 1024 627 1096 tentetque
657 1025 795 1081 meritum
825 1041 913 1081 suum
943 1028 1054 1081 nature
1109 1025 1252 1098 migium;
1278 1029 1310 1080 ut
1334 1024 1429 1097 pisces
1455 1024 1492 1081 ed
1512 1024 1611 1096 priora
1629 1039 1661 1080 se
1686 1021 1741 1079 ulis
1765 1023 1933 1096 subrigant,

228 1112 292 1183 jem
305 1109 489 1168 solemnitate
504 1111 673 1167 fundatum.
689 1111 743 1168 Illa
758 1116 873 1168 teneros
898 1113 975 1168 fetus
996 1129 1054 1169 nou
1108 1115 1196 1184 etque
1210 1112 1246 1168 ad
1258 1111 1396 1168 ulteriora
1406 1110 1574 1184 procedant,
1589 1109 1687 1167 caude
1699 1125 1816 1182 quoque
1830 1109 1937 1182 guber-

230 1198 361 1255 letihulie
376 1197 524 1272 aliquibus
541 1199 696 1256 abscondit
709 1204 761 1256 eut
775 1201 870 1269 tectis,
888 1217 941 1256 nec
957 1200 1055 1256 inclu·
1109 1200 1214 1256 nnoulo
1237 1200 1281 1257 vel
1304 1218 1361 1273 quo
1392 1200 1481 1257 velint
1506 1216 1537 1256 se
1572 1196 1658 1256 lucile
1681 1202 1864 1268 convertent,
1887 1196 1936 1254 vel

233 1286 429 1355 ditcavernis,
445 1287 497 1344 sed
513 1287 637 1344 undeet
655 1288 761 1360 rigenti
789 1287 947 1344 committit
974 1286 1035 1349 sole
1046 1296 1062 1355 ;·
1108 1289 1219 1361 impetu
1236 1291 1363 1361 quodem
1380 1305 1395 1345 e
1410 1289 1528 1362 regione
1541 1288 1598 1344 iter
1608 1303 1696 1344 suum
1707 1287 1847 1360 dirigent.
1857 1291 1936 1344 Ares

232 1389 285 1432 nee
296 1375 427 1432 defendit
439 1393 457 1432 e
471 1375 588 1449 frigore,
606 1377 656 1433 sed
672 1376 770 1432 divino
786 1376 857 1444 totu,
875 1393 933 1450 quo
960 1377 1054 1450 magis
1110 1392 1226 1450 quoque
1241 1378 1461 1450 aeriyeletibus
1475 1376 1536 1434 suis
1551 1374 1631 1432 velut
1646 1376 1731 1448 aquis
1745 1375 1894 1444 innatant,
1906 1377 1937 1430 et

232 1466 335 1521 cetera
349 1464 501 1538 despiciat,
516 1464 640 1520 tutiores
655 1464 715 1520 sore
736 1464 893 1521 existimet.
907 1464 980 1529 Quis
1006 1481 1056 1521 no·
1110 1467 1192 1539 qussi
1203 1467 1336 1539 quedem
1351 1467 1513 1524 extendunt
1523 1465 1654 1533 brechia,
1670 1465 1889 1537 ceudsqueque
1905 1481 1938 1526 se

232 1542 327 1610 strum
340 1552 478 1627 purvulos
494 1570 565 1609 suos
579 1570 638 1610 nou
653 1552 836 1610 vestimentis
851 1557 940 1627 teget,
956 1553 1055 1609 tectis·
1109 1554 1153 1611 vel
1168 1556 1204 1611 ad
1220 1555 1371 1627 superiora
1386 1554 1544 1628 subrigunt
1557 1553 1601 1610 vel
1617 1553 1654 1610 ed
1667 1553 1806 1610 inferiora
1819 1553 1938 1612 demer-

231 1657 289 1714 que
302 1641 571 1708 obsecundationis
583 1658 641 1698 nou
654 1641 771 1698 claudet
784 1659 834 1698 ees
854 1642 945 1715 septis
973 1640 1055 1697 cubi·
1110 1648 1192 1717 gunt.
1211 1644 1292 1700 Unde
1317 1644 1457 1716 quoniam
1482 1643 1513 1699 iu
1538 1641 1690 1700 nonnullis
1718 1641 1795 1700 idem
1818 1646 1939 1702 ususet

232 1733 367 1786 culorum
378 1730 392 1785 ‘l
402 1730 472 1795 Quis
484 1747 543 1786 uon
553 1731 595 1786 ita
607 1729 763 1805 diligenter
772 1730 904 1803 undique
913 1730 1056 1787 fenestras
1111 1732 1232 1804 specics,
1255 1732 1320 1788 ideo
1334 1733 1370 1788 de
1396 1731 1482 1804 equis
1496 1731 1651 1804 utriusque
1666 1730 1781 1804 generis
1796 1731 1938 1790 nativitus

234 1818 378 1889 obstruet,
394 1835 431 1874 ne
447 1835 505 1890 que
517 1818 611 1892 pessit
625 1836 698 1875 euro
711 1819 755 1876 vel
768 1818 872 1875 leviter
881 1817 1056 1892 penetrare?
1111 1820 1209 1876 divine
1232 1820 1426 1893 preceptione
1448 1820 1601 1892 processit.
1627 1819 1704 1876 Dixit
1732 1820 1811 1876 enim
1837 1824 1936 1878 Deum

232 1906 334 1964 Merito
357 1924 431 1981 ques
446 1911 507 1963 tem
533 1907 656 1964 sollicite
686 1909 838 1965 induimus
852 1925 886 1965 nc
914 1908 1056 1978 levemus,
1112 1908 1267 1964 Producant
1282 1924 1362 1981 eqoae
1376 1909 1489 1982 reptilis
1504 1909 1662 1966 dolosorum
1674 1911 1827 1966 eremitam
1837 1925 1938 1970 ¹sectere·

233 1995 368 2052 exuimus
392 2012 442 2052 eos
470 1996 631 2054 clementie
659 1996 786 2054 coelestis
812 1996 982 2054 involucro:
1006 1995 1055 2051 el·
1110 1997 1175 2052 dum
1198 2014 1302 2068 penus:
1328 2007 1354 2054 et
1378 1998 1505 2055 volatilia
1526 2013 1609 2069 super
1631 2001 1734 2055 terrum
1751 2013 1826 2055 secte
1838 1998 1938 2069 fimen-

232 2099 405 2158 cyonevero
421 2087 605 2157 quosnudos
624 2086 752 2159 projicit,
777 2102 827 2143 eos
850 2085 947 2142 divino
970 2083 1058 2141 vestit
1110 2090 1233 2141 mentum
1257 2087 1319 2142 eoett
1344 2087 1493 2145 :eundem
1515 2103 1601 2158 qenes
1633 2085 1709 2159 (Gen.
1736 2087 1837 2160 r,·20).
1871 2085 1940 2146 Nou

232 2173 416 2244 indumento.
1110 2174 1255 2231 immerito
1285 2176 1384 2249 igitur,
1415 2175 1484 2248 quia
1512 2176 1547 2231 de
1562 2175 1648 2249 equis
1667 2191 1760 2248 genus
1776 2178 1939 2248 utrumque

268 2263 313 2320 13.
329 2263 387 2320 Nec
401 2279 452 2319 ros
467 2262 631 2335 preteribo,
645 2263 748 2336 mergi,
777 2264 885 2336 quihus
915 2263 952 2318 eh
982 2262 1056 2319 assi·
1111 2264 1290 2336 producitur,
1316 2264 1437 2320 ostendi
1460 2262 1623 2337 proprietas
1644 2264 1779 2337 utrisque
1793 2265 1939 2338 suppedi-

233 2351 345 2426 duitete
359 2352 512 2425 mergendi
526 2369 633 2409 nomen
649 2352 704 2408 hec
718 2351 823 2421 hesit:
839 2351 985 2424 quomodo
1000 2368 1057 2406 sae-
1109 2355 1162 2409 tut.

233 2457 269 2513 pe
283 2444 448 2514 mergentes
463 2457 603 2497 aurorum
615 2439 891 2514 siguecolligitis,et
900 2439 1057 2512 praeviden·
1146 2442 1190 2496 id.
1207 2441 1282 2497 Sene
1298 2457 1365 2497 oum
1378 2444 1407 2497 et
1422 2439 1541 2498 coluber
1556 2439 1687 2498 lubricus
1700 2434 1864 2514 omnesque
1874 2457 1940 2500 eer-

233 2532 278 2585 tes
291 2531 496 2602 tempestatem
510 2528 652 2596 futurem,
668 2525 790 2601 propere
803 2526 900 2586 medio
919 2526 1055 2584 revolatis
1110 2534 1212 2602 pentes
1228 2529 1303 2601 (ideo
1332 2529 1412 2586 enim
1439 2528 1567 2602 serpenti
1591 2545 1698 2586 nemen
1723 2533 1770 2588 cet
1793 2530 1939 2600 inditum,

231 2633 267 2674 ex
280 2631 406 2689 equore,
421 2620 450 2672 et
465 2617 501 2672 ad
517 2615 649 2672 littorum
665 2621 729 2672 tute
743 2633 815 2694 cum,
832 2615 960 2673 clamore
986 2631 1055 2672 con·
1111 2619 1179 2690 quin
1195 2635 1251 2674 noo
1265 2617 1560 2690 possuutemhulere,
1575 2619 1627 2676 sed
1637 2621 1777 2692 serpere),
1793 2620 1941 2680 droconee

230 2703 360 2763 tenditis.
376 2705 526 2768 Quomodo
547 2704 646 2772 etiam,
675 2704 779 2771 fulices,
809 2721 873 2778 quae
908 2704 1055 2760 maritimo
1110 2704 1939 2780 quoquesirnilimodoutpiscospleriquesinepedibue

233 2792 418 2849 delectemini
433 2792 579 2865 profundo
594 2794 662 2863 (15),
678 2793 856 2866 refugientes
871 2809 961 2864 quam
983 2809 1055 2864 pre·
1110 2801 1197 2850 sunt:
1214 2793 1328 2850 nullum
1354 2795 1452 2850 evium
1481 2811 1573 2868 genus
1598 2795 1707 2866 pedum
1732 2795 1828 2854 osonio
1842 2800 1940 2865 ceree

232 2879 384 2939 senseritis
395 2880 623 2937 commotionem
652 2883 755 2949 maris,
785 2882 815 2937 in
842 2882 915 2937 vado
942 2879 1054 2937 luditis.
1110 2883 1591 2955 quinonrnibusviotuseterris:
1621 2883 1852 2957 etideopedum
1867 2901 1939 2942 mu·

232 2970 397 3042 Ipsaerdea
409 2985 473 3042 que
484 2969 642 3042 peludibus
653 2969 793 3026 inherere
807 2968 1055 3037 consuevit,uetes
1110 2987 1178 3028 nere
1192 2971 1364 3040 fulciuntur,
1372 2971 1441 3043 quie
1451 2971 1623 3042 hujusmodi
1637 2972 1673 3028 ud
1689 2988 1787 3030 escam
1803 2990 1939 3046 queren-
1971 2993 1975 3000 ·

233 3057 341 3130 cissent
354 3057 449 3127 sedes,
465 3058 633 3130 imbresque
652 3059 814 3115 formidans
843 3074 933 3130 supro
961 3057 1055 3112 nubes
1109 3058 1178 3114 dem
1203 3057 1334 3131 indigent
1349 3057 1523 3116 ministerio.
1538 3057 1637 3130 ltaque
1653 3058 1716 3115 uliae
1730 3058 1863 3118 volucres
1878 3077 1938 3118 un·
2028 3076 2031 3081 ·

232 3145 378 3210 volst,·ut
403 3145 546 3221 procellas
575 3147 698 3203 nubium
728 3147 837 3204 sentire
863 3163 921 3202 oon
951 3145 1053 3218 possit.
1110 3146 1568 3220 guibusnrmanturedraptum,
1588 3147 1948 3222 utuccipitresetuquilss.

233 3236 458 3293 Consideremus
473 3236 604 3292 divervns
618 3235 750 3293 volucres
760 3235 1055 3308 marisquemadmo·
1071 3222 1092 3290 C
1111 3253 1175 3308 :ruse
1191 3235 1323 3307 repionm
1346 3234 1508 3291 venationis
1530 3241 1682 3292 exercent:
1699 3235 1763 3294 elie
1776 3237 1820 3294 vel
1834 3239 1939 3296 ediu-

234 3325 306 3384 dum
317 3325 491 3382 imminente
504 3327 658 3380 ventorum
673 3329 755 3381 motu
771 3325 807 3382 ad
823 3324 931 3380 tutiore
944 3327 972 3379 et
986 3327 1057 3378 tuoc
1112 3325 1274 3380 cedendum
1289 3323 1333 3380 vel
1348 3324 1384 3380 nd
1400 3322 1499 3380 eibum
1514 3324 1568 3380 sibi
1586 3325 1753 3397 parandum
1775 3341 1832 3382 usu
1847 3327 1940 3384 mini·

234 3413 376 3487 temporis
391 3413 523 3471 dulciore
537 3412 593 3469 sibi
608 3418 713 3487 stagno
736 3412 899 3480 conserent,
924 3417 1013 3484 etque
1025 3411 1056 3466 iu
1111 3412 1257 3484 sterioque
1272 3415 1395 3468 utuntur
1409 3413 1607 3469 accommodo.

236 3502 408 3560 &secedite
423 3506 569 3559 terrerum
582 3502 650 3559 sinu
664 3502 781 3576 cognita
796 3501 853 3557 sibi
867 3500 1007 3556 alimento
1019 3500 1057 3555 ri·
1146 3501 1192 3558 t7.
1217 3501 1313 3557 Unum
1329 3503 1427 3557 eutem
1452 3516 1557 3557 nomeu
1572 3501 1681 3571 evium,
1697 3502 1748 3558 sed
1767 3517 1874 3575 genere
1890 3503 1939 3560 di·

235 3595 362 3648 meutur.
1108 3606 1193 3646 verse
1209 3607 1216 3659 ;
1233 3607 1298 3662 quoe
1321 3589 1387 3662 quis
1411 3588 1505 3661 possit
1531 3589 1672 3646 memoria
1696 3594 1748 3646 eut
1766 3591 1956 3664 cognitione.

268 3681 312 3737 11.
329 3680 494 3738 Nocturnas
506 3686 605 3736 nutem
621 3696 759 3737 anserum
775 3679 842 3752 quis
857 3695 915 3735 non
932 3679 1056 3735 miretur
1109 3677 1468 3752 comprehenderemus:
1492 3677 1590 3751 itaque
1613 3695 1681 3736 ures
1705 3695 1769 3751 que
1784 3695 1871 3737 cerne
1885 3697 1938 3739 ve-

232 3767 432 3841 excuhiss,qui
445 3769 558 3842 vigilias
573 3787 643 3826 suas
658 3770 747 3825 etiem
763 3772 866 3825 contus
881 3767 1055 3824 assiduitate
1109 3773 1241 3826 suuntur.
1259 3768 1325 3825 Ideo
1353 3767 1401 3824 bis
1416 3783 1530 3846 ungues
1553 3767 1659 3840 asperi,
1673 3771 1826 3826 curvatum
1842 3774 1938 3843 etque

230 3857 400 3915 testentur?
419 3858 550 3930 Denique
564 3875 598 3914 eo
614 3859 703 3914 etiem
719 3857 851 3912 Romane
879 3855 1054 3928 Capitoline
1109 3863 1228 3914 acutum
1245 3874 1288 3926 es,
1305 3856 1387 3914 velox
1401 3855 1532 3925 volutus;
1549 3855 1689 3928 quonism
1709 3861 1795 3928 raptu
1809 3856 1936 3928 visunt:

230 3945 409 4004 Gnilohoste
423 3950 585 4004 sciuerunt.
617 3945 718 4002 Merito
745 3945 804 4001 illis
833 3945 932 4013 debes,
949 3945 1052 4013 Rome,
1108 3946 1259 4020 utpossint
1269 3941 1639 4017 tacitecorriporepredorn
1651 3960 1741 4019 quem
1753 3951 1935 4019 sequuntur,

230 4036 309 4108 quod
324 4051 439 4108 regnes.
467 4035 510 4090 Dii
534 4035 577 4089 tui
608 4034 802 4100 dormiebant,
832 4036 861 4089 et
892 4031 1053 4104 vigilabunt
1106 4053 1228 4109 propere
1238 4034 1282 4090 vel
1292 4050 1341 4091 ore
1351 4033 1395 4090 vel
1407 4033 1737 4107 unguibuseviscerare.
1749 4035 1825 4092 Sunt
1838 4037 1937 4094 etiem

230 4139 358 4182 anseres.
370 4123 436 4180 ldeo
450 4122 509 4179 illis
523 4122 627 4179 diebus
642 4123 692 4178 98
707 4122 803 4178 anseri
819 4121 976 4190 sacrifices,
993 4138 1051 4178 non
1106 4141 1184 4194 eves,
1201 4141 1263 4196 quae
1279 4126 1393 4196 reperto
1409 4125 1572 4194 poscuntur
1586 4121 1717 4179 semine:
1735 4122 1798 4179 ulios
1813 4123 1936 4181 diverso
1953 4171 1956 4178 .

228 4211 301 4270 lovi.
318 4213 430 4270 &dunt
444 4211 523 4268 enim
538 4211 579 4268 dii
604 4211 693 4268 vestri
722 4211 888 4278 anseribus,
904 4225 921 4265 n
942 4209 1051 4281 quibus
1105 4217 1133 4270 et
1148 4213 1266 4270 fortuito
1293 4211 1366 4267 cibo.
1392 4212 1444 4267 list
1466 4211 1556 4267 etism
1574 4210 1727 4268 diversitas
1742 4211 1934 4284 copularum,

229 4315 262 4356 se
276 4299 373 4356 sciunt
387 4317 451 4357 esse
463 4300 609 4368 defensos,
625 4315 663 4356 ne
677 4304 706 4356 et
729 4299 785 4372 ipsi
800 4299 836 4354 eb
864 4299 948 4354 hoste
963 4316 1050 4371 cepe·
1105 4318 1230 4375 querum
1246 4300 1340 4373 gretia
1354 4303 1455 4356 carent
1468 4299 1537 4372 (16),
1553 4315 1616 4372 que
1632 4299 1790 4358 intendunt
1804 4299 1935 4374 rapinis.

229 4392 339 4443 rentur.
1104 4391 1177 4446 Nem
1193 4393 1310 4463 prepter
1326 4387 1493 4446 aviditatem
1508 4389 1667 4460 predandi,
1690 4389 1735 4444 vel
1750 4393 1869 4462 propter
1882 4389 1938 4448 in·

539 4494 657 4550 cppqqr
676 4493 744 4549 xlv,
1104 4478 1194 4536 sidius
1205 4477 1384 4550 explorandi,
1396 4478 1446 4533 oo
1470 4493 1524 4534 nec
1539 4477 1612 4549 ipsis
1628 4477 1702 4534 iuter
1724 4494 1757 4534 se
1771 4479 1914 4536 convenit
1927 4498 1937 4550 ;

227 4589 295 4645 Ares
306 4582 504 4652 compatribus
531 4583 685 4654 multiplici
711 4582 870 4653 moratione
896 4583 1048 4654 ronJ'unqif
1064 4583 1087 4646 1)
1102 4570 1132 4622 et
1145 4567 1211 4624 ideo
1226 4565 1373 4624 declinant
1388 4566 1434 4621 sui
1450 4564 1595 4638 copulem.
1609 4565 1727 4639 Refugit
1740 4566 1819 4623 enim
1834 4568 1939 4624 eram-

257 4652 353 4709 nuttor
365 4661 459 4708 tumen
471 4653 573 4724 pedum
586 4655 676 4725 officie
689 4669 790 4708 cerere.
808 4653 845 4708 De
857 4655 944 4709 cortis
959 4654 1049 4709 oene-
1102 4656 1143 4712 tin
1153 4655 1333 4712 consortium
1345 4653 1552 4727 plurimorum.
1564 4654 1671 4712 Deinde
1682 4655 1849 4727 conjunctio
1863 4656 1937 4728 plu·

260 4740 325 4780 rum
340 4725 587 4796 “viumdtnffl'lui
601 4741 633 4780 ⁰⁶
647 4725 819 4796 differtum&
1101 4743 1244 4800 rimorum
1266 4742 1350 4799 tacite
1375 4743 1439 4816 ipsa
1462 4759 1494 4799 se
1509 4743 1655 4814 proderet.
1672 4743 1723 4799 llis
1738 4759 1806 4816 ergo
1822 4743 1936 4803 nvibus

260 4829 435 4888 l5.Pulchre
448 4834 546 4886 nutem
562 4833 629 4902 post
652 4830 878 4902 descriptionem
907 4829 1044 4902 piscium,
1101 4831 1175 4891 nihil
1189 4836 1235 4888 cst
1249 4829 1463 4903 copulatorium
1489 4835 1594 4903 preter
1615 4831 1718 4906 jugele
1732 4833 1934 4890 consortium.

224 4921 261 4976 de
274 4920 312 4977 iis
327 4919 431 4977 nvibus
446 4936 509 4991 que
522 4922 645 4975 assuete
660 4923 730 4974 sunt
744 4921 839 4990 aquis,
855 4934 951 4974 sermo
978 4908 1045 4975 suo·
1100 4921 1175 4994 Ergo
1189 4919 1297 4993 equilis
1309 4919 1557 4993 accipitribusque
1566 4919 1613 4978 hie
1623 4935 1696 4977 usus
1706 4921 1832 4978 estvite.
1850 4921 1934 4980 Cen·

224 5009 328 5066 cessit:
345 5008 416 5080 quia
429 5012 459 5064 et
472 5008 542 5081 ipse
557 5006 693 5064 similiter
707 5024 762 5063 usu
779 5006 898 5078 ostendi
922 5011 952 5064 et
979 5025 1044 5064 mu·
1099 5013 1220 5066 trevere
1236 5008 1398 5080 palumbes,
1415 5025 1513 5082 grues,
1526 5010 1631 5076 sturni,
1647 5011 1813 5083 servietque
1827 5011 1936 5068 cormi-

222 5111 291 5152 nere
318 5096 510 5154 delectantur.
541 5097 623 5151 Unde
651 5096 747 5167 primo
771 5096 905 5169 cognatio
931 5097 1045 5152 videtur
1099 5114 1157 5166 ces,
1173 5098 1261 5154 etiem
1277 5097 1355 5154 turdi
1380 5099 1509 5170 gaudent
1523 5097 1719 5172 plurimorum
1734 5099 1935 5158 connexione.

223 5183 325 5240 subus
339 5184 405 5241 istis
420 5203 484 5241 esse
499 5201 566 5241 cum
582 5184 730 5257 piscibus:
753 5184 891 5256 quonism
923 5185 1043 5240 ostendi
1135 5189 1178 5244 18.
1191 5186 1254 5243 Alie
1270 5202 1387 5259 quoque
1402 5187 1500 5244 avium
1516 5188 1773 5261 genereenchorie
1786 5187 1843 5261 (ll)
1856 5203 1935 5260 ques

258 5297 316 5367 (15)
331 5298 373 5352 lte
386 5299 456 5354 edit.
472 5301 537 5354 ltro.
553 5304 584 5355 et
598 5316 659 5370 seq.
676 5317 744 5355 cum
760 5301 861 5372 paucis
876 5314 948 5355 mss.
964 5301 1040 5357 Edit.
1096 5304 1238 5358 maritimo
1252 5301 1392 5358 delccmoe
1405 5303 1555 5374 profundo.

223 5371 319 5422 nutem
333 5368 527 5425 Ametmss.
544 5370 711 5426 multiboni
736 5389 782 5438 ue,
810 5384 873 5442 qne:
900 5373 1042 5429 maritime
1133 5373 1190 5444 (16)
1206 5373 1248 5428 lte
1263 5389 1335 5429 mss.
1365 5373 1513 5440 undecim,
1531 5377 1559 5430 et
1580 5373 1662 5440 edit,
1679 5375 1811 5445 quedem
1826 5373 1933 5434 Paris.

221 5437 389 5518 dcijcctontur
401 5441 547 5521 profunde.
563 5441 672 5497 Verum
688 5388 813 5497 silentio
828 5441 889 5496 hec
917 5439 1039 5512 placent,
1095 5443 1214 5515 Aliquot
1230 5443 1279 5499 elii
1295 5461 1367 5502 mss.
1379 5444 1536 5518 etreliqua}
1548 5445 1629 5512 snit,
1639 5448 1739 5501 carent
1752 5447 1829 5516 [ere.
1845 5459 1932 5518 que.

221 5507 411 5564 scribendum
426 5515 480 5564 eut
496 5527 547 5582 per
562 5512 760 5583 parenthesim
789 5512 932 5583 (quomedo
957 5514 1042 5570 ettam
1096 5514 1174 5571 Coro.
1191 5523 1285 5571 rorent
1298 5517 1366 5587 [cre.
1383 5515 1465 5584 Rem,
1480 5517 1573 5574 cureret
1586 5515 1682 5587 [ank.
1699 5521 1755 5572 etc.

219 5579 325 5650 felice,
341 5593 404 5650 qaae
418 5583 558 5636 meritisne
572 5582 741 5638 &metuntur
752 5583 901 5712 hectoreis)
923 5588 952 5639 et
975 5601 1039 5656 qun
1131 5586 1187 5658 (17)
1202 5586 1350 5658 tenoris,
1380 5587 1477 5648 Graete
1505 5593 1621 5664 (γχώρια,
1638 5603 1706 5646 sves
1732 5586 1882 5664 indigere
1898 5595 1938 5650 et

216 5653 380 5730 sequentur
394 5649 558 5728 edmergos
572 5651 731 5713 referendo.
782 5669 823 5716 ss.
838 5653 897 5716 duo
925 5653 1037 5734 legunt,
1095 5660 1252 5720 nostrates.
