4159 6184
242 267 303 338 231
968 267 1002 328 S.
1022 264 1209 330 musaeu
1886 265 1954 334 m

243 414 357 475 campo,
373 400 402 454 et
413 411 570 456 occurrens
583 395 703 471 regibus
717 395 846 465 irrideat,
860 396 913 456 00
927 397 1065 455 odoretur
1078 397 1253 471 Aiungere,
1270 394 1391 457 domum
1406 395 1444 456 ad
1458 395 1590 460 domum·
1606 395 1948 470 Dosso'thterrahomini·

243 486 352 543 bellam
368 486 496 552 eminus,
521 485 663 543 excitetur
678 501 749 541 sono
764 484 861 555 tubae;
879 485 904 543 si
918 484 980 542 hac
992 484 1066 544 irra-
1121 486 1186 556 bus,
1204 489 1376 543 sternuntur
1390 488 1418 542 et
1432 483 1535 542 maria.
1552 485 1665 544 Rursus
1680 502 1733 562 pro
1757 484 1945 567 singulorum

241 573 394 635 tionehiliu
409 572 559 648 pleraque,
584 576 612 630 et
631 572 689 629 alia
703 571 896 640 insensibilia,
914 578 947 629 ut
966 574 1066 631 lenum
1120 572 1242 632 libidine
1252 573 1392 630 inciditur
1405 578 1578 645 terra,mare
1588 574 1764 644 infunditur,
1781 575 1814 634 ut
1827 574 1947 634 luemus

240 665 269 720 et
283 663 356 733 lilia,
381 663 503 737 replevit
517 678 575 719 sue
600 660 793 734 dispositione
817 661 977 736 sapientire,
993 660 1064 734 quid
1120 661 1276 731 iaciunt,ut
1296 661 1467 736 possideant
1489 662 1579 720 irata:
1597 663 1694 738 spatia
1708 663 1797 722 maris
1812 661 1870 721 sibi
1882 663 1947 720 vin·

240 753 413 813 dubitamus
429 752 506 826 quod
522 751 609 807 etiem
625 749 655 805 in
681 749 819 807 echinum
839 749 995 807 contulerit
1008 750 1064 806 bu·
1120 749 1219 806 dicant
1230 751 1299 824 jure
1313 749 1463 823 mancipii,
1480 749 1665 823 pisciumque
1676 749 1747 822 jura
1757 749 1949 810 sicutverna·

237 842 422 917 jusgrstiam
434 837 644 914 praescientia?
658 837 736 896 Nihil
747 839 825 897 enim
839 838 1064 913 inexploratum,
1121 839 1254 898 culorum
1269 835 1436 896 conditione
1450 838 1498 896 Μ
1516 837 1573 896 sibi
1588 837 1699 898 servitii
1716 837 1849 912 subjecta
1863 854 1949 896 com·

242 920 316 989 nibil
329 928 548 987 dissimulatum
556 926 682 1001 reliquit.
695 927 898 1001 Omniavidet,
910 928 960 1002 qui
969 927 1066 1002 pascit
1120 931 1295 984 memorant.
1312 927 1378 996 Ista,
1391 926 1497 1000 inquit,
1510 927 1593 984 sinus
1605 927 1800 996 muriemeus,
1814 926 1864 986 ille
1873 926 1948 986 alte-

241 1017 461 1088 omnia;omnia
469 1015 562 1090 replet
570 1016 723 1090 sapientia,
740 1018 789 1090 qui
802 1015 938 1074 omniain
951 1015 1064 1090 sapien·
1119 1014 1190 1073 rius.
1207 1015 1345 1072 Dividunt
1369 1013 1513 1072 elementa
1536 1015 1593 1072 sibi
1616 1019 1761 1088 potentes.
1777 1014 1828 1072 His
1842 1020 1945 1075 ostrea

240 1108 282 1166 tia
295 1108 371 1173 lecit,
387 1109 420 1163 ut
434 1105 576 1179 scriptum
592 1109 637 1162 cst
657 1107 746 1176 (Prot.
761 1105 894 1179 n111‚21).
909 1104 945 1162 m
959 1104 1024 1162 ideo
1038 1103 1064 1161 si
1118 1105 1149 1161 in
1174 1104 1314 1162 fluctibus
1334 1104 1526 1164 nutriuntur:
1553 1103 1599 1163 bis
1614 1104 1643 1160 in
1670 1103 1780 1162 viverio
1793 1105 1885 1178 piscis
1899 1105 1945 1164 in.-

240 1195 377 1254 echinum
393 1194 570 1251 visitationis
586 1212 645 1252 euae
668 1198 814 1252 exsortem
829 1211 887 1252 non
903 1192 1064 1268 preterini·
1118 1191 1255 1251 cluditur.
1271 1191 1403 1251 Luxuria
1429 1209 1482 1250 nec
1506 1209 1587 1250 mare
1610 1193 1731 1262 suflicit,
1747 1192 1807 1252 nisi
1821 1193 1943 1266 apothe-

239 1287 295 1343 slt:
312 1284 337 1342 si
352 1301 419 1341 cum
435 1283 610 1354 considerat,
626 1287 655 1340 et
671 1283 837 1340 futurorum
864 1282 1003 1340 informat
1021 1281 1065 1339 in·
1118 1299 1167 1340 cas
1181 1282 1309 1340 habeant
1330 1286 1502 1340 ostrearum.
1519 1285 1622 1356 Itaque
1650 1285 1748 1340 etates
1769 1299 1871 1340 carum
1886 1299 1945 1340 nu·

239 1373 337 1441 dictis,
351 1379 403 1430 tua
426 1389 485 1429 non
510 1370 701 1429 considerati
724 1371 786 1429 lmo
804 1388 871 1429 vero
887 1371 1062 1440 considerat,
1119 1374 1242 1441 merant,
1258 1375 1287 1428 et
1302 1369 1428 1444 piscium
1443 1369 1625 1444 receptacula
1639 1371 1810 1443 instruunt3
1825 1389 1863 1429 nc
1877 1388 1946 1436 con·

240 1461 320 1520 sicut
344 1464 470 1518 testatur
492 1460 557 1533 ejus
583 1459 681 1516 divina
706 1459 855 1533 Sapientia
884 1459 1006 1516 dicans:
1032 1457 1063 1516 Si
1117 1459 1192 1517 vivia
1207 1459 1305 1516 divitis
1334 1475 1414 1516 mare
1430 1477 1487 1516 non
1509 1460 1602 1532 possit
1621 1459 1752 1532 implere.
1766 1460 1840 1520 Nam
1855 1459 1944 1518 moini

241 1549 360 1625 respicit
379 1547 519 1616 volatilia,
541 1546 566 1603 si
590 1548 683 1620 pascit
704 1547 765 1619 illa,
792 1563 889 1606 nonne
903 1565 953 1606 vos
969 1545 1064 1620 pluris
1118 1565 1223 1604 nomen
1235 1547 1343 1622 quibus
1357 1547 1481 1605 audiunt
1496 1549 1617 1606 auribus
1633 1547 1641 1604 l
1659 1548 1771 1614 Quibus
1785 1549 1879 1609 oculis
1893 1549 1944 1609 in·

238 1635 681 1711 ostis·itlis(lieth.v1,2b)tSi
693 1641 789 1709 tenum
815 1639 881 1707 apri
901 1635 971 1709 qaod
985 1633 1064 1694 ludia
1117 1640 1238 1694 tuantur
1251 1635 1452 1711 possessiones
1471 1638 1591 1694 eoruml
1609 1638 1863 1704 Quemadmodum
1878 1639 1943 1698 dies

239 1734 288 1798 ert,
304 1737 332 1786 at
342 1745 403 1786 mor
417 1729 448 1783 in
462 1729 554 1798 (φησει
567 1727 700 1797 motitur,
717 1727 786 1783 beu
799 1727 840 1783 sic
853 1726 942 1794 veslit,
962 1727 1063 1798 quanto
1118 1730 1276 1800 noctesque
1286 1725 1459 1799 excogitant,
1472 1730 1505 1782 ut
1519 1725 1630 1798 aliquid
1646 1726 1772 1800 proximi
1786 1727 1941 1787 auferant-l

238 1819 328 1890 mapis
343 1832 396 1886 ros,
411 1815 528 1873 modicae
542 1814 607 1886 fidei
615 1808 629 1869 t'
1116 1815 1261 1888 Numquid
1273 1816 1325 1872 soli
1344 1813 1503 1872 habitabitis
1528 1832 1609 1889 saper
1632 1824 1734 1873 terram
1754 1820 1823 1886 (lun¹
1836 1832 1865 1886 v,
1879 1815 1909 1890 8)
1927 1815 1942 1872 i

307 1900 309 1903 ’
565 1903 681 1961 CAPUT
700 1903 734 1960 X.
1116 1903 1224 1962 clamat
1247 1903 1398 1980 propheta.
1415 1902 1569 1978 Cognoscit
1586 1903 1648 1962 hac
1661 1903 1815 1975 Dominus,
1835 1909 1866 1964 et
1877 1905 1954 1966 viu·¹

240 1997 343 2069 Cuique
356 1996 452 2066 paneri
463 1993 752 2066 pisciumpraercriptu
766 2008 823 2050 esra
836 2009 888 2049 aaa
901 1990 1062 2054 domicum
1117 1994 1201 2051 dicta
1216 1996 1353 2051 reservat.
1486 2044 1495 2060 ,

274 2066 346 2123 Μ
367 2067 489 2122 'mmm
513 2065 607 2120 smmi
629 2081 662 2121 Μ
685 2066 800 2120 taxum
820 2063 1062 2124 mmmmm
1151 2081 1196 2138 28.
1210 2079 1632 2154 Quantumalienaepisoibus
1653 2081 1800 2140 aviditatis
1814 2083 1939 2158 rapinal

272 2135 688 2280 afflnqfffflssomssffiussff
711 2135 1064 2278 ‘e‘zbmfflepsswif
1117 2167 1161 2226 Illi
1186 2167 1332 2227 naturalia
1355 2173 1473 2243 captant
1496 2174 1618 2240 secreta,
1640 2174 1669 2230 ct
1694 2170 1772 2229 ultra
1797 2170 1940 2232 terminos

272 2285 321 2338 qur
340 2280 551 2336 imminentia,
577 2279 646 2334 gem
666 2251 700 2334 g}
721 2278 885 2351 ,pedatim
904 2279 1064 2350 aliqum,
1117 2257 1195 2316 orbis
1209 2263 1354 2316 terrarum
1370 2275 1450 2317 mare
1465 2264 1584 2329 norunt,
1613 2259 1691 2334 quod
1707 2259 1796 2318 nulle
1811 2260 1939 2335 interpo-

269 2353 392 2426 piociam
403 2350 557 2406 mattathias.
1115 2347 1180 2404 lant
1194 2345 1307 2416 insula,
1324 2363 1380 2404 nec
1401 2351 1479 2406 terra
1500 2347 1601 2422 aliqua
1614 2348 1777 2422 interjacet,
1791 2349 1836 2408 val
1860 2349 1937 2408 ulte·

272 2443 318 2499 26.
334 2447 378 2496 bu
403 2455 471 2495 vero
495 2438 559 2495 sine
582 2438 711 2511 quadum
735 2437 804 2495 dote
817 2442 929 2496 natura
943 2455 1063 2500 manere
1116 2437 1179 2494 rius
1194 2436 1254 2494 ulla
1269 2437 1309 2493 sit
1331 2436 1437 2511 posita.
1461 2436 1523 2494 Illic
1549 2437 1641 2516 igitur
1655 2439 1706 2494 uhi
1722 2439 1865 2497 diffusum
1879 2439 1944 2500 late.

238 2529 369 2605 piscibus
396 2526 486 2584 etiarn
515 2524 596 2583 illam
633 2529 775 2599 putamus
805 2527 943 2602 gratiam,
983 2529 1061 2602 quod
1115 2544 1197 2584 mare
1210 2542 1328 2584 ornnem
1343 2525 1493 2600 spectandi
1507 2543 1606 2596 usum,
1626 2525 1761 2584 utilitatis
1776 2528 1871 2602 gratia
1885 2545 1939 2586 ne·

238 2617 469 2690 unumquodque
488 2629 581 2690 genus
599 2613 726 2688 piscium
745 2615 915 2689 prescripta
933 2615 990 2673 sibi
1006 2617 1061 2676 do·
1114 2613 1233 2690 rigandi
1248 2613 1423 2671 intercludat
1438 2614 1602 2684 audaciam,
1620 2615 1743 2673 condere
1757 2631 1788 2674 se
1802 2616 1940 2676 feruutur

237 2706 348 2764 micitia
365 2705 463 2775 habet,
480 2720 544 2778 qua
559 2705 605 2760 sui
616 2703 731 2777 generis
744 2703 845 2762 nullus
856 2705 986 2773 excedat,
1001 2723 1061 2764 non
1115 2707 1186 2773 cete,
1202 2701 1253 2760 illa
1272 2702 1419 2760 immensa
1436 2719 1544 2778 genera
1558 2703 1694 2778 piscium,
1715 2703 1838 2778 squulla
1851 2722 1938 2766 meu·

235 2797 370 2854 incurset
388 2790 525 2850 alienus?
543 2792 615 2859 Quis
629 2797 778 2866 geometra
795 2792 843 2849 his
862 2789 961 2851 divisit
980 2793 1061 2852 habi·
1113 2792 1194 2850 tibus
1213 2809 1345 2866 corpora,
1369 2797 1403 2848 ut
1424 2792 1610 2850 tradiderunt
1634 2793 1730 2862 nohis,
1755 2793 1807 2867 qni
1839 2793 1940 2855 vidore

236 2883 335 2942 tacula
353 2881 444 2940 nullis
463 2882 626 2954 rumpenda
643 2880 850 2955 temporibus?
869 2880 925 2939 Sed
944 2899 1060 2958 geome·
1114 2884 1290 2955 potuerunt:
1309 2879 1368 2938 illic
1378 2880 1614 2954 quietum-evum
1625 2881 1747 2956 exigunt
1760 2883 1892 2943 discreto·
1900 2885 1944 2946 ab

236 2978 313 3031 tram
333 2969 510 3037 audivimus,
530 2968 784 3027 thalassometram
804 2987 957 3042 nunquam
977 2972 1060 3029 audi·
1113 2969 1262 3040 insulis,et
1275 2970 1312 3028 ab
1327 2970 1464 3026 omnibus
1478 2971 1693 3028 maritimarum
1706 2971 1826 3028 urbium
1841 2976 1939 3032 couta-

132 3116 134 3119 .
236 3063 353 3130 vimus;
373 3063 402 3116 et
420 3063 519 3114 tamen
539 3058 634 3131 pisces
649 3075 819 3115 mensuram
838 3076 924 3116 suam
939 3065 1058 3133 norunt,
1114 3059 1170 3134 giis
1185 3059 1436 3132 separatahabent
1446 3075 1515 3116 suas
1530 3060 1664 3133 regiones
1672 3060 1709 3134 (5)
1725 3064 1753 3117 ct
1767 3060 1940 3130 habitacula

236 3167 295 3207 nou
311 3147 404 3204 muris
414 3143 694 3219 urbium‘portisque
703 3145 913 3220 prescriptam,
925 3163 983 3203 non
994 3128 1096 3204 soi-C
1114 3148 1281 3207 distributa.
1311 3148 1428 3206 Manent
1454 3148 1484 3204 in
1500 3147 1546 3206 his
1565 3148 1708 3208 inoffenso
1721 3149 1889 3211 vicinorum
1900 3149 1936 3208 li·

236 3239 312 3296 lloiis
327 3231 492 3303 domorum,
513 3253 570 3292 non
597 3252 735 3308 agrorum
760 3235 871 3293 linibus
889 3235 1056 3306 limitatam,
1114 3237 1194 3308 mite,
1210 3253 1263 3294 nec
1278 3253 1351 3310 vago
1365 3237 1491 3294 transitu
1507 3238 1685 3295 mutationes
1705 3241 1841 3310 quarunt
1855 3237 1952 3298 loco··

235 3328 287 3385 scd
307 3342 477 3384 mensuram
491 3324 555 3396 ejus
569 3323 647 3397 quod
662 3327 817 3397 oporteat;
833 3328 867 3380 ut
880 3328 996 3380 tantum
1009 3341 1059 3382 sa·
1112 3343 1197 3395 rum;
1214 3326 1266 3383 sed
1281 3329 1423 3398 tanquam
1438 3326 1571 3400 patrium
1582 3325 1677 3383 solum
1705 3326 1842 3402 diligunt,
1855 3333 1889 3398 ,et
1903 3327 1935 3386 in

234 3417 273 3474 tis
288 3416 327 3474 sit
337 3415 505 3488 unicuique,
526 3413 719 3486 quantumad
731 3429 818 3470 usum
837 3413 978 3483 abundet,
998 3430 1057 3473 non
1111 3415 1166 3472 his·
1180 3415 1331 3474 immorari
1354 3413 1439 3472 dulce
1464 3415 1654 3474 arbitrantur.
1677 3416 1746 3482 Oura
1759 3417 1825 3478 ideo
1839 3415 1935 3492 elage-

207 3501 379 3579 ·quautum
399 3503 523 3561 aviditas
540 3500 877 3575 quadamimmoderata
891 3503 947 3559 sihi
961 3501 1057 3559 vindi·
1111 3507 1191 3575 runt,
1208 3508 1240 3562 ut
1255 3502 1415 3561 solitariam
1430 3503 1518 3560 vitam
1540 3508 1653 3563 remota
1677 3504 1792 3580 possint
1806 3505 1935 3567 arbitro·

234 3599 289 3652 cet.
320 3595 377 3652 Lex
404 3592 538 3666 quedam
565 3594 676 3647 natura
709 3595 754 3647 est
781 3595 897 3650 tantum
928 3607 1058 3664 quarere
1111 3610 1177 3650 rum
1192 3591 1426 3667 interpellatione
1439 3593 1611 3668 transigere.

235 3680 516 3756 quantumsuiilcint
526 3678 692 3750 advictum,
704 3683 733 3736 et
747 3678 954 3736 alimentorum
970 3679 1056 3737 modo
1146 3681 1188 3738 29.
1207 3683 1282 3738 Sunt
1296 3685 1395 3738 tamen
1409 3681 1508 3755 aliqua
1521 3699 1628 3758 genera
1642 3683 1784 3758 piscium,
1803 3683 1855 3757 qui
1874 3701 1935 3744 uon
1951 3737 1953 3742 .

234 3777 343 3830 sortem
362 3787 481 3828 censere
495 3767 663 3842 patrimonii
683 3768 732 3842 (3).
748 3767 808 3824 Hoc
823 3783 916 3842 genus
931 3767 1058 3841 piscium
1111 3770 1222 3844 ingenii
1237 3768 1382 3827 facilitate
1399 3769 1464 3828 locu
1489 3775 1615 3844 mutant,
1637 3773 1687 3829 sed
1704 3771 1820 3830 fovendi
1832 3775 1936 3846 partus

232 3862 263 3918 in
278 3860 327 3916 illo
352 3860 419 3917 sinu
435 3857 527 3916 maris
542 3856 632 3914 alitur
645 3861 675 3914 et
698 3855 841 3930 gignitur,
856 3856 928 3912 illud
943 3857 974 3912 in
989 3856 1056 3914 alio.
1112 3860 1283 3918 necessitate
1295 3877 1302 3928 ;
1314 3875 1401 3934 quem
1417 3864 1579 3932 opportuno
1590 3864 1677 3935 atque
1692 3859 1824 3936 legitimo
1833 3877 1937 3935 procu·

232 3950 363 4023 Denique
377 3966 436 4006 non
446 3947 574 4020 reperies
589 3945 712 4003 confusa
724 3962 832 4019 genera
842 3945 987 4019 piscium:
1005 3945 1056 4004 sed
1111 3954 1210 4006 rantes
1230 3951 1371 4023 tempore,
1388 3965 1423 4004 ex
1443 3947 1579 4023 plurimis
1593 3948 1675 4019 locis,
1691 3965 1725 4008 ac
1740 3950 1854 4008 diverso
1868 3949 1938 4008 sinu

231 4042 310 4113 quod
329 4038 377 4094 bic
396 4037 538 4104 abundat,
559 4033 629 4091 alibi
648 4035 740 4090 decet.
768 4035 803 4090 Ε(
822 4034 927 4092 iterum
948 4032 998 4092 ille
1016 4034 1056 4090 si·
1112 4036 1368 4109 meris,innumeri
1382 4036 1937 4098 velutcommuniccnsilioconvenien-

231 4147 289 4187 nus
303 4127 394 4186 maris
414 4125 552 4200 cephalos
575 4125 638 4191 alit,
654 4123 741 4196 lupos
754 4122 803 4180 ille
818 4143 825 4182 :
842 4123 890 4181 ille
908 4123 1057 4191 saxatiles,
1111 4130 1156 4184 tes
1171 4127 1327 4200 conjuncto
1338 4125 1455 4200 agmine
1469 4126 1624 4200 Aquilonis
1635 4127 1889 4200 ostuspuuntnt
1899 4126 1938 4186 ad

230 4218 361 4276 locustas
375 4215 462 4273 alius.
479 4214 542 4271 Non
553 4218 597 4270 ast
608 4212 701 4269 libere
710 4213 836 4287 vagandi
844 4217 972 4286 potestas
984 4231 991 4283 ;
1003 4229 1057 4270 nec
1111 4212 1183 4270 illud
1200 4211 1477 4286 Septentriouulium
1492 4229 1573 4271 mare
1594 4214 1722 4288 partium
1737 4215 1867 4288 quadam
1881 4230 1938 4274 aa·

232 4311 330 4362 hmea
345 4309 398 4362 aut
411 4301 572 4360 interclusa
605 4300 757 4358 montibus
776 4301 870 4374 copia,
891 4304 942 4357 aut
960 4299 1057 4358 fluviis
1110 4306 1183 4359 tura
1193 4301 1257 4376 lege
1271 4302 1462 4360 contendunt.
1476 4302 1573 4372 Dicas,
1583 4303 1609 4360 si
1622 4305 1812 4366 ascendeutes
1825 4303 1938 4373 videas,

232 4392 477 4451 interlabentibus
486 4390 630 4450 transitus
641 4387 811 4463 impeditur,
822 4390 875 4446 sed
889 4406 961 4446 usus
974 4393 1056 4447 natu·
1111 4391 1235 4448 rheuma
1245 4389 1281 4464 (6)
1297 4391 1446 4464 quoddam
1457 4407 1531 4459 asse,
1547 4392 1589 4448 ita
1603 4395 1757 4465 proruunt,
1773 4392 1957 4464 humusque·

231 4499 269 4538 ra
283 4481 447 4556 impressus
472 4485 615 4554 tanquam
630 4477 848 4552 patriafinihus
858 4494 1055 4551 unumqucm·
1070 4502 1094 4571 D
1110 4479 1300 4549 intersecant,
1316 4496 1368 4552 per
1383 4479 1590 4554 Propontidem
1605 4481 1635 4538 iu
1650 4479 1796 4544 huxiaum
1811 4484 1943 4554 pontum-

231 4587 288 4644 que
308 4584 373 4628 scse
395 4573 505 4641 maere,
529 4573 559 4626 et
581 4566 660 4624 ultra
682 4566 794 4624 incolas
820 4568 937 4641 prodire
951 4583 1055 4641 suspa-
1110 4567 1236 4626 violento
1262 4567 1378 4642 impetu
1407 4569 1596 4645 profluentes·
1623 4569 1693 4638 Quis
1722 4569 1942 4644 pisaurense

233 4665 313 4717 ctum
329 4659 378 4732 (l).
1111 4657 1269 4716 annuntiat
1293 4656 1368 4728 loca,
1392 4658 1528 4734 pracepit
1556 4658 1717 4735 temporat
1740 4658 1811 4725 Quis
1833 4657 1942 4718 tabuit

264 4751 311 4807 27.
331 4751 367 4805 bt
386 4747 471 4804 nobis
499 4746 585 4822 longe
613 4746 671 4802 alia
698 4745 843 4804 sententia
865 4749 921 4816 est,
942 4750 1077 4804 mutarn·
1112 4746 1336 4820 dispositionem
1359 4747 1470 4816 viandi,
1493 4745 1651 4806 comitandi
1673 4748 1816 4818 ordinem,
1844 4751 1941 4806 meae

229 4838 331 4896 exsilio
351 4839 465 4906 domos,
486 4834 650 4893 incolarum
669 4832 789 4900 fastidio
808 4833 911 4902 teneri,
931 4835 1056 4894 advena·
1111 4841 1140 4892 et
1155 4839 1287 4909 tempora
1302 4836 1490 4893 revertendi?
1505 4835 1644 4895 Homines
1671 4853 1759 4894 suum
1778 4837 1939 4910 imperato*

229 4945 295 4985 rum
307 4926 424 5000 captare
434 4924 878 5000 gratiam‚transierraterminos
888 4929 1056 4998 perpetuos,
1111 4941 1173 4980 rem
1189 4924 1308 4995 habeat,
1324 4925 1410 4996 cuijus
1425 4929 1610 5000 exspectatur
1625 4925 1792 4999 imperium,
1806 4923 1940 4999 procedit

229 5033 305 5089 quos
327 5019 491 5091 posueruut
512 5018 611 5088 patres
633 5014 736 5083 nostri,
761 5029 864 5087 agrum
889 5013 926 5070 ad
950 5030 1057 5088 agrurn
1110 5016 1233 5083 tessera,
1249 5017 1456 5086 proponuntur
1469 5014 1564 5072 edicta
1578 5013 1805 5088 prouincialibus
1819 5017 1853 5076 ut
1866 5029 1941 5072 oen·

265 5158 390 5231 (illlum.
404 5157 471 5214 Vat.
500 5160 529 5215 et
556 5155 647 5212 Goea..
672 5163 813 5297 &aarum
839 5155 942 5227 eficiat
961 5155 1058 5212 adai·
1112 5152 1294 5228 subintelligi
1319 5153 1536 5214 substantivum
1557 5163 1606 5226 eat,
1630 5161 1697 5230 post
1717 5171 1802 5215 voces
1820 5157 1938 5230 impres·

229 5231 314 5284 mom.
341 5229 437 5298 Dion,
462 5236 595 5302 quantam
622 5242 655 5282 aa
713 5229 749 5283 'at
772 5225 808 5282 ad
831 5229 935 5282 vidam
952 5234 978 5284 at
1002 5228 1057 5284 cli·
1110 5242 1202 5283 aaa...
1218 5229 1424 5295 etsaspectum.

229 5303 361 5381 mentam,
377 5303 403 5355 et
418 5299 477 5357 baec
491 5307 677 5357 matamoroo
702 5301 774 5354 sorte
797 5313 906 5355 censere
918 5299 1056 5372 putrimo-
1147 5298 1186 5370 (5)
1202 5297 1257 5355 Με.
1273 5297 1357 5356 Dion.
1384 5298 1514 5356 discaco
1534 5299 1567 5358 ab
1589 5299 1698 5370 imao,
1713 5306 1740 5356 et
1753 5299 1788 5356 ab
1811 5299 1940 5362 emmor

230 5371 287 5425 ari.
1110 5369 1319 5425 maritimorum
1352 5369 1465 5427 artium
1496 5371 1629 5443 coemptis
1663 5379 1804 5444 reparatas
1836 5371 1943 5428 habnt

266 5438 305 5512 (l)
331 5440 466 5524 Quinam·
482 5458 554 5499 mss.
580 5443 608 5525 ot
632 5439 701 5496 edit.
728 5440 812 5497 Rom.
838 5439 949 5523 prodire
986 5440 1056 5512 lacit
1111 5457 1174 5524 aona
1198 5442 1331 5513 repioaes.
1361 5441 1452 5510 Gran,
1474 5445 1591 5502 remotas
1616 5441 1678 5499 illic
1700 5441 1939 5502 tolmtoasore·

230 5512 728 5659 &potamogirgtffossmnuffgo
739 5516 964 5658 ἓεῗεῃξιᾜῖῐῗειιθ
978 5528 1057 5643 eorllffa
1111 5517 1290 5664 ⁹²⁰(glesl'laeeti'l'.
1305 5591 1394 5664 ῥεῦμα,
1407 5583 1438 5649 id
1453 5585 1601 5644 astamus
1614 5601 1648 5645 ac
1663 5589 1798 5650 torreae‘
