4159 6184
187 360 235 421 665
708 354 823 415 tibba
847 352 901 413 DE
923 352 1067 415 rostra
1095 350 1361 413 l'dTlllAllCHA.
1833 354 1892 413 686

190 492 235 559 cio,
251 490 359 548 melius
374 490 471 546 locuta
485 492 530 544 est
545 487 682 555 oraculo,
705 491 733 542 et
761 487 827 541 idco
859 484 1006 557 prophetae
1022 484 1142 556 Aquod
1157 481 1353 553 eupiditabus
1370 485 1434 540 suis
1449 488 1553 543 obsisti
1569 489 1728 557 videbat,et
1748 483 1895 540 desideria

191 581 290 638 meruit
306 578 514 645 defensionem,
529 593 593 649 qua
606 575 728 648 propria
744 574 824 630 vocis
841 590 901 628 non
931 588 1008 644 quar·
1065 589 1118 627 saa
1131 569 1227 627 vetita
1241 573 1427 629 asseossione
1443 575 1571 639 fraudari
1586 578 1600 633 ‘t
1622 579 1662 633 lln
1678 580 1797 648 propter
1813 572 1893 642 quod

190 668 248 727 sivit
262 667 412 726 auxilium.
428 665 516 723 Illum
531 682 606 739 ergo
614 664 770 721 beatiorem
787 661 925 729 dixerim,
940 678 1009 718 oum
1064 660 1219 733 aperiatur
1233 675 1340 726 carcer,
1354 666 1387 716 ut
1399 665 1538 737 66661ρί61
1553 666 1724 723 innocentes
1740 680 1747 718 :
1778 658 1894 717 solvan-

190 760 368 816 incaroerem
383 757 550 811 mitteretur
566 772 573 823 ;
590 754 659 827 quia
673 752 791 809 subibat
805 767 860 824 pro
876 750 1010 807 castitate
1064 754 1113 805 tur
1126 755 1239 805 catena
1254 747 1322 816 reis,
1338 754 1372 804 ut
1392 750 1581 824 imponantur
1609 752 1747 811 fidelibus
1764 766 1770 804 τ
1798 747 1896 805 dimit

191 846 363 919 martyrium.
394 844 509 901 Bonum
537 842 616 898 enim
646 857 755 897 munus
784 838 926 912 pudicita,
957 840 1009 897 sed
1064 843 1167 895 tantm
1183 834 1316 893 veritatis
1331 838 1467 909 adulteri,
1484 847 1517 898 ut
1557 843 1709 899 incluatur
1745 836 1796 911 qui
1825 837 1895 895 fidei

190 935 303 992 minoris
326 931 421 989 meriti
449 947 516 987 eum
546 930 709 1003 periculum
737 944 795 983 non
822 927 933 984 babet:
959 928 1008 985 ubi
1065 924 1249 985 adulterium
1264 928 1416 983 recusavit.

187 1039 246 1079 vero
259 1022 347 1078 etiam
363 1018 471 1077 salutis
483 1018 614 1092 periculo
630 1016 809 1085 detenditur,
826 1015 867 1071 ibi
892 1015 1009 1089 plenius
1098 1016 1144 1072 29.
1161 1015 1204 1070 De
1218 1012 1283 1070 istie
1298 1031 1363 1071 vero
1382 1020 1561 1089 spadonibus
1577 1022 1634 1094 (27)
1664 1017 1740 1089 quid
1770 1015 1895 1074 dicam?

188 1114 343 1167 coronatur.
360 1109 429 1178 (25).
1065 1105 1114 1177 qui
1130 1101 1266 1175 exemplo
1279 1103 1386 1159 debent
1398 1122 1463 1163 esse
1477 1110 1658 1181 spadonibus
1674 1103 1800 1172 ceteris,
1816 1109 1895 1177 quod

218 1201 259 1255 27.
276 1199 308 1255 ln
323 1197 426 1254 audita
440 1212 541 1263 cause,
558 1194 741 1268 inexplorata
757 1194 814 1250 666
842 1193 912 1265 veri,
943 1199 1007 1251 tan·
1064 1197 1159 1249 status
1175 1208 1278 1248 eorum
1293 1192 1406 1266 fragilis
1419 1213 1454 1252 ac
1468 1199 1574 1268 tenuis,
1591 1198 1658 1253 etin
1673 1192 1837 1264 voluntate,
1849 1214 1895 1254 re·

188 1304 267 1361 quam
283 1303 351 1343 reus
367 1284 502 1342 criminis
516 1284 547 1340 in
562 1300 708 1340 carcerem
723 1283 833 1356 Joeepb
857 1282 1006 1340 mittitur:
1063 1282 1112 1354 gia
1127 1298 1195 1353 spes
1211 1281 1319 1348 omnis,
1335 1282 1444 1354 quibus
1459 1285 1529 1343 levis
1544 1286 1656 1342 oiiensa
1670 1297 1827 1339 summum
1842 1302 1894 1359 pe-

188 1376 232 1433 sad
247 1390 315 1432 eum
331 1374 476 1431 Dominus
491 1388 544 1428 nec
558 1371 588 1428 in
615 1388 730 1428 carcere
754 1372 917 1428 deserebat.
945 1373 1009 1429 Non
1064 1370 1191 1425 riculum
1207 1370 1248 1425 sit
1263 1388 1270 1425 :
1285 1373 1419 1428 secundae
1434 1379 1532 1431 autem
1547 1392 1594 1431 res
1610 1374 1667 1429 vile
1693 1371 1895 1433 ministerium

186 1464 334 1520 turbentur
345 1461 528 1527 innocentes,
543 1475 611 1515 cum
629 1460 711 1515 falsis
726 1458 900 1515 criminibus
916 1477 1009 1533 appe·
1064 1458 1255 1515 Gloriabatur
1268 1458 1342 1515 aller
1360 1441 1438 1533 quod
1453 1468 1531 1519 esset
1544 1464 1603 1519 vini
1617 1459 1807 1535 praepositus,
1823 1464 1896 1523 alter

185 1556 281 1608 tantur
295 1571 303 1619 ς
319 1568 388 1607 curn
404 1566 544 1623 oppressa
554 1549 672 1620 ,iustitia
686 1548 888 1604 trudunturin
911 1565 1009 1605 caree·
1064 1548 1143 1617 quod
1159 1551 1239 1604 esset
1252 1547 1407 1619 pistorum.
1439 1550 1564 1624 Uterque
1587 1549 1724 1615 offendit,
1752 1551 1895 1628 missique

185 1658 252 1696 rem.
267 1640 373 1695 Visitat
386 1638 463 1694 Deus
478 1642 507 1693 et
522 1638 550 1693 16
566 1654 682 1693 carcere
703 1654 773 1693 suos
792 1655 798 1705 ;
815 1641 845 1692 et
873 1636 938 1693 idco
968 1637 1009 1693 ibi
1064 1635 1094 1689 in
1111 1652 1270 1701 carcerem,
1286 1641 1315 1692 et
1329 1641 1526 1695 commendati
1544 1646 1645 1696 sancto
1659 1638 1783 1709 loseph,
1796 1643 1831 1699 ab
1848 1644 1894 1717 ip-

185 1734 226 1785 eet
237 1728 302 1802 plus
315 1726 427 1795 auxilii,
444 1726 494 1782 ubi
507 1730 551 1781 est
567 1725 632 1799 plus
648 1724 783 1798 periculi.
794 1726 849 1781 Sed
870 1726 941 1797 quid
953 1724 1009 1780 mi·
1065 1739 1097 1777 so
1117 1724 1242 1779 carceris
1258 1724 1453 1793 claviculario,
1467 1744 1533 1782 cum
1549 1730 1649 1784 essent
1663 1726 1727 1782 illic
1743 1726 1804 1784 dies
1819 1747 1895 1788 com·

184 1834 245 1873 rum
260 1816 285 1873 si
300 1815 399 1872 visitat
414 1814 548 1872 Christus
562 1813 591 1869 in
614 1830 730 1869 carcere
757 1811 881 1887 positos,
906 1813 957 1885 qui
978 1828 1009 1869 se
1065 1810 1173 1883 plures,
1190 1813 1327 1868 viderunt
1342 1815 1490 1871 somnium
1512 1835 1519 1883 ;
1545 1820 1574 1872 et
1588 1832 1653 1872 eum
1686 1815 1828 1875 reviseret
1845 1836 1894 1878 eos

182 1906 276 1979 ipsum
292 1905 321 1961 in
338 1904 400 1961 suis
416 1902 445 1959 in
459 1920 573 1959 carcere
589 1903 740 1959 inclusum
769 1920 834 1959 esse
863 1918 1009 1959 memora·
1062 1900 1183 1973 lersepb,
1199 1901 1300 1958 tristes
1314 1904 1507 1976 turbatosque
1527 1904 1617 1959 animi
1646 1904 1895 1980 offenditz'quia

182 1992 609 2065 vit,sicuthal·esseriptum:
643 2014 656 2041 a
687 1992 718 2047 ln
737 2008 961 2057 carcerecram,
979 1995 1009 2045 et
1062 1990 1260 2045 turbabantur
1301 1992 1428 2059 somnio,
1470 1993 1555 2064 cujas
1604 1993 1797 2065 interpretem
1837 2013 1895 2054 non

183 2101 238 2141 non
251 2082 372 2139 venistis
388 2082 422 2138 ad
440 2099 486 2138 me
506 2083 610 2150 (llottd.
628 2098 692 2149 xxv,
722 2082 768 2150 13)
784 2084 797 2136 'l
813 2082 831 2131 »¹
857 2082 920 2145 Quo
947 2096 1008 2135 non
1064 2077 1251 2134 invenirent:
1269 2102 1279 2127 α
1305 2080 1407 2136 Nonne
1422 2098 1473 2152 per
1488 2086 1589 2147 Deum,
1613 2082 1724 2154 inquit,
1751 2082 1892 2157 interpre-

183 2170 661 2247 pcnetratdivinamisericordia?
680 2170 791 2225 invenit
812 2170 921 2241 loseph
954 2170 1009 2223 hu·
1063 2166 1667 2242 tntiosomniiest?Narrateergomihi.
1698 2172 1736 2227 ut
1765 2173 1894 2230 narravit

178 2259 307 2334 jusmodi
323 2260 458 2333 gratiam,
480 2265 512 2314 ut
540 2261 617 2316 ΔΜ
645 2258 695 2329 qui
728 2256 1008 2315 iuerotclaususin
1064 2260 1226 2327 praepostus
1241 2256 1298 2311 vini
1316 2258 1464 2313 somnium
1481 2276 1568 2315 suum
1586 2277 1592 2314 :
1610 2260 1679 2315 Erat
1695 2261 1764 2319 vitis
1780 2263 1809 2318 in
1823 2279 1892 2318 con-

182 2365 304 2418 carcere,
318 2348 382 2421 ipse
395 2348 492 2420 potius
508 2347 769 2403 carceriselaustra
779 2352 918 2415 servaret,
934 2364 1008 2402 eon·
1064 2348 1163 2415 speetu
1180 2361 1256 2400 meo:
1272 2347 1301 2400 in
1316 2347 1374 2403 vite
1388 2352 1487 2402 antem
1500 2351 1560 2404 tres
1574 2347 1708 2406 radices:
1725 2355 1755 2406 et
1769 2350 1893 2423 ipsailo·

182 2439 294 2495 cederet
309 2454 430 2493 munere
445 2435 658 2503 clavicularius,
674 2435 804 2493 inclusos
828 2452 931 2492 omnes
957 2451 1009 2508 po·
1064 2450 1110 2487 res
1121 2432 1217 2489 lerene
1230 2434 1406 2506 germinavit
1435 2440 1568 2493 maturos
1583 2436 1745 2509 botryones
1770 2457 1892 2497 uvarum

180 2527 278 2584 testati
294 2528 358 2598 ejus
373 2526 546 2582 comitteret.
564 2525 665 2596 ltaque
684 2525 793 2597 loseph
824 2542 882 2579 non
909 2524 1007 2580 solum
1064 2522 1119 2593 (28)
1132 2537 1138 2574 :
1151 2528 1179 2576 et
1194 2522 1269 2578 calix
1279 2523 1389 2580 Pharao
1405 2524 1434 2579 in
1447 2541 1535 2580 manu
1547 2542 1620 2580 mea.
1638 2526 1673 2580 llt
1682 2528 1799 2601 sumpsi
1814 2545 1891 2597 eam,

180 2631 396 2673 carceremnon
417 2614 571 2682 sentiebat,
590 2613 641 2668 sed
669 2613 756 2668 etiam
787 2613 861 2669 alios
891 2629 1008 2685 quoque
1063 2613 1091 2665 et
1107 2610 1235 2681 expressi
1251 2629 1315 2667 eom
1329 2614 1359 2668 in
1375 2613 1505 2680 calicem,
1522 2618 1551 2669 et
1566 2613 1632 2669 dedi
1648 2614 1771 2672 calicem
1787 2617 1817 2673 in
1833 2634 1892 2674 ma·

181 2704 306 2761 carceris
322 2702 437 2760 levabat
450 2718 601 2757 erumma.
957 2699 964 2707 '
1063 2715 1120 2754 nus
1136 2698 1259 2756 Pharao.
1276 2701 1311 2755 ut
1326 2702 1400 2757 dixit
1415 2701 1457 2756 illi
1470 2701 1597 2774 loseph:
1612 2702 1678 2760 Haec
1688 2704 1890 2778 interpretatio

498 2789 617 2846 CAPUT
636 2789 683 2843 vt,
1063 2790 1129 2857 ejus
1145 2804 1152 2841 :
1169 2789 1242 2845 'l'res
1255 2790 1377 2860 radices,
1393 2797 1451 2847 tres
1465 2792 1528 2847 dies
1551 2795 1629 2847 sunt.
1646 2792 1753 2850 Adbuc
1781 2794 1889 2865 triduo,

177 2868 244 2922 Post
257 2864 364 2920 breuem
378 2863 542 2918 taueetr'uom
557 2862 586 2916 io
607 2861 799 2925 maturescat
810 2862 943 2933 spadones
954 2862 1006 2917 66-
1061 2882 1088 2931 6(
1104 2877 1133 2931 (ῃ
1149 2883 1278 2935 mentem
1293 2880 1413 2936 habebit
1429 2880 1540 2937 phafflo
1563 2880 1763 2953 principatum
1791 2890 1888 2953 tuum,

210 2934 1006 3079 19ΐαῖῗέζρῗῆξιξῇθὶἑξζιᾜιὲἳὲξῗῖἠθξξαίξθᾞῖξῧξξ
1061 2969 1089 3020 61
1106 2966 1241 3022 restituet
1256 2973 1284 3025 te
1299 2970 1530 3042 supercilicium
1546 2974 1631 3025 tuum
1660 2971 1833 3044 pristinum,
1862 2977 1890 3029 et

214 3080 326 3150 ejusque
339 3076 537 3147 repositionem
550 3076 643 3143 refert.
661 3076 729 3129 ltine
743 3077 840 3131 aureati
851 3078 1006 3145 potentiam
1065 3053 1151 3109 d¹¹¹¹5⁸
1161 3055 1286 3113 1111111111
1303 3058 1450 3113 1111111115
1465 3058 1588 3115 Ρ11111110·
1604 3060 1658 3115 Sed
1689 3076 1804 3119 m0ffl⁰f
1828 3066 1891 3117 11810

214 3149 316 3204 somnii
329 3148 447 3203 similem
461 3162 518 3203 ease
531 3144 658 3201 ostendit.
675 3146 777 3202 1161666
799 3148 916 3217 mptttce
943 3148 1003 3201 loa·
1061 3159 1113 3214 per
1127 3145 1328 3218 temetipsum,
1343 3162 1411 3201 cum
1427 3146 1479 3202 tibi
1496 3148 1659 3205 66661116
1676 3150 1741 3218 erit,
1758 3154 1788 3205 et
1801 3148 1889 3205 facies

213 3220 277 3276 doto
291 3219 400 3274 Hebraeo
415 3220 575 3288 interprete,
591 3216 731 3271 invehitur
746 3219 774 3271 in
790 3218 946 3273 euraclum
963 3219 1007 3274 de·
1024 3214 1046 3282 C
1065 3233 1095 3285 (ῃ
1113 3248 1159 3287 me
1174 3234 1416 3302 misericordiam,
1433 3242 1462 3292 er
1477 3254 1589 3293 memor
1603 3236 1661 3293 epig
1676 3238 1734 3293 mei
1749 3239 1786 3294 ad
1814 3238 1888 3292 pha.

213 3291 513 3433 mmmm,
527 3288 1007 3431 Ξεᾝῗᾶιῧξξίξῗνίέᾞᾝῶῖο
1062 3335 1192 3420 raonem,
1209 3328 1237 3378 at
1251 3324 1357 3379 educes
1373 3341 1419 3379 me
1433 3325 1469 3380 de
1483 3342 1597 3384 carcere
1612 3326 1668 3382 isto
1685 3344 1692 3395 ;
1712 3325 1783 3398 quia
1800 3326 1884 3426 'lurto

215 3431 531 3513 qrayfqraresquunqu,
1061 3407 1207 3466 rnvolatus
1222 3428 1288 3467 sum
1305 3413 1361 3484 (29)
1376 3413 1412 3469 66
1423 3420 1500 3471 terra
1515 3417 1713 3483 Hebraeorum,
1728 3420 1757 3472 et
1777 3415 1824 3471 hio
1840 3430 1883 3469 nr·

217 3509 264 3560 28.
282 3503 375 3574 liujus
389 3508 480 3575 igitur
493 3500 609 3573 injuriae
624 3505 725 3557 auctor
738 3500 889 3571 mulier,et
903 3500 1007 3572 spado·
1062 3496 1104 3551 bil
1121 3497 1197 3553 male
1211 3500 1274 3570 leci,
1290 3502 1340 3557 sed
1355 3501 1500 3560 miserunt
1514 3523 1560 3561 me
1580 3506 1610 3560 in
1637 3505 1734 3561 lacum
1762 3504 1885 3562 carceris

177 3608 237 3650 nes
253 3594 323 3648 sunt
337 3591 406 3664 (26),
426 3590 476 3646 sed
493 3588 600 3645 mulier
614 3588 826 3662 AEgyptlorum,
849 3605 912 3660 quae
942 3606 1008 3661 pro·
1064 3584 1153 3655 hujus
1169 3586 1244 3657 (Gen.
1265 3605 1310 3655 xc,
1326 3588 1409 3660 615).
1428 3613 1442 3639 »

176 3695 268 3737 cacas
283 3696 349 3736 cum
365 3678 435 3734 viris
451 3677 538 3735 solita
554 3677 676 3733 miscere
690 3694 850 3745 sermones,
867 3675 1009 3734 lacessere
1099 3674 1143 3729 30.
1162 3674 1288 3732 Alterius
1304 3679 1453 3733 sommum
1469 3696 1527 3735 non
1543 3681 1613 3738 libet
1628 3682 1732 3738 dicere.
1752 3682 1886 3739 Memini-

175 3768 374 3836 vereeundos,
389 3766 568 3839 refugientes
596 3764 720 3837 insequi,
738 3766 880 3837 pudentes
906 3782 1008 3837 perur-
1065 3761 1102 3817 sti
1117 3769 1195 3819 certe
1206 3765 1357 3820 verborum
1375 3782 1518 3840 meorum,
1535 3770 1712 3841 quodetiam
1727 3775 1799 3827 tunc
1814 3772 1889 3827 reiu-

174 3873 262 3931 gere,
277 3873 342 3912 oum
357 3854 429 3913 vitia
442 3872 498 3912 sua
514 3871 571 3911 non
587 3860 687 3926 posset
701 3854 864 3922 defendere,
875 3852 1010 3911 innoxios
1065 3850 1157 3924 gerim
1171 3854 1234 3924 ejus
1250 3852 1519 3926 interpretationem
1535 3858 1564 3913 in
1590 3872 1634 3925 eo,
1664 3858 1749 3928 cujus
1778 3859 1888 3914 exitum

174 3945 407 4012 criminabatur,
423 3943 577 4017 perfidiam
589 3943 755 3999 admiscens
768 3941 1011 4015 pertidia,aliena
1066 3940 1187 4014 refugio,
1206 3946 1330 3998 mortem
1360 3946 1614 4015 perhorresco.De
1646 3945 1703 4001 isto
1732 3946 1816 4017 prius
1844 3945 1887 4002 di·

174 4040 299 4101 teuens,
312 4038 340 4089 et
355 4033 428 4089 alios
444 4033 509 4107 ipsa
524 4033 734 4097 condemnans,
753 4032 872 4087 modum
895 4030 1010 4099 nullum
1067 4044 1180 4098 camus,
1197 4030 1246 4102 qui
1262 4030 1286 4086 si
1303 4031 1406 4088 beatus
1433 4034 1596 4104 videbatur,
1626 4051 1694 4090 cum
1722 4038 1801 4090 esset
1827 4034 1888 4089 vini

174 4121 594 4197 ponenslurori.Quceenim
618 4136 707 4176 eausa
735 4118 926 4191 crudelitatis,
953 4120 1011 4178 nisi
1067 4118 1260 4190 praepositus;
1294 4120 1581 4179 ethunosummum
1614 4122 1749 4179 credebat
1775 4123 1888 4197 apicem

221 4237 378 4310 (2.5)11661.
395 4236 464 4293 edit.
482 4234 545 4292 voci
560 4245 707 4292 coronator
720 4235 882 4306 subJunqtt,
899 4240 1012 4293 Factam
1067 4232 1131 4288 loca
1148 4252 1154 4298 ;
1180 4234 1254 4307 llug.
1269 4235 1413 4305 Gratiam,
1430 4242 1458 4292 et
1474 4238 1555 4296 elios.

175 4318 226 4366 est
240 4308 495 4376 enumerandae
509 4308 635 4363 dominae
643 4310 701 4379 6166
711 4309 896 4363 aerbeaxort'a
906 4324 1010 4365 auae....
1102 4305 1159 4376 (27)
1174 4305 1267 4377 Caput
1282 4313 1397 4362 sextum
1413 4308 1460 4362 bic
1481 4311 1550 4365 edit.
1567 4311 1649 4367 Rom.
1681 4310 1890 4383 auspicabatur

175 4382 330 4451 Accipient
344 4379 442 4453 loeeplt
453 4381 547 4452 tajeett
561 4395 623 4435 eam
638 4380 667 4434 io
681 4394 826 4435 carerem.
1067 4374 1127 4431 illis
1141 4376 1221 4431 vebis
1238 4394 1245 4430 ι
1263 4380 1352 4432 lautas
1366 4387 1407 4433 eat
1420 4381 1528 4436 Pharao
1539 4398 1621 4453 saper
1643 4383 1745 4438 duobos
1759 4382 1889 4454 spadoni·

224 4451 271 4523 (26
298 4452 339 4507 116
353 4456 409 4508 661.
427 4452 497 4507 edit.
514 4454 543 4506 et
558 4452 651 4506 eoacti
669 4467 751 4514 mss,
763 4448 892 4519 exceptis
902 4449 1010 4507 Theod.
1069 4447 1117 4501 tae
1131 4448 1199 4512 sais,
1214 4464 1296 4518 saper
1308 4449 1453 4521 preposito
1466 4454 1664 4522 pirreernoram
1676 4458 1703 4509 et
1717 4470 1798 4525 saper
1813 4468 1889 4525 prar-

176 4528 216 4579 et
231 4526 273 4576 Va
288 4564 305 4589 .,
322 4523 371 4578 ubi
388 4521 504 4593 legitur,
520 4522 606 4591 llur'as
618 4524 705 4591 iqitar
719 4520 834 4591 injuria
848 4529 1013 4577 666166666-
1066 4520 1153 4590 posito
1168 4520 1310 4589 pisarum,
1326 4525 1352 4575 et
1364 4524 1457 4593 posuit
1471 4539 1514 4579 eos
1528 4525 1717 4581 incustodiom
1728 4526 1758 4581 ia
1770 4536 1888 4582 carcere.

177 4596 244 4649 tier
255 4593 383 4664 spadones
396 4595 461 4663 [ait.
478 4597 600 4664 apertus
614 4608 719 4649 sensus
736 4608 743 4646 τ
765 4590 861 4663 agitur
872 4591 950 4646 enim
977 4594 1013 4649 de
1028 4581 1052 4646 D
1068 4589 1138 4657 Quid
1151 4589 1183 4644 de
1198 4592 1258 4645 istis
1271 4591 1374 4646 666666
1388 4594 1563 4663 spadonibus.
1584 4601 1638 4652 etc.

177 4680 279 4721 uxore
294 4664 461 4738 Putipbaris
475 4680 562 4735 quem
576 4662 736 4719 Pharaonis
749 4661 917 4718 eunuchum
931 4670 1014 4721 vocat
1104 4661 1161 4733 (28)
1176 4661 1250 4716 lldit.
1266 4665 1338 4727 ant,
1353 4664 1455 4732 floreae
1465 4670 1564 4737 terens,
1580 4670 1706 4739 permina
1728 4672 1850 4731 motare,
1865 4671 1891 4723 et

177 4735 250 4793 Scri
276 4738 349 4792 tura.
368 4736 444 4791 Edit.
463 4738 560 4791 autem
583 4737 665 4793 Rom.
682 4750 745 4807 quae
774 4739 861 4860 caqut
876 4734 1013 4806 quintum
1069 4732 1210 4803 botryones
1225 4750 1363 4801 aeorum,
1381 4740 1475 4802 liora,
1492 4740 1592 4807 (loreas
1619 4740 1726 4811 [eredat
1752 4740 1889 4805 qermtao,

176 4821 242 4881 pro
267 4804 799 4878 ucitusqueadvocemreomaensis
836 4804 910 4875 abet,
928 4808 1014 4877 llajtrs
1067 4804 1254 4858 maturescat
1284 4821 1489 4873 caesurarum.
1507 4809 1577 4865 Mes.
1596 4818 1627 4866 ut
1654 4811 1684 4864 in
1712 4812 1802 4874 textu,
1832 4808 1890 4863 nisi

174 4886 282 4935 tamea
295 4879 407 4949 inparia
422 4886 518 4935 auctor
541 4879 643 4934 mulier
669 4887 719 4943 est,
750 4876 795 4933 sed
823 4875 936 4941 molier,
956 4884 1011 4934 etc.
1069 4875 1147 4945 quod
1163 4890 1262 4930 nonnu
1278 4876 1434 4934 timelioris
1450 4886 1524 4935 notae
1539 4878 1767 4949 habent,moturt
1782 4877 1891 4949 botryo·

181 4948 306 5006 Rursus
322 4949 430 5005 ibidem
464 4965 566 5005 omnes
595 4950 675 5017 edit,
706 4946 757 5003 Sed
780 4948 882 5003 mutter
904 4952 1012 5022 AEqypt.
1067 4961 1240 5014 aemonae,
1255 4955 1281 5003 et
1293 4951 1407 5017 matecri,
1424 4956 1491 5018 eta,
1507 4952 1627 5022 optime,
1644 4950 1727 5005 modo
1744 4947 1890 5003 subintel·

177 5036 307 5093 quae.....
324 5021 414 5084 solitu,
427 5024 482 5076 etc.
499 5020 568 5076 Mss.
586 5036 674 5093 prope
689 5020 724 5075 ad
741 5036 843 5085 unum,
870 5020 921 5076 Sed
949 5038 1013 5076 166-
1069 5015 1145 5089 ligas
1159 5026 1228 5072 erat.

178 5094 274 5148 lieres
288 5092 395 5163 AEqypt.
409 5108 525 5162 qaae.....
541 5092 638 5157 solent,
654 5098 708 5147 etc.
736 5090 786 5145 llic
816 5094 914 5147 autem
942 5092 1015 5147 solet
1104 5087 1171 5160 (29).
1190 5089 1232 5144 lta
1255 5105 1327 5145 mss.
1358 5090 1504 5162 pluresac
1533 5092 1671 5162 potiores.
1697 5089 1754 5143 Alii
1782 5090 1892 5161 partim

179 5162 284 5235 qaraeri
299 5162 334 5218 de
349 5162 528 5235 Puthiphare
545 5169 642 5217 utrum
660 5163 684 5218 is
700 5178 766 5216 oum
804 5162 957 5217 eunuchus
986 5168 1015 5219 et
1070 5162 1534 5233 cumant.edit.,turtt'recuptus
1565 5179 1648 5217 auru:
1681 5160 1788 5232 parlim
1823 5178 1891 5217 cum

178 5233 285 5306 spado
300 5234 416 5297 dicitur,
434 5233 614 5315 significetur
629 5233 725 5305 reipsa
747 5232 835 5287 luisse
863 5233 989 5289 eviratus
1006 5252 1014 5302 ;
1070 5230 1166 5298 Rom,
1181 5234 1256 5302 ferto
1270 5241 1489 5304 surreptassvm,
1506 5232 1576 5298 sive,
1592 5232 1714 5301 saltatus
1726 5249 1797 5287 earn.
1821 5231 1890 5288 lNu·

178 5320 229 5362 an
245 5320 312 5359 vero
327 5304 381 5361 hoc
396 5304 549 5377 dignitatis
564 5322 667 5360 nomen
686 5302 801 5383 luerit?
813 5302 942 5376 Utraque
952 5305 1014 5387 opi·
1070 5300 1132 5384 lam
1148 5303 1178 5356 in
1195 5303 1368 5428 bisquodad
1382 5320 1500 5359 sensum
1513 5303 1893 5360 discrimenlavoloreanim

179 5375 242 5433 nio
260 5376 387 5432 lautores
403 5392 474 5431 euos
494 5376 581 5432 babet
597 5393 604 5433 :
622 5391 745 5448 quorum
762 5390 787 5429 si
804 5373 899 5445 placet
927 5383 1013 5432 ratio·
1070 5374 1177 5429 616166
1192 5390 1404 5429 arcemanus
1419 5391 1478 5445 qua
1493 5374 1621 5430 luresed
1638 5374 1735 5430 aliena
1749 5375 1892 5431 suffuran-

178 5462 246 5505 nes
258 5462 442 5520 cognoscere,
457 5447 504 5501 edi
526 5448 734 5520 augustinum,
746 5446 888 5514 Quartae
901 5444 994 5503 6661.
1006 5464 1015 5504 ι
1070 5444 1108 5499 da
1122 5450 1209 5515 utrque
1223 5444 1395 5500 occultanda
1409 5446 1452 5500 uti
1467 5443 1571 5500 solent.
1588 5446 1671 5502 Rom.
1682 5446 1751 5502 edit.
1766 5446 1892 5503 nonnul-

177 5522 298 5592 quaest.
315 5519 367 5574 136
381 5536 388 5587 ;
405 5518 613 5591 Hieronymum
624 5520 653 5574 in
669 5517 779 5573 Tradit.
793 5536 800 5577 t
813 5515 918 5572 Nobilii
931 5523 1015 5575 notas
1070 5514 1099 5571 la
1113 5514 1181 5570 huic
1196 5516 1351 5597 Scripturas
1366 5516 1458 5572 textui
1472 5516 1608 5584 inseruit,
1630 5534 1688 5590 quo
1703 5519 1799 5592 magis
1825 5535 1893 5576 cum

176 5592 222 5649 in
240 5588 430 5647 herclecum
457 5590 534 5665 apud
558 5589 651 5661 LXX;
681 5589 766 5645 Corn.
786 5588 958 5647 tansenium
984 5591 1015 5648 in
1071 5586 1142 5647 LXX
1151 5592 1326 5658 conveniret,
1341 5587 1392 5645 sed
1421 5586 1482 5647 hac
1497 5588 1534 5647 66
1565 5605 1686 5651 mosum
1715 5603 1821 5667 parum
1849 5590 1894 5651 ia·

176 5662 266 5733 Gen.
285 5660 383 5735 mua.
399 5660 523 5745 tatium,
545 5662 652 5729 annot.
683 5661 713 5723 in
739 5656 829 5727 diluo.
860 5658 1015 5747 Scriptura
1071 5658 1162 5721 ciunt.
