4159 6184
143 340 201 410 ara
548 339 600 401 nn
621 335 990 405 rurnnruumnreun
1011 338 1080 402 toa
1102 341 1153 405 nr
1173 344 1294 407 naun
1315 345 1391 408 nra.
1412 344 1453 406 11.
1581 304 1589 314 ⁴
1797 347 1864 412 ars·

144 477 253 546 perant
267 473 378 540 omnia,
394 476 534 547 generant
548 472 611 530 sine
626 473 731 530 timore
746 470 808 528 Dei.
823 470 901 528 Juati
917 487 970 528 au·
985 471 1013 540 Α
1028 473 1128 546 requie
1143 475 1263 534 coelesti.
1280 479 1337 535 Nos
1352 481 1456 534 autom.
1467 491 1587 532 oremus
1603 475 1652 533 bic
1666 478 1852 550 potiuslebo·

145 566 207 620 tem
222 562 308 637 longe
324 562 408 620 aliter
422 561 596 636 gloriantur.
613 562 675 618 lion
687 560 766 617 enim
777 559 972 616 in-abundan·
1028 578 1091 618 rem
1107 562 1218 632 subire,
1233 570 1266 622 ut
1280 567 1310 622 in
1332 583 1422 640 regno
1451 563 1593 622 caelorum
1622 566 1854 628 consolationem

146 651 439 720 taedivitiarumneo
449 651 479 708 iu
491 653 575 723 partu
589 666 729 722 pecorum
742 667 749 718 ;
761 649 812 706 sed
825 647 856 704 in
874 647 973 717 Domi·
1028 650 1138 722 quietis
1151 655 1265 712 aeterne
1275 670 1444 713 mereamur
1458 652 1592 726 adipisci.
1610 653 1717 728 Magna
1730 655 1809 712 enim
1823 655 1857 712 il-

148 758 186 800 no
196 739 339 815 gioriantu
345 759 369 810 r,
377 740 527 798 dicantes:
542 763 557 792 ιι
568 745 605 798 tls
617 739 722 796 timore
733 744 783 795 tuo
792 737 823 806 iu
834 741 915 796 utero
926 754 973 794 ac·
1030 737 1146 797 lecebra
1161 741 1351 815 delinquendi
1365 746 1412 801 eat
1431 758 1530 798 rerum
1544 741 1699 803 affluentia
1711 745 1856 802 secunda·

147 831 292 904 cepimus,
303 834 331 886 et
341 828 554 903 parturivimus
566 827 704 901 spiritum
716 826 821 884 salutis
832 826 972 899 (lscxxvr,
1029 845 1096 884 rum
1112 852 1121 894 a
1140 828 1171 884 in
1185 831 1355 902 superbiam
1370 829 1494 897 extollit,
1518 829 1695 890 oblivionem
1727 834 1857 893 auctoris

150 921 207 994 18).
219 943 234 972 ιι
245 919 378 992 Dejustis
389 934 461 992 crgo
471 918 588 984 dicitur,
608 916 681 990 quia
705 916 843 990 spiritum
868 914 973 974 salutis
1028 916 1168 974 infundit.
1183 918 1342 977 Considera
1355 919 1438 977 illam
1453 917 1574 976 divitem
1588 920 1619 976 iu
1635 922 1789 996 livangelio
1804 941 1855 980 su·

147 1011 468 1082 generaverunt‚quam
484 1011 662 1079 acceperunt
677 1006 712 1062 de
722 1005 828 1061 timore
839 1003 900 1074 Dei,
914 1021 974 1060 non
1029 1011 1209 1078 porostrum
1224 1012 1253 1065 at
1269 1025 1431 1081 purpuram
1446 1009 1677 1078 recumbentem,
1704 1013 1789 1083 cujus
1818 1012 1856 1068 da

147 1099 184 1156 de
201 1097 312 1156 malitia
326 1096 415 1168 hujus
425 1095 538 1158 saeculi,
554 1095 590 1150 da
612 1111 672 1167 qua
697 1093 823 1166 legimus
838 1110 845 1148 ς
871 1115 885 1146 ιι
901 1094 974 1150 llcce
1028 1111 1134 1151 mensa
1149 1097 1240 1153 mices
1252 1098 1355 1167 ,iustus
1370 1096 1420 1154 ille
1435 1113 1546 1169 pauper
1560 1097 1686 1156 Lazarus
1700 1098 1858 1173 colligebat

145 1186 502 1260 parturivitinjuatitiam‚
525 1185 661 1257 concepit
683 1182 823 1246 laborem,
839 1189 868 1239 at
883 1200 973 1256 pepe·
1029 1183 1300 1257 (temnit-21.)
1315 1188 1418 1244 Nonne
1433 1184 1485 1242 tihi
1502 1185 1617 1244 videtur
1631 1188 1714 1246 dives
1740 1188 1791 1245 ille
1819 1189 1858 1246 ed

145 1275 377 1347 ritiuiquitatam
388 1274 478 1345 (Prot.
493 1291 543 1342 vn,
556 1273 611 1345 15).
624 1294 638 1322 ιι
650 1271 831 1344 Meliorergo
851 1271 974 1330 abortus
1029 1271 1123 1329 Deum
1138 1274 1235 1330 dicere
1250 1290 1257 1329 ι
1274 1298 1288 1325 ιι
1302 1275 1425 1334 Discede
1438 1291 1457 1331 a
1472 1291 1520 1332 me
1534 1291 1541 1330 ι
1557 1276 1620 1332 vias
1634 1282 1700 1334 tuas
1714 1277 1857 1335 scireno·

146 1380 236 1438 qaum
254 1367 354 1436 partus
369 1363 567 1432 secularium.
584 1361 716 1433 Denique
732 1361 768 1418 de
783 1360 903 1416 homine
920 1361 973 1432 qui
1027 1361 1057 1418 lc
1073 1365 1132 1434 (lob
1147 1379 1206 1432 xm,
1222 1362 1278 1434 11).
1296 1386 1311 1415 ιι
1325 1366 1360 1420 lit
1374 1379 1441 1420 vere
1460 1362 1566 1420 nolunt
1579 1365 1655 1422 scire
1681 1365 1856 1440 hujusmodi

146 1455 178 1510 in
194 1453 250 1510 boc
264 1450 403 1508 seculum
418 1451 507 1514 veuit,
523 1457 552 1508 et
565 1449 724 1506 vanitatem
754 1450 857 1506 muudi
881 1448 974 1520 hujus
1027 1452 1093 1508 vias
1105 1450 1222 1507 Domini
1239 1470 1246 1519 ;
1263 1452 1288 1508 si
1307 1453 1386 1510 anim
1401 1451 1520 1521 vellent,
1547 1460 1766 1527 cognoscerent.
1795 1455 1862 1512 Sed

146 1547 176 1611 et
191 1540 323 1596 tenebras
339 1538 459 1612 pertulit
486 1538 671 1610 longaevitate
699 1537 850 1594 diuturne.
879 1536 973 1594 llccle·
1029 1540 1101 1614 quia
1115 1539 1208 1612 plene
1222 1547 1292 1596 sunt
1306 1541 1426 1608 laboris,
1442 1541 1597 1614 fugiuntur
1610 1548 1640 1600 et
1666 1543 1854 1604 declinentur

145 1628 462 1700 siastaeprenuntiavit
472 1625 971 1698 quiameliorilloabortivusfficctc.
1029 1647 1048 1686 a
1061 1629 1195 1701 perditis.
1212 1628 1300 1692 Quasi
1314 1630 1414 1688 ebrius
1429 1629 1527 1703 itaque
1546 1647 1603 1689 uon
1618 1634 1802 1708 recognoscit
1810 1649 1856 1693 ss·

143 1736 182 1784 vt,
199 1717 324 1776 stttutu
348 1718 430 1772 enim
446 1717 562 1788 requies
587 1715 683 1788 mapp's
701 1731 790 1786 quam
807 1715 873 1782 illi;
902 1715 973 1789 quia
1028 1717 1101 1773 lutis
1117 1723 1275 1772 auctorem.
1292 1718 1423 1790 Denique
1438 1734 1595 1776 conversus
1609 1721 1645 1776 ad
1673 1726 1855 1794 compotato-

142 1825 203 1865 non
220 1810 415 1878 expectasset
430 1806 597 1862 varietatem
618 1803 732 1886 seculi,
752 1803 781 1858 in
809 1822 868 1877 qua
895 1809 924 1862 et
947 1803 973 1860 si
989 1838 1013 1905 B
1029 1822 1077 1862 res
1092 1822 1163 1861 suos
1179 1822 1186 1860 ι
1203 1827 1218 1855 ιι
1235 1806 1456 1875 Manducemus,
1471 1806 1578 1878 inquit,
1593 1813 1624 1865 et
1636 1809 1772 1866 bibamus
1787 1811 1855 1883 (iso.

141 1895 228 1956 nritle
243 1911 335 1952 annos
347 1895 414 1966 quis
428 1893 541 1958 vixerit,
553 1894 636 1966 quod
665 1893 776 1950 bonum
804 1901 848 1952 est
874 1893 972 1950 vidme
1027 1909 1099 1961 xxii,
1114 1893 1172 1960 13).
1189 1893 1260 1964 quid
1275 1893 1354 1948 enim
1369 1893 1522 1964 prodestsi
1537 1894 1700 1952 serviamus
1714 1895 1771 1966 ep?
1797 1897 1858 1954 Aut

141 2001 203 2044 aon
220 1983 324 2060 potuit.
341 1983 463 2056 Fugisse
487 1999 556 2057 ergo
571 1982 634 2038 brac
663 1983 758 2056 magia
784 1987 831 2039 est
857 1982 971 2057 gratia,
1028 1998 1094 2055 qua
1110 1979 1535 2038 utilitassiobservemuscum
1550 1983 1748 2056 (16)(111111,
1766 1983 1855 2054 lbl‘l»

142 2089 235 2148 quam
251 2072 385 2130 subiisse.
1027 2069 1094 2126 liae
1109 2068 1209 2140 itaque
1222 2067 1294 2124 dicit
1308 2068 1492 2125 secularium
1508 2070 1690 2128 abundantia
1703 2087 1802 2129 reram
1811 2077 1854 2131 te«

178 2165 226 2222 16.
243 2161 296 2218 Sed
312 2163 435 2218 sortasse
456 2158 530 2216 illud
560 2165 676 2216 moveat
704 2160 783 2232 quod
811 2160 947 2232 adjunxit
963 2175 970 2216 ι
1028 2157 1181 2214 mulentus
1197 2175 1205 2225 ;
1219 2155 1291 2228 quia
1304 2174 1363 2213 non
1378 2158 1517 2214 continuo
1533 2161 1563 2215 in
1577 2159 1684 2216 seculo
1707 2159 1854 2219 scelernm

141 2277 156 2305 ιι
172 2249 553 2320 Quiamaneotsicutoves
583 2253 721 2316 eternam
754 2249 837 2321 pueri
870 2254 970 2304 autem
1028 2244 1133 2302 merita
1145 2245 1355 2316 rependuntur.
1381 2245 1581 2319 supinabatur
1607 2248 1698 2316 enim,
1724 2250 1795 2323 qnia
1823 2253 1854 2308 in

140 2357 246 2401 eornm
261 2339 369 2396 ludunt
380 2338 558 2410 accipientes
569 2337 746 2410 psalterium
761 2341 791 2393 et
815 2337 970 2408 citharam,
1027 2335 1167 2392 manibus
1182 2334 1207 2389 ei
1223 2335 1260 2389 ud
1275 2334 1453 2406 voluptatem
1469 2338 1569 2394 omnia
1589 2337 1805 2411 suppetebant:
1825 2343 1856 2398 et

140 2437 171 2490 ct
185 2429 439 2488 delectanturvoce
447 2425 565 2500 psalmi.
577 2425 970 2484 Consummaverunteutem
1027 2421 1165 2479 conscius
1181 2421 1340 2495 impietatis
1356 2439 1415 2478 suae
1430 2426 1516 2490 errius
1530 2441 1616 2497 poena
1645 2429 1853 2500 sequestrata.

140 2521 173 2576 in
190 2518 274 2576 bonis
287 2518 378 2574 vitem
392 2532 490 2583 saara,
506 2515 536 2572 in
552 2515 653 2585 requie
668 2520 769 2571 autem
785 2515 892 2572 interni
907 2515 972 2572 dor·
1027 2517 1087 2578 tur,
1104 2509 1227 2581 putabat
1240 2510 1317 2582 quod
1334 2510 1412 2566 Deus
1426 2512 1586 2584 impiorum
1601 2515 1712 2573 scelera
1726 2532 1785 2574 non
1809 2520 1853 2575 vi-

142 2609 275 2666 mierunt
288 2606 346 2678 (lot
359 2621 419 2672 ιιι,
434 2604 466 2678 ll
485 2603 540 2675 13).
559 2623 573 2652 ιι
591 2601 744 2676 Distingue
758 2601 830 2668 bac,
846 2607 874 2660 et
901 2602 972 2676 quia
1027 2601 1117 2656 deret.
1367 2657 1372 2668 ⁴

140 2696 285 2772 spiritalis
296 2712 339 2762 es,
354 2693 494 2766 dijudica.
512 2691 600 2766 lmpii
615 2689 692 2746 sicut
702 2691 802 2748 eterni
817 2696 970 2762 suntuna
1064 2690 1108 2743 18.
1125 2687 1198 2742 lluic
1213 2703 1281 2759 ergo
1295 2687 1426 2759 opinioni
1442 2690 1507 2760 ejus
1522 2692 1673 2764 respoudit
1682 2694 1740 2766 (17)
1765 2710 1850 2753 sanc·

139 2785 245 2844 aetarni
262 2784 349 2856 ;quia
363 2800 420 2838 nou
437 2785 564 2854 possunt
579 2779 770 2836 eternitatem
785 2782 918 2854 accipere
933 2781 972 2836 ab
1026 2782 1077 2834 tus
1090 2776 1164 2831 Jub:
1180 2775 1243 2832 Noli
1259 2793 1323 2832 case
1337 2791 1459 2833 securus
1474 2778 1691 2848 acdiasolutus,
1701 2783 1854 2845 estimans

140 2892 176 2934 eo
193 2873 246 2948 qui
260 2872 368 2930 nonsit
382 2876 519 2926 eternus.
536 2869 599 2924 Non
614 2884 683 2942 ergo
700 2873 795 2942 potest
805 2869 876 2926 dara
890 2869 971 2942 quod
1027 2865 1107 2938 qnod
1123 2863 1159 2920 ad
1175 2869 1203 2920 te
1214 2864 1244 2920 in
1258 2864 1313 2920 boc
1328 2864 1392 2937 ipsc
1407 2867 1514 2922 seculo
1529 2867 1645 2925 Domini
1660 2869 1777 2944 flagella
1791 2887 1850 2930 non

141 2981 205 3022 non
219 2961 316 3036 habet,
332 2976 386 3018 nec
399 2962 496 3032 potest
509 2956 679 3014 illuminare
694 2956 745 3030 qui
761 2973 819 3014 nou
840 2959 972 3031 possidet
1025 2954 1155 3010 veniant.
1172 2975 1186 3003 ιι
1203 2953 1410 3011 Verumtamen
1429 2955 1518 3011 etiam
1548 2957 1708 3031 impiorum
1731 2960 1853 3020 lucerna

138 3044 632 3120 lucemtsodtransssguratsein
658 3043 795 3118 angelum
825 3046 911 3114 lucis,
937 3049 971 3102 ut
1027 3041 1226 3114 exstinguitur
1240 3043 1298 3110 (tob
1313 3059 1371 3108 aar,
1387 3044 1478 3115 17);ιι
1489 3046 1525 3101 atl
1542 3050 1661 3120 tempus
1674 3048 1763 3121 lucet,
1792 3066 1851 3110 nnn

138 3140 269 3214 decipiat
282 3135 457 3196 incredulos.
472 3133 676 3206 Transfigurat
690 3138 788 3191 autem
799 3152 831 3191 se
846 3135 969 3194 simula·
1027 3131 1119 3190 babet
1132 3131 1231 3187 lanian
1247 3136 1387 3188 eternum
1405 3149 1412 3198 ;
1428 3137 1457 3189 et
1472 3132 1546 3204 ipsis
1560 3136 1695 3208 utramvis
1707 3139 1849 3198 seculum

138 3231 222 3287 tione
235 3227 314 3284 false
327 3225 413 3292 lucie,
431 3241 488 3280 non
508 3220 663 3296 splendore
678 3229 822 3295 perpetue
852 3223 968 3282 clarita·
984 3200 1006 3270 C
1026 3221 1132 3289 faveat,
1147 3220 1217 3293 quia
1231 3221 1296 3293 ejus
1310 3222 1360 3294 qui
1375 3220 1571 3294 principatum
1587 3225 1675 3283 babet
1689 3227 1718 3282 in
1730 3222 1784 3287 hoc
1798 3248 1850 3288 se·

139 3321 191 3377 tis.
203 3317 284 3374 Unde
293 3323 322 3372 et
332 3311 514 3372 Salvatorait
525 3328 532 3366 ε
545 3333 559 3361 ιι
570 3308 711 3365 Videbam
730 3310 869 3368 Seianam
892 3311 970 3370 sicut
1025 3310 1102 3374 culo,
1117 3308 1227 3365 iaciunt
1241 3308 1430 3378 voluntatem,
1444 3310 1518 3367 solet
1532 3314 1629 3371 venire
1652 3332 1751 3374 rerum
1780 3335 1848 3376 con-

138 3407 244 3480 lulgur
255 3403 407 3462 cadentem
419 3401 454 3457 de
464 3398 536 3456 coelo
547 3398 622 3470 (Luc.
633 3413 661 3464 x,
674 3397 727 3466 18).
754 3419 768 3448 ιι
794 3397 853 3456 Nec
870 3400 969 3474 lulgur
1024 3396 1131 3463 versio,
1148 3402 1177 3454 et
1190 3397 1306 3454 dolores
1320 3397 1357 3454 ab
1374 3399 1456 3456 iraet
1471 3400 1672 3474 indignatione
1685 3405 1805 3478 coelasti,
1816 3413 1851 3464 ut

138 3497 197 3561 est,
212 3491 262 3549 sed
274 3491 351 3548 sicut
361 3488 469 3562 fulgur.
483 3484 643 3542 Considera
657 3482 828 3541 hereticum
840 3486 970 3560 aliquem
1025 3484 1213 3552 ventilantur,
1229 3487 1307 3542 sicut
1322 3486 1410 3557 pelea
1426 3505 1442 3542 a
1458 3494 1552 3547 vento.
1569 3491 1675 3564 Iniusti
1689 3495 1767 3554 sicut
1788 3495 1850 3570 pal·

138 3583 289 3638 intentum
301 3574 484 3635 abstinentie
495 3573 637 3647 corporis,
648 3575 677 3627 et
686 3573 848 3646 cognitioni
868 3575 968 3632 coeles·
1026 3592 1067 3632 es
1081 3572 1270 3644 ventilantur,
1281 3575 1356 3644 justi
1372 3575 1450 3631 sicut
1464 3577 1606 3636 triticum.
1621 3582 1754 3656 Denique
1780 3579 1852 3644 sudi

138 3671 218 3728 tium
234 3671 497 3732 sacramentorum,
509 3663 586 3720 siout
608 3665 735 3717 eternus
762 3667 894 3734 putetur,
911 3681 970 3722 non
1026 3665 1172 3722 dicentem
1183 3663 1267 3720 Petro
1277 3663 1435 3721 Dominum
1448 3684 1454 3720 z
1468 3689 1482 3717 ιι
1491 3667 1562 3725 tlcca
1569 3673 1692 3729 Satanae
1715 3673 1854 3747 expetivit

139 3759 233 3816 habet
247 3762 360 3814 aeterne
376 3754 441 3812 vite
462 3748 641 3824 stipendium
658 3767 665 3817 ;
683 3749 752 3820 quia
767 3749 971 3810 talsamhabet
1025 3769 1088 3820 vos,
1104 3757 1138 3809 ut
1155 3752 1275 3809 ventilet
1290 3753 1367 3810 sicut
1380 3752 1510 3810 triticum
1528 3772 1535 3811 ι
1558 3772 1612 3830 ego
1627 3764 1726 3816 autem
1754 3757 1853 3838 regavi

139 3846 351 3912 imitationem,
369 3841 420 3916 qui
435 3841 501 3896 tidci
518 3855 576 3895 uon
592 3837 680 3894 hebet
694 3838 856 3896 veritatem.
875 3841 971 3915 Hujus
1027 3857 1080 3916 pro
1094 3847 1134 3909 te,
1151 3846 1257 3898 utnon
1273 3839 1390 3898 deficiat
1404 3842 1477 3900 fides
1489 3847 1626 3912 tuamne.
1642 3848 1851 3923 xx11,tl,32).»

139 3934 259 4010 parvuli
273 3933 389 3998 ludunt,
399 3930 477 3986 sicut
490 3927 540 3986 illa
552 3942 615 4000 qua
627 3941 693 3981 cum
703 3923 850 3986 luxuriata
871 3931 970 4000 tuerit,
1029 3930 1173 3988 Deficiunt
1187 3929 1229 3986 illi
1245 3929 1296 4003 qui
1311 3928 1388 3986 sicut
1401 3929 1490 4003 palera
1504 3930 1696 3991 ventilantur:
1713 3951 1771 3992 nou
1781 3935 1851 3994 dell·

140 4024 255 4082 nnbere
269 4021 340 4078 volt.
358 4018 518 4076 Luxuriata
532 4017 576 4074 est
590 4015 620 4070 in
637 4013 775 4086 psalterio
790 4025 820 4072 et
846 4018 971 4082 cithara,
1027 4019 1067 4076 cit
1081 4019 1131 4091 qui
1147 4019 1182 4074 ad
1199 4018 1424 4076 similitudinem
1438 4017 1517 4076 illius
1531 4021 1615 4094 grani
1630 4012 1685 4090 est,
1702 4023 1780 4096 quod
1806 4041 1852 4082 ce-

138 4114 171 4170 id
189 4117 246 4178 est,
262 4111 291 4167 in
307 4126 379 4166 sono
395 4106 484 4172 vocis,
498 4121 556 4162 non
572 4093 824 4160 saciemcutorum
851 4107 971 4180 prolun·
1027 4107 1098 4164 cidit
1109 4112 1139 4164 et
1152 4108 1323 4175 resurrexit,
1338 4107 1534 4182 plurimorum
1550 4110 1853 4171 fructuumaccessio-

139 4204 180 4258 dc
199 4220 206 4268 ;
224 4204 256 4255 ut
270 4198 357 4254 labiis
372 4194 538 4260 resultaret,
555 4209 614 4248 uon
630 4190 659 4245 iu
674 4192 763 4248 corde
778 4194 932 4252 conterret.
1028 4195 1275 4255 accumulatum.
1292 4196 1358 4254 ldeo
1381 4197 1452 4254 dicit
1478 4198 1674 4272 prophetoz«
1704 4199 1766 4258 Heu
1794 4217 1853 4271 me,

431 4281 508 4340 868
534 4277 651 4365 CAPUT
663 4277 696 4333 V.
1030 4285 1099 4360 quia
1114 4286 1208 4342 lactus
1223 4303 1289 4342 sum
1305 4286 1383 4342 sicut
1396 4286 1445 4358 qui
1463 4285 1575 4360 colligit
1589 4287 1765 4363 stipulamin
1775 4306 1853 4350 mes·

141 4363 246 4432 ¹¹⁷²l’2'03
263 4360 293 4414 ²³³
309 4357 385 4414 ⁶⁰²²&
400 4354 497 4413 ‘mli
515 4351 704 4422 finmv'mm’
720 4352 747 4404 Μ
768 4359 862 4434 imma
879 4357 974 4427 reim
1029 4391 1061 4431 se
1076 4374 1166 4446 (llicit.
1183 4391 1234 4442 vu,
1251 4375 1278 4444 1)
1294 4376 1300 4429 1
1318 4398 1332 4426 ιι
1348 4375 1468 4447 Stipulie
1483 4375 1575 4447 igitur
1595 4392 1660 4448 que
1674 4377 1733 4435 cito
1756 4379 1852 4436 eauri-

180 4421 972 4574 11111111111111111111111111111111111
1032 4461 1499 4536 ιιι»111111ιοωιιιιιιιιι
1526 4463 1648 4536 rusori·
1679 4466 1745 4522 un
1773 4471 1853 4540 ιιιι

162 4572 166 4580 ’
179 4573 318 4646 punientis
344 4585 406 4644 pree
487 4568 536 4622 tto.
575 4565 652 4620 lianc
679 4567 829 4620 amentium
858 4551 1261 4630 reotccitssquamdinitz«
1277 4550 1770 4628 llruotsicutpaleeaventcilcb
1793 4571 1852 4624 nar,

181 4648 295 4702 senatres
310 4643 362 4710 vir,
392 4655 462 4712 acpp
476 4639 560 4693 ictam
587 4639 613 4691 rt
630 4649 757 4760 frum
783 4639 810 4690 et
835 4640 975 4694 abraam
1029 4641 1086 4708 18),
1101 4661 1116 4690 ιι
1132 4639 1282 4694 subtexuit
1295 4639 1473 4695 versiculum
1496 4641 1575 4700 801)
1601 4645 1700 4700 statim
1728 4644 1853 4702 dicens:

182 4717 371 4797 preparatum
386 4709 613 4793 maeudeclerocs.
648 4721 705 4773 cm,
730 4709 900 4802 enumeratis
927 4724 973 4792 ee·
1029 4750 1044 4778 α
1060 4728 1208 4784 punient
1222 4725 1318 4798 pulvis
1333 4745 1420 4799 quem
1436 4729 1559 4786 abstulit
1583 4735 1687 4788 vontus
1716 4731 1818 4803 (mat).
1837 4753 1854 4782 a

165 4803 250 4930 '222
262 4778 740 4923 {fffflawssfflffim
751 4779 974 4921 12139208Ἧῇ
1030 4815 1209 4915 Deniquaut
1223 4830 1382 4887 cognoscas
1397 4816 1466 4914 quia
1481 4817 1591 4892 impius
1605 4819 1682 4875 sicut
1696 4817 1792 4891 pulvis
1812 4820 1853 4874 ci-

183 4931 324 5002 piantium
338 4942 422 4998 quom
435 4925 481 4979 itti
493 4922 680 4988 desererem,
694 4918 852 4976 secandam
865 4937 915 4978 ιω,
930 4921 975 4978 ap.
1030 4910 1059 4961 to
1073 4905 1184 4960 fatiscit
1197 4908 1286 4975 atque
1300 4910 1457 4972 evanescit,
1473 4905 1564 4962 habes
1579 4906 1608 4960 in
1629 4905 1723 4978 primo
1738 4905 1853 4980 psalmo

187 5001 325 5056 bcrtmar.
1030 4991 1141 5049 dictum
1158 5010 1165 5048 :
1183 5015 1197 5042 ιι
1213 4992 1276 5048 Νοιι
1291 4994 1334 5050 sic
1349 4993 1443 5065 impii,
1459 5011 1516 5050 non
1533 4995 1576 5051 sio
1595 4995 1682 5065 (Ptol.
1711 4995 1750 5062 l),
1780 5018 1792 5045 ι
1821 4994 1852 5054 id

183 5090 229 5144 17.
247 5083 420 5158 Huiusmodi
436 5082 536 5155 itaque
550 5080 580 5137 in
596 5081 681 5138 bonis
704 5079 804 5137 saculi
833 5095 971 5136 consum-
1029 5085 1085 5149 est,
1102 5096 1160 5136 non
1176 5079 1253 5136 sicut
1263 5081 1336 5152 justi
1354 5081 1434 5154 (18);
1461 5103 1476 5132 ιι
1493 5082 1543 5137 sed
1569 5084 1709 5154 tanquam
1742 5083 1850 5155 pulvis,

144 5179 304 5235 mavarnnt
319 5173 407 5230 vitam
423 5187 508 5228 suam
524 5171 588 5241 (lob
608 5185 668 5236 uxr,
684 5170 741 5242 13),
771 5168 846 5224 hanc
877 5168 976 5240 utique
1029 5185 1118 5242 quam
1133 5169 1250 5243 projicit
1263 5168 1487 5225 ventuaaiacie
1501 5174 1582 5224 terre
1596 5169 1697 5241 (leid).
1714 5191 1728 5220 ιι

145 5279 241 5340 quam
253 5261 399 5332 vivebant,
415 5275 474 5317 non
489 5257 570 5314 illam
587 5257 673 5328 cujus
687 5256 851 5313 mercedem
875 5270 974 5328 spera·
1066 5258 1110 5312 19.
1128 5257 1241 5314 11111111
1254 5257 1459 5313 discretionem
1474 5255 1847 5333 interjustumetimpium.

144 5356 224 5412 bant
238 5369 245 5420 ς
262 5355 290 5408 et
303 5351 368 5407 ideo
384 5350 414 5405 in
430 5347 529 5421 requie
544 5345 652 5404 inferni
667 5344 859 5414 dormierunt,
877 5343 975 5400 nonin
1031 5368 1046 5398 ιι
1067 5346 1129 5417 Hic,
1144 5368 1159 5398 ιι
1168 5345 1276 5418 inquit,
1295 5367 1308 5395 ιι
1324 5344 1449 5400 moritur
1463 5343 1493 5398 in
1508 5344 1707 5418 simplicitatis
1722 5364 1782 5405 sue
1798 5366 1851 5423 pc·

185 5509 244 5584 (ld)
261 5509 343 5566 Rom.
360 5511 441 5577 edit,
457 5511 483 5566 si
497 5509 634 5566 alaternus
648 5509 674 5565 ei
690 5503 777 5574 ,ulier
807 5523 874 5564 cum
903 5523 973 5566 mss.
1029 5506 1097 5567 solet
1111 5507 1202 5565 rotie
1217 5523 1310 5562 rerum
1323 5504 1471 5562 subversio.

148 5583 304 5648 omnibus,
319 5584 345 5638 rt
358 5583 532 5666 obsecrentur
546 5595 621 5665 etrus.¹
793 5650 798 5662 ι
891 5649 896 5662 Ι
1066 5582 1123 5666 (18)
1138 5581 1169 5638 ld
1183 5588 1232 5648 est,
1249 5595 1303 5634 ιιοιι
1316 5579 1386 5633 sicut
1395 5577 1467 5652 jetti
1483 5593 1489 5632 :
1513 5576 1573 5635 hac
1599 5581 1685 5637 verbe
1713 5581 1742 5638 in
1766 5581 1850 5642 Rom.

187 5649 817 5734 (1880111181,ιιιιιι1ιιειμιινιιροιιι111
834 5649 870 5706 m
889 5649 975 5719 mira,
1030 5653 1100 5712 edit.
1117 5655 1247 5710 resecata
1261 5649 1387 5707 fuerant.

313 5779 444 5849 Person
469 5779 548 5852 xiv.
618 5851 622 5854 ,
1652 5777 1693 5850 tt
