4159 6184
148 317 201 380 ιιι
750 317 866 382 crana
888 317 939 381 oo
960 275 1245 383 ιιοιιοίιοιιιιο.
1774 287 1845 389 xtiras

149 449 237 517 tible,
249 449 439 524 autoithare,
449 454 501 509 ant
515 451 627 526 organi,
643 465 721 522 voce,
737 455 833 525 gestu,
848 451 965 509 allectu-
980 455 1009 524 Α
1023 451 1158 510 sublimis
1174 455 1221 509 est
1233 455 1378 511 sententio
1392 455 1523 529 Apostoli
1542 455 1675 525 dicentis,
1692 458 1769 530 quod
1787 476 1845 518 non

149 556 201 612 que
216 540 406 614 compatitur,
417 542 447 598 in
472 541 607 600 tristibus
621 542 701 600 sonis
712 541 833 609 tristior,
850 541 879 596 io
895 540 968 597 latis
1022 539 1118 596 solum
1132 539 1154 595 ii
1167 540 1216 614 qui
1231 541 1375 616 flagitioso
1388 548 1489 619 agunt,
1506 545 1556 602 eed
1574 546 1664 602 etiam
1679 545 1730 618 qui
1745 563 1779 605 ea
1793 565 1845 621 ap·

147 627 247 694 letior,
261 629 292 685 in
307 630 487 688 acutioribus
502 629 663 698 excitatior,
679 630 708 686 in
720 629 793 704 ipsis
801 629 967 686 mitioribus
1021 629 1157 703 probant,
1173 629 1254 703 digni
1267 636 1360 689 morte
1370 638 1440 690 sunt
1450 635 1536 705 (Rom.
1554 653 1572 703 ι,
1587 635 1652 707 3ι)ι
1668 635 1720 691 aed
1736 640 1765 692 ot
1778 636 1846 694 illos

147 717 243 774 mitior
258 720 345 790 atque
361 718 562 789 mansuetior;
589 722 623 775 ιιι
637 735 726 776 sonos
751 720 891 776 cantuum
905 717 969 790 ipso
1022 718 1072 792 qui
1088 716 1159 774 talia
1170 719 1366 776 condemnant
1380 720 1411 776 in
1426 720 1493 778 aliie
1506 722 1605 795 qualia
1612 722 1671 797 ipsi
1680 728 1783 798 agunt,
1800 725 1845 782 in·
1951 729 1958 742 '

148 805 339 876 commendet,
365 809 393 863 et
408 808 625 880 quodammodo
648 805 816 866 moduletur
834 806 967 864 affectus.
1022 806 1203 864 excusabiles
1225 806 1337 877 haberi,
1354 812 1386 865 ut
1411 813 1441 866 ot
1462 828 1518 867 aua
1531 812 1687 869 damnatos
1701 814 1847 872 sententia

147 894 248 952 Anima
262 909 380 968 quoque
393 895 423 952 in
439 895 494 953 hoc
509 913 629 970 corpore
643 901 786 970 tanquam
805 895 837 953 in
859 895 968 952 fidibus
1023 893 1111 966 (Rom.
1128 913 1159 961 11,
1178 894 1214 966 1).
1229 896 1301 953 Cum
1317 897 1478 956 animalioe
1499 900 1706 970 condemnant,
1719 918 1752 959 se
1765 902 1847 977 ipsos

148 982 277 1052 musicis,
294 999 360 1056 que
375 983 474 1042 sobria
487 989 533 1044 est
547 989 646 1044 ιοοιοιι
667 985 805 1056 summis,
821 989 854 1042 ιιι
867 985 909 1042 ita
923 983 968 1040 di·
1022 983 1230 1040 condemnant.
1247 984 1305 1042 Nec
1327 985 1382 1043 sibi
1408 1002 1458 1044 eos
1474 987 1599 1045 blandiri
1617 993 1761 1061 oportere,
1777 992 1848 1064 quia

148 1087 221 1138 eam,
231 1070 334 1144 digitis
343 1069 424 1129 velut
433 1089 588 1132 nervorum
613 1089 711 1143 sonos,
728 1074 770 1144 ita
793 1072 892 1146 pulsat
905 1088 968 1130 car·
1023 1088 1177 1145 penarum
1187 1073 1225 1130 ad
1240 1076 1358 1148 tempos
1382 1074 1531 1132 immunes
1545 1076 1690 1147 videntur,
1706 1083 1735 1136 et
1748 1095 1846 1136 exsor-

147 1158 293 1220 nisistius
308 1160 473 1233 passiones,
498 1165 532 1218 ιιι
557 1177 719 1220 consonum
736 1162 839 1219 reddat
852 1177 968 1218 morum
1023 1164 1068 1217 tes
1080 1164 1189 1231 reatus,
1205 1177 1273 1218 oum
1289 1163 1436 1236 graviores
1447 1181 1548 1238 prenae
1559 1165 1846 1240 intraseluantl20),

147 1252 231 1320 atque
253 1246 397 1305 virtutum
422 1249 710 1324 consentientemque
735 1253 919 1318 concentum,
935 1251 969 1305 ut
1022 1251 1052 1306 et
1066 1249 1123 1306 sibi
1138 1250 1179 1306 rei
1194 1250 1265 1321 sint,
1281 1253 1332 1325 qui
1348 1252 1416 1308 aliie
1432 1270 1489 1310 non
1506 1254 1653 1323 videntur,
1668 1259 1756 1328 atque
1770 1255 1800 1313 in
1817 1273 1848 1314 se

146 1336 175 1392 in
190 1336 328 1394 omnibns
343 1337 571 1412 cogitationibus
587 1337 660 1404 suis,
676 1339 706 1396 in
722 1337 968 1412 omnihusoperi-
1023 1336 1212 1411 intorqueant
1243 1340 1406 1412 graviorem
1439 1342 1623 1399 conscientie
1661 1343 1846 1414 sententiam,

145 1427 198 1484 boe
209 1425 238 1482 id
252 1426 408 1496 custodiat,
425 1431 458 1484 ut
468 1427 701 1485 omniaconeilia
713 1429 826 1486 etincta
837 1427 968 1485 sibicon·
1023 1442 1090 1482 cum
1106 1426 1142 1483 ds
1155 1425 1279 1484 aliorum
1294 1428 1420 1502 pcccatis
1432 1429 1638 1501 judicant.Sed
1653 1430 1724 1500 noli,
1735 1432 1846 1506 inquit,

145 1515 254 1572 cinant.
270 1513 377 1573 Anima
391 1519 436 1572 cst
458 1533 527 1590 ergo
552 1533 617 1590 qua
641 1515 744 1590 utitur,
769 1533 875 1591 corpus
891 1514 970 1589 quod
1024 1513 1102 1586 (ibid.
1133 1517 1171 1584 t),
1191 1532 1208 1569 ο
1232 1515 1332 1582 homo,
1357 1516 1460 1573 divina
1483 1517 1622 1575 bonitatis
1646 1524 1675 1576 et
1703 1520 1848 1594 patientia

145 1602 211 1660 usui
226 1606 274 1660 est
286 1603 363 1676 (18),
392 1620 425 1660 ac
441 1619 494 1677 per
514 1603 569 1662 hoc
593 1604 673 1662 aliud
696 1606 773 1678 quod
789 1605 819 1662 in
835 1602 968 1678 imperio,
1023 1601 1179 1659 thesauros
1201 1608 1405 1673 contemnerc;
1432 1605 1548 1662 bonitas
1573 1607 1653 1664 enim
1669 1608 1721 1665 Dei
1736 1610 1773 1666 ad
1788 1627 1848 1683 pos·
1949 1607 1953 1612 ’

149 1691 228 1748 aliud
238 1691 318 1765 quod
328 1691 358 1748 in
369 1690 552 1749 ministerio:
569 1691 649 1749 aliud
665 1695 742 1767 quod
758 1710 874 1760 sumus,
890 1692 969 1749 aliud
1024 1689 1180 1747 nitentium
1203 1696 1231 1747 te
1257 1697 1405 1766 provocat,
1431 1695 1466 1750 ad
1492 1695 1701 1754 correctionem
1725 1697 1847 1755 invitat:

146 1781 226 1854 quod
239 1784 373 1836 nostrum
397 1785 450 1838 est.
467 1781 498 1838 Si
513 1781 581 1854 quis
596 1782 700 1839 anima
721 1781 970 1866 pulchritudinem
986 1822 1011 1889 B
1025 1777 1135 1835 duritia
1149 1783 1246 1836 autem
1271 1783 1332 1849 tua,
1355 1798 1414 1854 qun
1434 1783 1464 1836 in
1479 1784 1587 1840 erroris
1609 1784 1770 1856 pertinacia
1784 1803 1850 1859 per·

144 1867 252 1944 diligit,
269 1885 322 1926 nos
332 1866 428 1942 diligit
439 1885 446 1925 ι
459 1870 485 1926 si
498 1869 565 1942 quis
578 1871 709 1944 corporis
719 1862 852 1928 deodrbhr
864 1869 970 1944 diligit,
1027 1881 1154 1932 severas,
1161 1866 1365 1940 suturijudicii
1375 1874 1464 1944 auget
1470 1871 1666 1941 severitatem,
1682 1877 1716 1930 ut
1730 1873 1851 1947 dignam

142 1974 202 2014 non
218 1955 320 2031 ipsum
334 1957 496 2026 hominem,
512 1958 563 2016 sed
578 1959 675 2017 carnis
699 1959 796 2034 diligit
809 1959 973 2033 pulchritu-
1028 1952 1250 2012 retributionem
1265 1961 1384 2014 tuorum
1400 1959 1526 2031 accipias
1541 1958 1725 2018 delictorum.

144 2046 256 2117 dinem,
271 2062 334 2118 que
348 2051 446 2104 temcn
461 2046 519 2104 cito
535 2047 691 2106 marcescit
704 2051 733 2104 et
746 2047 862 2106 delluit.
1063 2043 1108 2100 30.
1134 2043 1196 2101 Νοο
1223 2043 1313 2118 igitur
1335 2061 1415 2103 mors
1430 2047 1552 2104 malum
1569 2048 1643 2108 Nam
1663 2066 1759 2123 neque
1772 2053 1851 2126 apud

176 2135 225 2190 28,
253 2133 335 2191 Unde
355 2133 397 2191 illi
420 2136 549 2206 intende,
575 2136 612 2192 de
637 2153 694 2210 quo
718 2136 790 2194 dicit
809 2137 972 2212 Propheta:
1027 2131 1158 2192 viventes
1181 2149 1260 2191 mors
1283 2139 1337 2205 eat,
1363 2152 1459 2209 neque
1481 2137 1560 2210 apud
1584 2137 1756 2198 destinatos:
1774 2143 1851 2216 apud

132 2224 196 2293 ¹Qui
220 2239 277 2281 ιιοιι
299 2225 403 2298 occepit
432 2226 463 2280 ic
490 2241 594 2282 onnam
624 2227 749 2282 animam
777 2244 857 2284 utam
888 2226 973 2299 (Psoi.
1029 2220 1256 2279 alioeenimnon
1271 2229 1326 2291 eet,
1343 2224 1519 2298 quiaodhue
1533 2225 1643 2296 vivunt,
1660 2226 1710 2284 alii
1725 2229 1852 2286 transie-

140 2330 225 2380 ιιιιιιι,
241 2313 280 2386 i).
300 2314 331 2370 Io
345 2329 454 2370 vanum
470 2313 583 2387 accepit
608 2313 741 2372 animam
756 2332 839 2372 suam
856 2315 900 2388 (nt
910 2315 974 2386 jam
1028 2314 1107 2366 runt.
1124 2310 1225 2384 ltaque
1250 2329 1345 2386 neque
1359 2314 1437 2388 apud
1461 2331 1512 2371 eos
1537 2331 1637 2372 amara
1658 2322 1703 2375 est
1718 2318 1784 2389 (21),
1800 2318 1852 2392 qui

140 2402 178 2458 de
192 2401 289 2474 hujus
317 2401 384 2458 vita
407 2400 542 2458 dicamus
569 2401 725 2478 molestiis)
749 2404 800 2477 qui
824 2403 975 2462 saecularia
1029 2414 1094 2454 eum
1109 2398 1205 2456 adhuc
1220 2401 1365 2467 nesciunt.
1380 2402 1435 2458 hoc
1457 2403 1521 2476 ipso
1545 2405 1616 2477 quia
1632 2407 1785 2478 nesciunt3
1802 2424 1854 2466 ne-

128 2490 249 2560 ,struit,
264 2489 390 2556 edificat
402 2491 479 2548 ⁴⁰2
501 2491 673 2565 corporalia.
689 2492 822 2557 Quotidie
837 2492 873 2549 ad
887 2492 976 2550 aden·
1029 2502 1086 2559 que
1105 2488 1181 2561 apud
1198 2505 1248 2545 cos
1263 2489 1314 2563 qui
1336 2491 1400 2561 jam
1423 2495 1453 2546 et
1474 2494 1637 2549 secundum
1656 2511 1763 2566 corpus
1778 2497 1852 2554 nihil

140 2581 218 2636 dum
233 2579 432 2638 etbibendum
449 2579 610 2654 surgimus,
626 2585 656 2637 et
670 2579 770 2638 nullus
785 2580 926 2655 expletor,
943 2583 977 2636 ut
1030 2575 1171 2645 sentiunt,
1186 2581 1216 2634 et
1226 2579 1389 2635 secundum
1406 2579 1535 2637 animam
1551 2580 1667 2640 liberati
1680 2589 1761 2642 sunt.

129 2681 207 2730 'oon
225 2671 293 2742 post
307 2673 490 2726 momentum
506 2668 618 2726 esuriat
633 2685 666 2726 ao
681 2669 772 2727 sitiat.
789 2668 921 2736 Quotidie
930 2667 976 2725 lu·
1296 2668 1373 2724 m
1385 2668 1503 2725 CAPUT
1512 2668 1585 2726 VlIl.

142 2773 237 2816 crum
250 2756 422 2831 querimus,
438 2761 467 2814 et
482 2756 582 2815 nullus
597 2755 750 2832 cupiditati
764 2759 869 2818 modus
892 2758 975 2832 poni·
1030 2752 1107 2808 Nihil
1129 2754 1241 2811 terroris
1268 2755 1368 2839 lohere
1392 2758 1480 2829 ipram
1507 2762 1631 2842 mortem,
1661 2759 1707 2816 red
1728 2763 1853 2833 apionem

130 2852 208 2908 tur.
226 2845 290 2902 lton
312 2845 469 2914 ιοιιοιίιιιν,
489 2845 596 2919 inquit,
623 2847 717 2904 oculus
739 2849 812 2918 cisa,
835 2863 886 2904 nec
899 2849 977 2904 auris
1066 2823 1099 2880 α’
1112 2828 1200 2881 ''¹⁰⁷‘ss
1221 2833 1320 2882 ‘mm
1343 2843 1419 2889 ³⁵⁵⁶?
1440 2843 1503 2900 113
1526 2830 1634 2901 imm
1654 2833 1747 2903 ⁰l’2'722'0
1761 2834 1797 2890 1111
1811 2836 1852 2891 vi·

146 2935 252 2992 aurato
267 2934 365 3008 (erra
380 2951 400 3003 1,
417 2933 456 3006 a).
473 2934 526 3001 our
541 2933 637 3008 diligit
646 2939 811 3010 οιςοιιιω,
823 2953 881 2994 non
892 2936 978 2994 satir·
1067 2896 1795 3043 mfflssigfssffissffigffffiffl
1803 2905 1853 3032 ig]

130 3029 201 3080 ¹tur
216 3027 348 3096 argento.
362 3021 467 3080 Nullus
483 3021 551 3080 tinis
563 3021 682 3092 laboris,
699 3027 728 3080 et
743 3024 844 3082 nullus
858 3029 903 3083 est
917 3024 976 3081 iru-
1066 3039 1215 3106 rumonus,
1238 3039 1287 3096 ,ea
1306 3044 1461 3113 prmum
1483 3044 1515 3098 Β,
1541 3044 1589 3100 ιο)
1604 3046 1765 3104 auctoritare
1778 3063 1853 3121 pm.

148 3117 219 3170 otus
235 3110 433 3170 abundantia.
449 3109 590 3184 Gupimue
602 3112 733 3184 quotidie
754 3112 828 3172 scire
843 3129 933 3184 nova,
949 3116 979 3170 et
1067 3109 1185 3166 dicatur.

149 3199 225 3274 quid
247 3204 293 3260 ost
303 3200 370 3275 ipsa
379 3199 512 3266 scientia,
528 3199 586 3257 nisi
595 3200 757 3274 quotidiani
772 3201 881 3259 doloris
896 3202 975 3274 abje-
990 3190 1012 3257 C
1067 3197 1111 3253 31.
1129 3199 1210 3266 Quod
1234 3199 1260 3255 si
1284 3200 1423 3259 terribilis
1443 3202 1521 3273 apud
1536 3203 1665 3261 viventes
1680 3207 1852 3278 estimatur,

149 3289 230 3346 ctio‘l
240 3288 342 3346 Omnia
360 3303 423 3362 quse
442 3292 508 3345 sunt
516 3290 578 3361 jam
591 3292 716 3363 sueram,
730 3298 756 3348 cl
769 3291 843 3348 nihii
857 3291 907 3348 rot
920 3292 976 3349 rete
1031 3302 1091 3343 non
1105 3303 1186 3344 mors
1208 3289 1274 3362 ipsa
1294 3290 1433 3348 terribilis
1447 3295 1501 3360 est,
1516 3291 1566 3348 sed
1585 3293 1684 3366 opinio
1697 3295 1733 3353 de
1749 3301 1853 3366 morte,

144 3382 195 3436 est
216 3394 328 3448 accam,
355 3377 401 3434 scd
426 3378 519 3435 ornain
545 3380 663 3435 vocitas.
692 3381 783 3438 Totam
805 3381 892 3437 vitam
916 3379 977 3438 odio
1019 3390 1121 3448 quam
1146 3377 1350 3452 unusquisque
1365 3397 1417 3453 pro
1432 3395 1487 3436 eno
1508 3380 1722 3459 interpretatur
1734 3386 1852 3455 ellectu,

152 3466 237 3526 Mem·
259 3468 363 3541 (130010,
388 3484 407 3536 ι,
430 3469 456 3536 ιι,
479 3467 533 3530 ιο;
556 3484 586 3534 η,
610 3467 667 3537 47),
684 3468 757 3524 dixit
774 3468 976 3528 Ecclesium.
1032 3467 1083 3520 sut
1108 3481 1161 3537 pro
1186 3481 1241 3521 eoa
1264 3468 1443 3525 conscientia
1456 3470 1661 3542 perhorrescit.
1685 3472 1748 3529 Suo
1763 3473 1854 3547 igitur

155 3557 209 3621 Qui
222 3555 313 3612 vitam
327 3555 394 3613 odio
404 3554 519 3625 hebuit,
534 3561 658 3614 mortem
681 3557 784 3630 utique
798 3557 975 3632 predicavit.
1032 3552 1237 3625 unusquisque
1251 3556 1550 3614 conscientievulnus
1560 3565 1686 3629 accuset,
1703 3579 1760 3618 oon
1776 3579 1854 3619 mor-

158 3644 285 3719 Deniqnc
300 3648 433 3702 mortuos
457 3642 587 3701 laudavit
608 3645 703 3720 magis
727 3662 816 3718 quam
830 3646 976 3717 viventem
1031 3640 1071 3696 tie
1085 3641 1283 3698 acerbitatem.
1308 3643 1439 3717 Denique
1464 3646 1553 3717 justia
1577 3665 1656 3705 more
1684 3651 1790 3723 quietis
1809 3656 1856 3708 eat

158 3736 187 3786 ct
201 3733 282 3790 illum
293 3732 438 3806 judicarit
453 3733 583 3804 beatum,
600 3733 650 3806 qui
672 3733 701 3789 in
716 3733 792 3791 hanc
815 3735 904 3792 vitam
920 3752 977 3792 non
1032 3732 1144 3802 potius,
1160 3732 1332 3789 nocentibus
1348 3733 1534 3807 naufragium
1562 3742 1692 3809 putetur.
1717 3739 1798 3796 Corte
1816 3739 1854 3797 iis

158 3822 246 3890 venit,
271 3839 325 3878 nse
345 3821 464 3879 inanem
487 3821 567 3877 hunc
593 3821 723 3895 suscepit
736 3821 865 3880 lahorem
879 3825 976 3894 (Ereto,
1032 3819 1142 3891 quibua
1155 3819 1251 3893 gravia
1261 3825 1306 3878 est
1315 3822 1404 3879 timor
1415 3823 1529 3893 mortis,
1545 3840 1602 3879 non
1614 3829 1659 3880 ast
1670 3841 1757 3897 mace
1767 3829 1852 3898 mori,

159 3927 199 3978 ιο,
213 3912 252 3984 2).
275 3911 416 3979 circuivit,
441 3910 547 3983 inquit,
569 3925 719 3967 cormeum
741 3915 773 3968 at
786 3913 884 3970 scirem
898 3914 979 3987 impii
1032 3906 1083 3963 ead
1099 3922 1185 3980 grave
1212 3912 1257 3964 est
1281 3909 1374 3967 vivere
1401 3909 1456 3966 suh
1478 3913 1555 3968 meto
1577 3913 1689 3969 mortis.
1707 3914 1768 3969 Non
1785 3931 1853 3988 ergo

158 3999 281 4057 letitiam
301 4000 371 4072 (19),
385 4004 412 4072 et
436 3999 646 4068 considerarem,
661 4007 689 4057 et
705 4017 854 4073 quererem
868 4003 977 4075 sapien·
1033 4012 1112 4053 more
1126 3997 1234 4071 gravis,
1247 3999 1297 4055 sed
1320 4003 1418 4056 metue
1432 3999 1545 4056 mortis.
1569 3999 1664 4057 Metus
1678 4007 1776 4058 autem
1790 4004 1853 4076 opi·

156 4089 231 4158 tiam,
248 4097 273 4146 et
287 4105 443 4158 semrom,
461 4096 487 4144 et
501 4091 531 4144 at
545 4090 644 4146 scirem
664 4105 715 4162 per
738 4093 886 4164 imper-iam
904 4092 978 4150 treti-
1032 4085 1130 4142 aionis
1144 4091 1211 4143 eet:
1240 4088 1338 4161 opinio
1360 4104 1428 4145 vero
1449 4092 1554 4145 nostre
1576 4088 1768 4160 infirmitatis,
1784 4107 1852 4148 con·

158 4178 231 4245 tiam,
246 4186 272 4236 ιι
286 4178 451 4246 molestiam,
465 4181 490 4234 et
500 4179 687 4249 jactationem,
702 4181 728 4235 et
747 4182 841 4238 inveni
856 4195 978 4252 specum
1032 4173 1122 4231 traria
1132 4174 1258 4231 veritati.
1275 4176 1349 4234 Nam
1364 4194 1415 4250 per
1429 4178 1580 4234 veritatem
1603 4177 1707 4247 virtus,
1724 4196 1775 4254 pcr
1788 4180 1853 4254 opi·

158 4270 330 4336 enumerem,
352 4283 435 4339 quam
458 4269 574 4324 mortem
588 4268 692 4338 (Eccle.
715 4269 976 4343 vrr,2e,27)211011
1031 4262 1150 4320 aionem
1174 4262 1341 4320 infirmitas.
1358 4263 1462 4336 Opinio
1489 4269 1659 4321 autemnon
1677 4265 1780 4324 mortis
1795 4267 1853 4324 uti-

158 4356 222 4426 quia
236 4356 385 4416 amaraeit
400 4372 489 4420 mors,
503 4356 553 4413 sed
569 4356 638 4429 quin
650 4355 740 4430 impio
756 4373 854 4415 amare
868 4377 875 4428 ;
889 4362 919 4416 et
934 4362 975 4416 ta·
1031 4369 1098 4425 que,
1115 4352 1166 4409 scd
1177 4353 1241 4409 vite
1257 4356 1311 4410 est.
1336 4353 1409 4426 Ergo
1422 4352 1495 4409 illud
1510 4353 1676 4427 graveriis
1697 4356 1793 4429 magis
1807 4356 1854 4414 in·

157 4459 220 4502 men
235 4446 364 4503 amarior
377 4445 446 4514 vita,
462 4461 551 4519 quem
581 4461 672 4502 mors.
697 4445 820 4504 Gravius
840 4448 975 4505 ostentm
1029 4441 1146 4498 venitur
1159 4456 1233 4498 esse.
1250 4441 1354 4514 Liquet
1368 4441 1457 4514 igitur
1472 4441 1542 4514 quia
1556 4442 1661 4500 mortis
1676 4450 1772 4502 metus
1794 4463 1853 4502 non

158 4533 190 4590 ud
205 4539 358 4609 peccatum
384 4534 490 4607 vivere,
515 4551 604 4608 quam
619 4534 649 4590 in
665 4539 782 4608 peccato
799 4537 890 4608 mori;
907 4537 977 4610 quia
990 4559 1014 4626 D
1029 4530 1066 4588 ad
1082 4534 1205 4588 mortem
1217 4531 1385 4587 referendus
1399 4535 1453 4599 eet,
1469 4531 1520 4587 sed
1531 4532 1679 4591 advitam.
1695 4533 1759 4590 Non
1774 4535 1853 4592 enim

157 4621 263 4697 impius
287 4623 419 4697 quandiu
443 4623 523 4692 vivit,
539 4627 691 4696 peccatum
706 4627 812 4698 auget:
829 4625 853 4683 ei
871 4625 976 4686 moria-
1029 4620 1175 4677 habemus
1189 4620 1266 4692 quod
1291 4619 1322 4676 in
1337 4622 1429 4677 morta
1451 4623 1628 4692 metuamus,
1645 4622 1670 4679 ei
1686 4623 1760 4680 nihil
1774 4625 1852 4697 quod

155 4714 210 4778 tur,
226 4729 347 4786 peccare
361 4711 478 4770 desinit.
1029 4709 1194 4766 timendum
1215 4708 1255 4765 sit
1276 4707 1334 4764 vita
1359 4713 1460 4766 nostra
1480 4709 1638 4767 commisit.
1654 4711 1767 4768 Etenim
1781 4728 1852 4783 pru-

187 4801 233 4858 29.
258 4799 395 4875 Plerique
416 4801 574 4858 criminum
590 4817 712 4859 suorum
728 4802 913 4862 absolutione
926 4804 975 4861 lar-
1029 4798 1169 4854 dentibus
1188 4796 1361 4854 delictorum
1376 4797 1520 4872 supplicia
1530 4799 1631 4856 terrori
1642 4804 1730 4856 sunt:
1746 4795 1851 4856 delicta

154 4894 261 4947 tantur.
278 4889 309 4947 Si
318 4890 502 4948 emendaturi
517 4895 596 4956 eunt,
610 4895 707 4948 recte:
724 4891 750 4948 ai
764 4894 975 4964 perseveraturi
1031 4890 1129 4942 autem
1143 4902 1201 4942 11011
1216 4890 1399 4943 mortuorum
1424 4891 1600 4958 uetuerunt,
1615 4891 1666 4944 aed
1680 4885 1849 4943 viventium.

151 4978 183 5033 in
198 4979 250 5047 eis,
268 4978 375 5046 stu1103
393 4979 464 5052 quis
477 4978 562 5051 longe
577 4977 636 5034 illis
651 4977 719 5052 plus
743 4980 892 5038 damnatio
907 4998 974 5055 pro.
1029 4975 1097 5030 Vita
1109 4975 1200 5048 igitur
1219 4975 1256 5031 ad
1278 4993 1332 5032 nos
1356 4976 1488 5044 refertur,
1505 4977 1589 5046 cujus
1608 4980 1691 5032 actus
1705 4975 1735 5029 in
1751 4979 1851 5033 nostra

149 5065 306 5138 fuissetne
316 5066 635 5132 incrementaiacerent
649 5071 845 5141 peccatorum.
861 5070 902 5127 De
918 5086 975 5143 quo
1029 5067 1173 5138 potestate
1196 5067 1260 5121 est:
1275 5081 1355 5122 mors
1370 5069 1469 5122 autem
1483 5063 1555 5120 nihil
1571 5065 1608 5119 ad
1623 5078 1695 5118 nos:
1713 5066 1758 5119 est
1771 5061 1850 5120 enim

188 5209 245 5283 (18)
260 5201 355 5268 Codex
379 5208 444 5268 Alb.
472 5208 567 5278 ulier„
583 5209 649 5279 Quid
673 5213 886 5285 illittercorpore
900 5215 931 5270 ita
945 5229 975 5272 eo
1029 5205 1109 5264 enim
1138 5205 1193 5275 illi,
1207 5217 1305 5266 astrea
1318 5212 1523 5289 marsedonici<
1536 5211 1690 5276 deperiunt,
1709 5205 1762 5261 sed
1776 5205 1850 5291 forto

148 5281 222 5355 quod
235 5284 354 5339 meteri.
1028 5278 1138 5336 lectum
1163 5284 1208 5335 eet
1231 5279 1268 5334 ab
1298 5279 1451 5334 Ambrosro
1475 5283 1520 5348 ιὺφ
1537 5283 1638 5344 coemo.
1670 5275 1710 5332 lle
1737 5281 1850 5337 auterre

186 5351 244 5424 (19)
268 5353 311 5410 lta
336 5369 441 5410 omnes
464 5368 536 5408 mss.
562 5353 649 5425 atque
663 5353 734 5410 edit.
754 5359 873 5429 excepta
888 5356 971 5414 Rom.
1028 5350 1119 5407 ho'us
1135 5349 1190 5406 loci
1201 5347 1372 5406 differentiis
1386 5347 1434 5404 adi
1448 5345 1521 5401 Nobi
1534 5346 1606 5430 ium.
1851 5419 1855 5428 Ι

149 5423 202 5481 ubi
218 5421 338 5496 leg’tur,
361 5426 391 5480 ut
414 5423 625 5492 considerarem,
644 5431 677 5507 Ιοι
700 5441 851 5509 quererem
864 5443 896 5483 m
915 5429 973 5484 im-
1065 5367 1276 5505 (actaeonem
1297 5434 1380 5487 11181,
1403 5434 1466 5474 111111
1491 5433 1604 5488 timim
1625 5423 1850 5492 10111310111111

147 5498 230 5564 eom,
246 5499 273 5550 et
294 5511 453 5565 cumeram,
475 5500 503 5552 et
525 5496 624 5552 scirem
637 5511 676 5550 rm
695 5497 719 5555 rt
736 5497 874 5556 lectiam.
916 5499 973 5556 uod
1027 5510 1056 5550 ae
1070 5494 1165 5549 locaret.

148 5555 349 5650 quidempro
370 5566 418 5624 ina
443 5565 606 5652 acceditad
627 5512 973 5651 bxiffiquibnstamen
1064 5565 1121 5641 (21)
1147 5563 1255 5619 01111111
1278 5560 1360 5632 edit,
1381 5560 1454 5642 opat
1485 5577 1531 5620 eos
1552 5563 1627 5622 malo
1657 5567 1716 5632 σοι)
1747 5579 1850 5630 omne!

148 5655 220 5706 cum
237 5637 314 5716 alhs,
330 5585 446 5702 simas.
471 5639 619 5722 discrepat
632 5655 663 5702 ιο
674 5654 753 5720 voce,
768 5641 917 5712 latitiomr
931 5641 973 5708 sic
1028 5653 1109 5699 ma...
1123 5649 1220 5696 amoro
1233 5640 1281 5697 ert.
