4159 6184
140 332 187 397 dli
729 327 845 395 nitus
865 331 918 395 Dii
939 324 1047 396 nodo
1067 329 1227 399 Montis.
1770 329 1848 397 dli·
1876 339 1884 345 '

140 469 227 537 noun
240 460 412 543 deglutiunt
427 462 562 525 animam
583 462 711 523 abducat
727 482 743 522 a
758 480 838 534 vero,
864 470 952 540 atque
966 464 996 533 Α
1010 472 1103 527 morta
1130 466 1286 542 amittitur,
1300 464 1354 527 sed
1378 464 1521 541 mustus:
1545 475 1599 521 nec
1621 459 1680 521 ulio
1704 459 1829 537 impedi·

140 556 170 615 ab
181 556 329 622 intentione
345 555 489 613 deflectet.
1006 561 1105 615 mento
1120 558 1225 616 mortis
1237 558 1402 616 retardatur
1416 551 1515 610 anime
1530 570 1537 609 ε
1553 553 1603 609 sed
1620 557 1758 626 operatum
1771 569 1831 610 rna·

163 648 205 713 lt.
229 645 336 703 Multae
361 644 455 719 igitur
478 643 688 717 occupationes
712 644 797 702 nobis
821 645 952 720 corporis
1005 645 1062 715 gis,
1077 648 1372 721 quieopsreturqus
1387 659 1442 699 sue
1456 644 1535 711 sunt,
1551 639 1830 699 sineullasoeietate

141 734 215 808 hujus
226 733 384 793 necessitas
399 731 506 808 gignit,
524 735 613 805 atque
626 749 699 790 usus
710 732 830 801 invehit,
843 732 951 807 quibus
1006 736 1146 808 corporis.
1164 736 1242 810 quod
1262 734 1366 793 animas
1380 730 1484 802 maiori
1499 730 1580 787 oneri
1595 746 1684 805 quam
1694 729 1762 787 usui
1772 735 1829 787 est.

141 823 279 898 impeditur
307 822 414 879 animm
446 821 541 895 vigor,
577 838 611 877 ac
632 827 785 902 revocatur
816 821 950 879 intentio.
1006 820 1079 885 Ouid
1100 825 1193 898 igitur
1211 824 1279 881 mali
1296 820 1470 887 estanirnre,
1488 836 1551 892 que
1572 820 1729 893 puritatem
1744 837 1830 877 suem

143 912 211 971 Unde
227 912 259 969 de
279 926 311 967 ss
333 908 457 983 pulchre
480 909 554 967 dicit
578 913 699 967 sanctus
720 910 795 966 iob:
822 910 952 967 Memento
1006 913 1177 971 custodIerit
1191 917 1221 970 ct
1233 912 1375 968 virtutum
1391 906 1576 981 disciplinam
1586 908 1832 966 servaveritiAut

141 1002 198 1075 quio
215 999 298 1055 luunt
318 1014 363 1055 me
388 999 501 1071 finxisti
524 999 583 1067 (toa
607 1016 636 1066 x,
657 998 695 1072 9).
717 999 747 1055 Si
764 1015 833 1073 ergo
853 998 952 1055 lutum
1006 1000 1031 1055 ai
1048 1000 1288 1066 conservaverit,
1305 1014 1363 1053 non
1379 1012 1458 1051 mors
1473 995 1593 1063 mulum,
1605 997 1654 1054 sed
1668 996 1746 1064 vita;
1762 996 1833 1068 quia

143 1094 297 1161 estcorpus,
313 1086 419 1143 oblinit
432 1103 487 1145 nos
510 1087 623 1161 utique,
640 1104 698 1143 non
715 1086 812 1153 diluit,
829 1091 857 1144 et
871 1086 951 1143 coin·
1005 1088 1064 1144 vita
1079 1108 1137 1147 non
1155 1091 1221 1147 fuit.
1242 1091 1310 1155 Qus
1324 1088 1368 1142 est
1382 1084 1460 1141 enim
1473 1085 1533 1139 vitu
1546 1085 1623 1141 vitiis
1646 1084 1834 1158 peccatisque

143 1175 368 1252 quinatanimam
383 1175 610 1249 inquinamento
633 1176 874 1248 intemperantia.
902 1175 951 1231 Co·
1005 1176 1125 1233 obsita?
1139 1177 1213 1244 Quid
1234 1175 1326 1249 igitur
1339 1188 1513 1229 accusamus
1528 1176 1662 1241 mertem,
1690 1189 1753 1245 qun
1782 1175 1835 1229 aut

143 1269 236 1325 rinnel
248 1281 362 1321 cornmn
375 1280 430 1333 nie,
446 1264 555 1337 inquit,
571 1264 699 1336 induisti,
721 1264 825 1321 ossibus
843 1271 869 1319 et
887 1280 951 1319 ncr-
1006 1262 1072 1320 vitu
1091 1267 1219 1339 pretium
1243 1263 1310 1327 luit,
1330 1265 1381 1316 aut
1400 1260 1497 1317 abolet
1510 1263 1574 1335 ejus
1589 1260 1720 1318 dolorem
1745 1266 1835 1334 atque

143 1355 322 1413 autumnitati
342 1352 424 1425 (ibid.
451 1352 506 1423 li).
528 1351 650 1424 Ligstur
671 1351 771 1424 itaque
792 1356 819 1409 st
842 1351 952 1407 disten·
1006 1353 1306 1423 cruciatumtltaque
1320 1366 1399 1406 mors
1414 1354 1464 1406 sut
1478 1367 1537 1406 suu
1553 1350 1660 1423 quietis
1683 1351 1760 1408 bono
1775 1349 1835 1409 uti·

144 1445 212 1501 ditur
222 1442 316 1521 anima
331 1445 433 1497 nostra
449 1440 536 1497 istius
549 1439 680 1513 corporis
703 1440 811 1507 nervis,
834 1442 862 1495 et
887 1439 952 1495 ideo
1007 1443 1066 1508 tur,
1083 1440 1224 1497 autmalo
1240 1436 1334 1493 alieno
1350 1436 1471 1493 laborat.

142 1532 269 1589 interdum
285 1529 415 1603 rigescit,
438 1545 515 1601 saepe
535 1531 683 1586 curvetur.
706 1529 741 1584 ut
764 1528 893 1597 eddidit;
919 1526 952 1583 ud
1044 1528 1088 1583 il.
1104 1529 1191 1584 Nunc
1206 1524 1278 1581 illud
1295 1530 1410 1595 specta:
1427 1526 1451 1582 si
1467 1525 1525 1582 vita
1540 1527 1630 1595 oneri,
1653 1543 1731 1584 mors
1742 1528 1836 1584 Abso-

142 1622 267 1693 iniqaitute
281 1619 453 1675 innocentem
467 1634 511 1673 me
525 1619 693 1690 confecisti.
713 1617 745 1673 Si
759 1618 834 1673 enim
851 1616 953 1688 impius
1008 1612 1133 1670 tutioni:
1151 1615 1178 1671 si
1194 1614 1255 1669 vita
1273 1612 1427 1686 supplicio,
1452 1631 1530 1673 mors
1559 1615 1710 1673 remedio:
1731 1621 1784 1672 aut
1811 1613 1838 1671 si

140 1713 218 1785 suno,
234 1726 270 1765 uae
284 1707 374 1763 eniti:
399 1708 425 1762 si
440 1714 533 1763 cutem
547 1708 602 1763 sim
612 1709 715 1779 justus,
731 1722 787 1763 non
800 1709 896 1779 potero
910 1719 955 1759 nee
1004 1701 1157 1772 judicium
1169 1705 1238 1775 post
1260 1705 1394 1772 mortem,
1418 1702 1506 1760 etiam
1529 1704 1588 1762 vita
1611 1708 1678 1777 post
1699 1708 1838 1763 mortem.

140 1800 267 1857 rutinae.
282 1797 384 1853 Plenus
398 1796 473 1852 enirn
489 1797 660 1867 confusiones
677 1811 749 1851 sum.
769 1792 954 1851 introduxisti
970 1789 1076 1889 BVita
1088 1788 1186 1861 igitur
1200 1788 1249 1845 hic
1263 1807 1320 1847 uon
1336 1792 1471 1849 sethona
1489 1793 1564 1866 (10):
1588 1797 1639 1849 aut
1661 1792 1686 1850 si
1708 1793 1756 1850 hic
1780 1794 1840 1848 vita

140 1901 263 1962 superm
281 1886 441 1941 tentationes
458 1883 539 1954 (idid.
562 1883 607 1954 ll,
624 1884 679 1955 15).
705 1882 780 1948 Ouid
809 1880 888 1939 enim
912 1883 957 1936 est
1011 1879 1101 1944 bone,
1116 1878 1273 1949 quomodo
1287 1894 1365 1938 mors
1379 1880 1438 1939 illic
1452 1898 1510 1940 uon
1524 1887 1569 1940 ast
1591 1883 1679 1951 bona,
1704 1899 1771 1939 curn
1798 1879 1841 1939 ibi

140 1975 211 2035 aliud
224 1972 348 2031 banvida
362 1972 419 2029 nisi
435 1972 527 2046 plena
536 1970 730 2046 laqueorum?
746 1972 824 2029 luter
835 1970 957 2042 laqueos
1011 1963 1116 2021 nullus
1130 1967 1268 2038 supersit
1281 1969 1414 2028 terribilis
1428 1971 1532 2043 judicii
1556 1972 1676 2030 urstue‘i
1696 1971 1752 2029 Sed
1776 1970 1843 2044 ipsa

140 2062 321 2128 ambulamus,
339 2060 412 2119 inter
428 2060 578 2135 plurimas
591 2076 748 2117 versamur
766 2058 954 2117 tentationes.
1011 2054 1062 2110 bic
1076 2050 1140 2107 vita
1157 2052 1241 2111 bona
1255 2057 1279 2113 si
1299 2065 1353 2127 est,
1376 2061 1482 2133 quibus
1497 2061 1583 2119 rebus
1597 2062 1674 2118 bona
1692 2064 1760 2119 esti
1774 2059 1841 2117 Vir·

139 2152 254 2227 Denique
267 2152 344 2209 idem
359 2167 447 2224 supra
463 2149 525 2207 ait:
543 2150 684 2223 Numquid
707 2166 763 2206 non
783 2149 899 2207 tentatio
917 2155 957 2203 est
1012 2143 1079 2198 tute
1097 2142 1225 2215 utique,
1240 2151 1269 2203 et
1282 2148 1365 2206 bonis
1376 2151 1516 2209 moribus.
1530 2152 1669 2226 Nonsrgo
1680 2150 1843 2209 secundum

138 2244 191 2301 vitu
211 2241 323 2299 nminat
341 2241 370 2295 in
384 2244 461 2297 terro
480 2238 540 2311 (iot
563 2256 613 2305 vu,
631 2238 681 2310 li?
704 2240 781 2295 liene
795 2236 909 2295 addidit
925 2237 956 2291 iu
1013 2226 1124 2284 enims²
1142 2237 1173 2289 et
1189 2236 1319 2308 corporis
1333 2240 1464 2312 copulam
1478 2241 1554 2299 bone
1567 2246 1629 2299 est:
1646 2241 1696 2299 sed
1712 2240 1781 2314 quia
1793 2256 1846 2313 per

139 2338 216 2401 pom,
228 2330 293 2405 quia
307 2333 350 2387 est
363 2328 421 2387 ,qa
437 2328 573 2385 hominis
592 2331 621 2385 eq
635 2326 666 2383 in
681 2327 764 2385 coelo.
790 2328 867 2385 sicut
886 2342 958 2383 mer.
1012 2316 1159 2377 virtutem
1175 2324 1258 2395 quod
1274 2326 1382 2384 melum
1398 2332 1442 2385 est
1456 2347 1542 2387 suum
1557 2330 1689 2405 repellit;
1704 2330 1781 2405 quod
1796 2346 1847 2386 au·

136 2423 239 2491 cetarii,
264 2420 369 2493 inquit,
384 2434 489 2477 mutes
511 2419 569 2473 uite
592 2418 652 2490 uus
674 2416 777 2491 (itit),
801 2416 833 2471 in
857 2414 958 2472 labore
1014 2409 1074 2461 tem
1089 2406 1212 2467 bonum
1228 2417 1273 2470 est
1288 2417 1399 2483 mortis,
1413 2420 1846 2495 adipiscitur:utqu0nanims

135 2510 236 2571 scideet
258 2514 288 2566 et
310 2512 407 2582 tepore
431 2508 485 2581 (9),
511 2504 603 2563 levior
626 2504 746 2574 fabulis,
772 2509 802 2563 et
823 2504 957 2571 lluitans,
1014 2498 1069 2562 Osi,
1085 2501 1189 2574 magis
1212 2518 1300 2575 quam
1320 2505 1347 2562 id
1363 2510 1441 2579 quod
1463 2510 1644 2567 contubernii
1669 2516 1697 2568 st
1721 2511 1847 2583 conjun-

133 2602 272 2659 etnatans
290 2598 404 2655 verbis:
430 2596 520 2667 cujus
542 2593 684 2650 habitatio
709 2594 786 2651 8θῦ
812 2592 843 2649 in
866 2592 959 2651 luteis
1015 2583 1127 2643 ctionis
1143 2596 1293 2663 operetur.
1315 2593 1394 2660 Quod
1411 2597 1435 2653 si
1461 2597 1520 2655 vita
1544 2598 1630 2667 bona,
1656 2615 1719 2673 qua
1741 2599 1848 2658 enimn

131 2688 270 2757 domibus,
280 2690 310 2745 et
323 2686 388 2761 ipsa
401 2686 460 2742 vita
484 2684 515 2741 in
535 2682 607 2740 luto.
622 2681 709 2739 Nulla
725 2682 876 2739 firmitudo
891 2700 961 2741 san·
1016 2690 1047 2730 sc
1061 2690 1079 2731 c
1092 2692 1224 2752 corpore
1238 2684 1401 2755 separantis
1415 2690 1459 2742 est
1472 2686 1636 2759 speculum,
1650 2693 1680 2745 et
1699 2688 1724 2745 si
1749 2689 1851 2745 anime

130 2762 326 2847 teutic,'nulln
341 2771 516 2832 constantin.
542 2772 572 2829 ln
598 2770 645 2828 dis
667 2788 725 2827 uox
754 2770 957 2841 desideretur,
1015 2764 1091 2821 bona
1112 2784 1181 2840 qum
1198 2770 1337 2829 seelevet
1352 2774 1748 2853 atqueobducitacorporis
1776 2794 1850 2834 con-

129 2864 497 2938 innoctediesquoeritur:
524 2863 703 2919 anteescam
718 2859 858 2933 gemitus,
874 2859 960 2927 inter
1014 2853 1165 2927 tubernio,
1189 2862 1221 2915 st
1246 2876 1325 2919 mors
1356 2863 1458 2936 utiquc
1481 2867 1526 2921 est
1553 2863 1674 2936 bonum,
1708 2867 1849 2940 qunani·

128 2956 209 3016 cibos
222 2955 317 3025 lletus,
331 2953 478 3027 lacrymas,
503 2948 627 3019 dolores,
647 2949 778 3019 timores,
804 2947 957 3010 sollicitu-
1015 2960 1094 3001 mam
1113 2963 1133 3003 a
1147 2948 1289 3007 societate
1311 2951 1408 3010 oannis
1423 2953 1512 3025 hujus
1536 2953 1661 3013 absolvit
1683 2961 1711 3013 et
1734 2956 1849 3032 liberat,

127 3046 220 3115 dines,
247 3043 328 3101 nulla
348 3040 497 3115 nequisse
522 3036 802 3111 perturbationibus,
832 3037 924 3099 uuila
941 3059 959 3098 a
1051 3036 1095 3091 15.
1108 3035 1308 3097 Omnilarium
1322 3040 1412 3114 igitur
1425 3059 1505 3099 mors
1526 3047 1570 3100 est
1584 3044 1706 3116 bonum,
1729 3050 1759 3104 st
1779 3046 1851 3120 quia

125 3135 276 3194 laboribus
291 3130 452 3194 reclinatio,
481 3126 531 3183 ire
561 3129 590 3183 et
612 3124 825 3199 indignationis
854 3133 960 3187 motus
1018 3127 1252 3201 compugnantia
1264 3128 1379 3200 dividit,
1397 3149 1434 3187 ne
1452 3148 1484 3188 se
1511 3131 1638 3190 invicem
1663 3134 1849 3210 impugnant,

123 3223 283 3285 horridior.
298 3220 433 3293 Plerique
451 3214 576 3290 cupiunt
594 3217 730 3282 mortem,
746 3220 775 3271 et
788 3230 848 3271 non
863 3213 961 3291 impe·
978 3192 1001 3261 G
1021 3216 1135 3287 etquis
1150 3218 1391 3290 portusquidam
1406 3225 1567 3278 esteorum
1583 3224 1633 3296 qui
1655 3240 1763 3298 magno
1784 3227 1852 3286 vies

120 3318 226 3373 trent:
242 3312 268 3370 si
287 3314 386 3369 autern
405 3304 638 3381 impetraverint,
663 3303 861 3377 gratulantur,
888 3308 964 3379 quia
1018 3304 1105 3360 istius
1116 3304 1221 3375 jactati
1236 3305 1310 3372 salo,
1326 3307 1499 3382 fidequietis
1512 3310 1670 3369 stationem
1685 3314 1850 3387 requirunt,

120 3404 190 3463 sols
206 3405 252 3461 eat
267 3416 348 3457 mors
361 3396 479 3471 requies
491 3394 564 3451 viro.
1018 3394 1096 3450 800
1110 3397 1140 3448 et
1162 3392 1234 3466 quis
1258 3393 1433 3455 deteriorem
1456 3402 1569 3456 statum
1591 3417 1649 3459 non
1664 3402 1772 3459 efficit:
1799 3406 1850 3463 scd

452 3500 570 3571 CAPUT
592 3498 638 3557 qv,
1019 3481 1136 3555 qualern
1151 3481 1182 3535 in
1197 3480 1324 3553 siugulis
1338 3484 1492 3555 invenerit,
1511 3489 1600 3546 talem
1624 3491 1736 3563 judicio
1751 3493 1850 3553 tuturo

114 3602 241 3659 Nartem
256 3597 354 3653 multis
378 3590 539 3649 nominibus
567 3589 747 3657 suetonum,
763 3587 810 3645 sed
841 3593 964 3651 maxim
1019 3573 1158 3637 reservat,
1177 3568 1315 3641 etquisto
1330 3570 1396 3644 ipsa
1410 3575 1497 3646 fovet,
1522 3580 1551 3632 et
1566 3580 1757 3651 presentium
1780 3584 1851 3641 invi·

155 3668 238 3755 qued
253 3670 290 3724 sit
304 3666 369 3739 finis
380 3664 498 3738 peceati,
514 3668 540 3717 et
562 3659 599 3716 ud
618 3661 761 3717 meliorem
775 3662 861 3717 udam
870 3669 963 3721 nons-
1017 3658 1073 3714 diss
1088 3656 1237 3725 subducit,
1253 3661 1282 3712 st
1297 3657 1464 3719 luturorum
1490 3668 1706 3738 exspectatione
1732 3687 1849 3746 comp0.

154 3747 233 3808 stus,
251 3738 375 3815 quodque
389 3738 451 3807 ipsa
464 3747 516 3789 ²¹⁰³
539 3730 694 3788 redemerit·
1017 3748 1071 3802 nit.
1094 3745 1212 3802 Accedit
1228 3761 1274 3813 so,
1290 3750 1370 3819 quod
1385 3751 1495 3807 frustra
1510 3751 1645 3813 homines
1661 3763 1786 3817 mortem
1813 3762 1850 3818 ti·

155 3848 212 3905 t3.
228 3845 288 3903 Sed
303 3842 381 3900 dicet
408 3838 518 3912 aliquis
540 3836 683 3911 seriptum
698 3854 763 3895 esse
786 3838 859 3911 (Sap.
881 3856 901 3907 1,
918 3840 962 3913 13)
1017 3838 1099 3893 ment
1114 3877 1121 3903 ,
1138 3833 1223 3908 quasi
1239 3833 1329 3891 linem
1344 3844 1466 3896 noturae.
1478 3838 1850 3921 Nemsirocolamusquod

111 3936 199 4011 quia
215 3934 297 3991 Deus
313 3932 439 3987 mortem
456 3942 516 3983 non
532 3924 609 3981 lecit:
624 3925 755 3984 vitaeret
770 3925 800 3982 in
814 3928 962 4005 paradiso,
1019 3925 1095 3981 Deus
1110 3928 1233 3981 mortem
1259 3941 1317 3980 non
1342 3926 1466 3984 iecerit:
1493 3929 1543 3984 sed
1570 3937 1727 4005 postquam
1758 3936 1848 3995 bomo

110 4026 174 4083 ubi
193 4022 318 4097 iignum
332 4018 398 4076 vites
412 4016 491 4087 (Gen.
508 4031 539 4081 11,
552 4014 591 4087 9),
606 4018 635 4070 et
648 4014 708 4072 vita
723 4017 786 4071 crat
800 4013 851 4071 lux
864 4014 963 4073 homi-
1016 4012 1120 4087 lapsus
1136 4013 1165 4068 in
1182 4013 1328 4087 flagitium
1345 4020 1391 4073 ost
1405 4016 1654 4090 prevaricationis
1669 4027 1699 4079 ct
1722 4024 1849 4095 fraudis,

115 4129 215 4169 num.
233 4110 315 4168 Mors
323 4108 416 4181 igitur
426 4103 516 4171 malm
529 4119 593 4176 ques
602 4104 726 4161 accessit
735 4106 765 4161 et
774 4103 961 4163 subintravit.
1017 4102 1240 4159 sententiosum
1253 4104 1517 4176 comprehenderit,
1534 4112 1568 4164 ut
1582 4109 1612 4166 in
1631 4115 1739 4169 terrem
1763 4130 1848 4170 sunm

116 4200 183 4257 Sed
203 4198 356 4273 quomodo
371 4211 452 4253 mors
467 4191 556 4259 male,
568 4190 594 4252 si
604 4196 656 4249 aut
665 4192 827 4250 secundum
838 4193 962 4266 gentiles
1015 4194 1094 4247 terra
1107 4195 1249 4248 remearet
1262 4190 1340 4263 (Gen.
1356 4211 1399 4266 ιιι,
1414 4194 1483 4268 ·i9),
1505 4195 1689 4256 inveniemus
1722 4207 1847 4260 mortem

117 4304 222 4345 nasu
240 4288 331 4353 caret,
348 4281 579 4341 autseouudum
592 4281 764 4355 Apostolum
793 4281 924 4357 (Philipp.
940 4302 961 4355 1,
1018 4280 1374 4364 nunccupantem
1395 4300 1453 4354 quo
1483 4289 1562 4342 esset
1584 4288 1644 4346 vita
1668 4290 1846 4362 diuturnior,

118 4377 172 4447 21)
189 4375 313 4433 lucrum
328 4372 464 4430 Christus
479 4373 534 4438 est,
549 4385 616 4427 cum
632 4386 690 4444 quo
704 4386 768 4427 esse
784 4370 877 4427 multo
901 4388 961 4429 me·
1016 4385 1050 4425 eo
1065 4368 1147 4427 sssrct
1159 4368 1246 4442 culpa
1260 4371 1454 4427 numerosior.
1468 4371 1576 4430 Passus
1592 4382 1638 4433 eet
1648 4378 1738 4449 igitur
1748 4379 1847 4437 Domi·

117 4462 185 4521 lius
197 4464 216 4520 ‘l
230 4463 385 4530 Quomodo
400 4460 581 4535 igiturmors
592 4458 676 4515 nobis
689 4458 812 4531 malum,
822 4458 845 4515 si
862 4461 961 4520 nullus
1016 4474 1074 4513 nus
1089 4456 1255 4515 subintrare
1270 4462 1406 4528 mortem,
1422 4464 1455 4515 ut
1469 4460 1555 4532 culpa
1572 4472 1712 4524 cessaret.
1728 4466 1785 4525 Sed
1810 4486 1848 4526 ne

115 4556 198 4624 post
216 4557 345 4610 mortem
359 4565 465 4607 sensus
480 4546 549 4605 est?
566 4546 617 4605 Ubi
632 4547 709 4603 enim
725 4546 825 4605 nullus
846 4565 961 4621 sensus,
977 4558 1001 4625 Ι)
1016 4546 1123 4603 iterum
1140 4549 1251 4603 nature
1266 4545 1334 4603 finis
1344 4553 1424 4605 esset
1437 4548 1466 4605 in
1483 4554 1587 4619 morte,
1603 4554 1673 4613 data
1686 4562 1731 4613 est
1746 4574 1847 4615 resur·

115 4640 237 4699 nullus
254 4640 359 4715 utique
374 4638 488 4711 injuriis
504 4635 597 4704 dolor,
613 4636 682 4710 quia
697 4636 779 4694 dolor
794 4654 899 4696 seusus
909 4644 964 4710 est,
1020 4636 1109 4707 rectio
1124 4639 1317 4705 mortuorum,
1334 4638 1368 4690 ut
1381 4651 1434 4709 per
1448 4643 1573 4696 mortem
1596 4643 1684 4717 culpa
1699 4646 1846 4716 deiiceret,

114 4730 185 4785 Aut
202 4730 338 4805 quisset
353 4733 420 4803 poet
437 4729 562 4785 mortem
587 4742 703 4795 sensus,
728 4730 773 4783 est
797 4727 884 4785 etism
907 4728 966 4788 vita
1019 4741 1071 4797 per
1086 4724 1326 4781 resurrectionem
1347 4728 1446 4782 autem
1475 4735 1702 4802 perpetuaretur
1729 4738 1844 4791 natura.

113 4822 198 4890 post
218 4822 359 4887 mortem,
375 4819 404 4873 et
418 4818 569 4891 superstes
584 4815 687 4872 mortis
711 4819 757 4874 est
780 4816 879 4873 animo
900 4834 964 4892 quae
1019 4814 1145 4887 Ideoque
1160 4830 1240 4869 mors
1254 4812 1315 4869 huc
1330 4815 1473 4891 transitus
1484 4818 1753 4878 universorumest.
1765 4821 1845 4893 Opus

114 4922 226 4965 sensu
244 4908 349 4977 utitur,
365 4906 468 4963 stvita
482 4904 624 4978 iungitur.
649 4904 721 4961 Cum
744 4908 843 4963 auum
866 4912 967 4967 manat
1017 4907 1063 4959 est
1075 4907 1108 4960 ut
1122 4905 1290 4985 constanter
1303 4906 1447 4961 transeas.
1464 4906 1618 4966 Transitus
1632 4914 1730 4965 sutem
1750 4925 1845 4965 acor·

114 5000 200 5067 post
215 5002 344 5055 mortem
359 4996 420 5053 vita
434 4999 521 5069 atque
535 4992 644 5060 anima,
663 4998 761 5053 manet
775 4994 895 5065 bonum,
911 5015 964 5055 nee
1018 4990 1154 5065 ruptione
1169 4991 1205 5053 ad
1220 4990 1481 5065 incorruptionem,
1498 5010 1514 5050 a
1529 4997 1707 5069 mortalitate
1731 4997 1768 5053 nd
1792 4997 1846 5054 im·

159 5155 210 5229 (9)
226 5158 299 5216 Mes.
316 5158 439 5230 septem.
457 5158 584 5226 tempore,
603 5152 725 5223 Theod,
754 5158 961 5215 attentatione.
1002 5158 1043 5210 ·et
1065 5153 1096 5207 in
1119 5154 1180 5226 ipsu
1211 5152 1291 5208 nulia
1325 5154 1490 5209 mutantia.
1520 5148 1654 5209 Concinit
1676 5154 1741 5211 Vat.
1777 5158 1842 5214 cod.

117 5222 182 5307 ilic
201 5228 295 5314 etiam
311 5228 418 5312 'eodem
433 5225 506 5310 lpco,
523 5225 609 5281 leuior
629 5226 718 5281 ventis
736 5229 766 5280 st
786 5226 963 5297 tatutis...et
1017 5224 1047 5280 in
1063 5240 1142 5288 voce,
1156 5231 1267 5305 nunus.
1390 5295 1395 5305 ⁹
1418 5296 1423 5305 Ι

120 5303 336 5440 mittite
355 5294 868 5449 titillet,ititt‘nt
890 5298 963 5427 lit
1015 5295 1641 5448 0..iiiiViniffitittttiftii”iiiii
1665 5294 1745 5424 tt·
1764 5298 1843 5437 iii:

117 5438 317 5500 animalcula
331 5440 464 5513 quodam
476 5454 506 5494 ru
521 5454 645 5495 summis
660 5454 745 5511 aquis
756 5438 960 5512 discurrentia,
1016 5438 1078 5495 Vita
1093 5439 1179 5509 ipitnr
1192 5436 1246 5501 bic,
1267 5440 1322 5491 etc.
1340 5435 1388 5490 Sic
1412 5438 1502 5490 ettam
1518 5435 1594 5494 inira
1625 5436 1675 5494 ubi
1691 5438 1772 5510 edit,
1797 5442 1843 5499 sed

118 5512 215 5570 unde
228 5518 334 5571 natum
350 5509 545 5587 proverbium,
569 5510 657 5567 levior
673 5510 772 5582 tipulu.
799 5510 869 5585 lieg.
893 5528 961 5570 vero
1015 5512 1027 5565 i
1044 5509 1218 5574 caducum,
1239 5522 1312 5563 mss.
1330 5506 1389 5561 lere
1403 5506 1440 5561 ed
1458 5522 1552 5563 unum
1568 5507 1686 5580 bubum,
1709 5514 1755 5569 sed
1782 5516 1843 5586 ipsc

117 5580 278 5643 ultimam
293 5588 406 5659 partem
420 5582 462 5639 sic
477 5581 574 5649 babet,
588 5582 738 5652 finitumst
752 5583 959 5653 nutunsuertis,
1015 5527 1047 5637 ii
1074 5582 1140 5637 vitu.

120 5656 217 5715 nulia
234 5654 538 5725 nmitudcsmtmtiu,
551 5658 629 5725 eujus
654 5652 740 5711 tutte.
765 5654 796 5709 in
820 5654 870 5711 lut.
887 5655 959 5715 dom.
1333 5682 1336 5687 ·
