4159 6184
209 356 289 433 1103
819 412 822 421 .
928 356 960 422 S.
986 354 1173 423 assuesti
1838 350 1919 421 teet

209 494 241 557 ln
269 496 393 557 Christo.
424 492 528 559 Seeuli
543 494 635 555 'enim
663 492 764 553 latitia
791 493 962 567 temporalis
983 497 1036 559 cst,
1053 494 1082 562 Α
1097 497 1155 549 toto
1171 497 1306 551 nutaret:
1323 492 1453 566 precelsi
1465 488 1551 568 quasi
1561 489 1703 563 culmina,
1715 489 1769 567 qni
1778 491 1918 549 verticem

209 592 350 662 perpetua
377 590 474 645 autem
504 585 604 644 latitia
630 586 695 658 ejus
724 584 775 658 qui
804 584 912 657 gaudet
935 584 965 639 in
981 582 1035 639 lto·
1090 585 1154 655 ejus
1168 584 1301 640 turribus
1316 600 1376 641 sues
1391 582 1510 642 virtutis
1534 582 1689 641 erexerint.
1712 581 1830 640 Etenim
1845 581 1924 638 sicut

212 676 304 735 mino.
1090 672 1121 728 in
1135 671 1272 743 operibus
1282 673 1345 730 suis
1354 673 1500 739 conditor,
1510 676 1540 728 et
1550 671 1581 728 in
1590 671 1845 728 aedificationibus
1859 669 1924 725 suis

246 766 275 823 5.
293 764 389 837 (Vera.
405 763 433 837 1)
458 785 473 814 e
489 764 570 821 Mons
599 762 679 831 Sion,
706 762 797 818 latera
823 759 979 833 aquilonis,
994 759 1036 815 oi·
1090 760 1450 833 sditlcatoragaosoitnr3
1465 765 1499 817 ut
1522 760 1638 817 etiamsi
1666 775 1777 817 nomen
1792 775 1856 815 non
1871 775 1924 815 au-

211 853 288 912 viias
302 852 506 926 regismagni.
522 850 644 909 Deusin
661 847 1038 923 gradidus'ejuadignosoe·
1091 848 1166 917 dias,
1181 854 1278 905 temen
1294 864 1329 905 ex
1352 865 1475 923 operum
1503 848 1587 906 080
1611 847 1755 921 qualitate
1777 846 1935 903 artificem

212 946 272 1012 tur,
288 959 356 1001 oum
371 940 513 1013 suscipiet
528 954 602 997 sem.
619 960 633 989 o
655 939 714 995 Cur
737 937 775 994 sit
799 935 953 994 exsultatio
969 935 1037 992 uni·
1091 938 1294 1010 deprehendas
1320 939 1361 1010 (et
1383 938 1455 1011 quid
1479 939 1592 993 mirum
1617 937 1654 993 de
1677 935 1835 1002 humanis,
1856 951 1925 991 oum

212 1047 303 1089 versa
344 1034 438 1096 terrea,
482 1028 629 1085 evidenter
680 1026 848 1099 expressit;
897 1024 1037 1097 quoniam
1092 1026 1187 1099 ipsius
1201 1026 1348 1083 Creatoris
1361 1026 1474 1094 eterni,
1498 1026 1549 1099 qui
1575 1042 1632 1081 uon
1656 1024 1777 1082 videtur
1791 1042 1811 1081 a
1825 1023 1925 1091 nobis,

215 1118 359 1177 Dominus
387 1118 475 1175 lesus
503 1115 663 1173 Ecclesiam
692 1115 749 1172 sibi
775 1132 810 1171 ex
838 1113 1038 1187 peccatoribus
1092 1113 1250 1171 invisibilia
1265 1118 1364 1170 manen
1379 1116 1444 1186 ejus
1459 1130 1512 1186 per
1533 1130 1570 1170 ea
1594 1130 1659 1186 qua
1685 1112 1863 1179 factasunt,
1880 1111 1925 1166 in·

215 1206 415 1281 congregavit.
430 1207 533 1277 ltaque
543 1204 593 1277 qui
607 1208 690 1261 erant
699 1208 767 1260 ante
777 1202 870 1259 latera
879 1201 1037 1273 aquilonis,
1092 1201 1283 1275 tellignmusl,
1294 1200 1336 1257 ita
1350 1202 1380 1257 ia
1391 1201 1552 1258 excelsisst
1564 1202 1681 1274 magnis
1691 1199 1834 1257 domibus
1845 1204 1924 1273 (quse

215 1296 316 1363 idest,
340 1295 411 1352 socii
434 1298 464 1351 et
485 1293 661 1351 inhaerentes
686 1292 812 1355 diabolo,
837 1290 883 1348 oui
910 1290 1037 1347 dicitur:
1093 1292 1200 1348 domus
1227 1307 1282 1347 nos
1296 1308 1413 1358 sumus,
1430 1290 1454 1346 si
1477 1290 1622 1348 libertatis
1647 1294 1678 1345 et
1701 1289 1805 1362 glorias
1819 1289 1924 1345 tunde·

219 1406 234 1438 a
248 1385 387 1458 Exsurge,
405 1382 515 1457 aquilo,
529 1387 562 1437 nt
576 1382 673 1439 veniat
686 1385 785 1437 auster
795 1380 883 1451 (Cant.
900 1397 938 1447 rv,
952 1381 1008 1449 16).
1025 1401 1036 1428 ι
1093 1384 1226 1437 mentum
1243 1396 1337 1452 usque
1351 1380 1389 1436 sd
1403 1380 1494 1437 finem
1504 1380 1625 1435 firmum
1637 1378 1837 1448 tenuerimus)
1846 1377 1925 1435 Deus

218 1472 287 1533 laeti
301 1478 373 1531 aunt
386 1471 502 1529 Christo
517 1469 627 1527 ssdelcs.
646 1470 704 1543 lpsi
715 1474 785 1525 seint
795 1470 874 1525 enim
885 1469 921 1523 de
932 1470 1039 1541 quibus
1094 1468 1242 1526 habitator
1268 1468 1447 1541 agnoscitur.
1480 1472 1514 1524 ut
1548 1473 1624 1525 Dens
1655 1467 1817 1532 Abraham,
1846 1472 1927 1524 Deua

218 1562 343 1621 dieitur:
363 1584 374 1611 ι
392 1560 445 1628 qui
472 1559 623 1615 confidunt
645 1559 676 1613 in
704 1557 834 1623 homino,
861 1556 938 1613 siout
954 1573 1040 1612 mons
1094 1556 1468 1628 leaeo,lleus.lacobtlpse
1488 1555 1826 1627 enimverusiiens,qui
1847 1555 1927 1611 tales

218 1650 288 1709 Sion
310 1650 398 1722 (Paci.
423 1665 515 1711 cxarv,
540 1648 578 1714 l).
603 1668 617 1699 o
643 1648 719 1701 Facti
745 1652 816 1701 sunt
840 1647 938 1718 itaque
954 1661 1040 1700 mons
1093 1644 1171 1709 viros
1186 1648 1397 1715 preceptorum
1420 1659 1543 1700 suorum
1571 1644 1758 1699 institutione
1772 1644 1921 1699 fundavit.

218 1738 289 1797 Sion
304 1735 494 1810 pergratiam
510 1733 628 1799 Christi,
640 1737 669 1789 et
679 1732 864 1804 baptismatis
875 1749 1040 1789 sacramen·
1095 1735 1168 1806 Ergo
1183 1734 1259 1788 sicut
1274 1734 1303 1789 in
1313 1732 1371 1788 illis
1381 1749 1413 1788 se
1425 1732 1518 1789 Deum
1528 1733 1740 1788 demonstravit
1750 1737 1923 1798 eternum

217 1830 293 1883 tum.
308 1822 461 1897 Aquilonis
477 1820 672 1893 intelligibilis
686 1818 783 1892 gravis
807 1824 852 1875 est
876 1820 973 1887 ssatus,
989 1819 1039 1892 qui
1094 1821 1147 1888 ita,
1162 1821 1268 1893 inquit,
1283 1837 1352 1877 oum
1372 1821 1460 1894 Regis
1485 1820 1584 1893 magni
1605 1820 1749 1892 suscipiet
1761 1818 1923 1884 civitatem,

218 1912 302 1987 prius
316 1913 506 1983 tempestates
521 1907 698 1982 asperrimas
713 1913 742 1964 et
753 1906 894 1980 proeellas
904 1906 1045 1966 humenis
1096 1907 1238 1982 gradibus
1253 1910 1318 1980 ejus
1332 1908 1527 1979 receptionem
1544 1924 1604 1964 sua
1627 1907 1806 1981 cognitionis
1818 1906 1927 1964 intun-

219 1998 540 2059 movebatail'ectibus:
557 1996 644 2069 ooepit
659 2013 729 2053 suos
744 1995 1044 2069 amittere,quivsxs-
1098 1998 1169 2054 det:
1201 2002 1234 2053 ut
1274 1999 1348 2053 liant
1387 1996 1529 2055 docibiles
1567 1995 1629 2066 Dei,
1666 1996 1719 2070 qni
1747 1996 1926 2053 mandatum

219 2090 272 2148 bat
285 2087 407 2146 alienos.
423 2086 546 2144 Gentem
566 2100 683 2142 omnem
709 2090 851 2142 everterat
865 2086 1043 2154 luteorum,
1097 2087 1163 2158 eius
1180 2090 1210 2142 et
1224 2084 1380 2154 audierint,
1396 2089 1426 2140 et
1446 2084 1611 2157 putaverint
1628 2085 1852 2158 exsequendum
1864 2103 1874 2153 ;
1888 2102 1925 2141 ne

221 2175 356 2236 nationes
378 2190 481 2233 omnes
510 2190 564 2231 suo
588 2173 732 2231 revinctas
762 2174 881 2231 tenebat
909 2173 1044 2246 imperio,
1098 2174 1136 2231 ab
1151 2172 1230 2231 illius
1244 2174 1350 2230 domus
1364 2172 1513 2230 edificata
1526 2172 1557 2229 in
1576 2177 1660 2245 petra
1682 2173 1824 2230 firmitate
1835 2174 1925 2247 dege-

220 2266 317 2341 ipsius
331 2267 415 2321 erant
437 2262 541 2329 latera,
556 2261 623 2339 boc=
641 2266 696 2329 est,
719 2262 890 2333 aspirabant
916 2278 984 2318 cum
999 2278 1044 2319 eo.
1099 2268 1212 2321 nerent.

221 2354 303 2412 Siout
320 2350 398 2410 enim
415 2348 557 2422 principis
570 2350 663 2405 latera
673 2348 966 2423 dicimusstipatorss
981 2352 1045 2421 eJus
1133 2353 1161 2407 7.
1179 2350 1316 2424 (Vers,5,
1340 2351 1382 2419 6.)
1409 2350 1478 2417 Hoc,
1513 2350 1620 2423 inquit,
1648 2350 1781 2407 videntes
1810 2374 1825 2401 a
1841 2368 1928 2424 aegea

223 2446 253 2499 et
266 2440 398 2507 comites,
413 2443 442 2496 et
456 2438 534 2495 siout
550 2437 657 2494 mulier
671 2436 749 2494 latus
771 2441 816 2497 est
837 2439 902 2505 viri,
917 2455 951 2495 eo
966 2441 1045 2512 quod
1099 2445 1183 2497 terro
1198 2439 1456 2512 congregatisnnt,
1471 2442 1501 2494 st
1510 2440 1694 2496 transierunt
1702 2439 1734 2495 in
1746 2455 1853 2496 unum.
1868 2440 1927 2513 lpsi

224 2528 371 2601 morigera
389 2526 415 2583 ei
439 2527 578 2583 societate
598 2526 760 2599 jurgatum
785 2527 826 2582 ita
850 2526 941 2583 latera
963 2533 1048 2586 erant
1099 2528 1231 2585 videntes
1249 2533 1320 2584 tunc
1335 2526 1474 2584 admirati
1488 2533 1568 2584 sunt.
1582 2549 1597 2579 o
1622 2528 1695 2584 Boni
1719 2543 1804 2601 reges
1818 2529 1860 2601 (3)
1875 2530 1927 2601 qui

224 2616 344 2683 diaboli,
360 2614 411 2689 qui
435 2615 581 2673 iaciebant
604 2614 699 2689 ipsius
724 2614 914 2673 voluntatem.
939 2617 961 2672 ii
977 2634 1046 2692 orgo
1100 2617 1148 2675 sui
1164 2616 1294 2688 corporis
1309 2620 1480 2688 pessumae
1494 2616 1623 2690 prebere
1645 2621 1784 2685 rectores,
1808 2618 1846 2673 ab
1862 2617 1928 2691 ipsa

224 2722 304 2764 nuno
318 2708 390 2761 suut
405 2719 488 2760 mous
502 2702 585 2770 Sion,
600 2702 651 2776 qui
665 2702 1048 2777 Deumspeculanturator-
1100 2705 1272 2779 patriarcha
1301 2704 1425 2761 Abrahae
1453 2704 1567 2777 origine
1595 2709 1625 2762 st
1652 2705 1837 2763 institutione
1864 2724 1927 2763 rna-

224 2810 308 2867 num,
323 2799 353 2851 et
368 2792 425 2866 ipsi
440 2791 576 2849 noctibus
600 2795 629 2848 et
654 2791 758 2848 diebus
781 2792 948 2851 intendunt.
973 2796 1047 2853 vide
1101 2799 1217 2861 nantes,
1232 2794 1283 2866 qui
1297 2793 1398 2850 docuit
1412 2796 1565 2865 peccatum
1586 2810 1673 2866 posse
1696 2794 1843 2867 superari.
1861 2796 1929 2852 ldeo

224 2882 300 2943 mihi
308 2881 433 2940 Paulum
444 2897 511 2937 cum
529 2882 753 2954 persequeretur
776 2880 932 2939 Ecclesiam
951 2882 1048 2941 Domi·
1101 2900 1187 2941 verus
1201 2898 1261 2951 rex,
1277 2880 1328 2955 qui
1349 2879 1469 2955 flagitiis
1491 2898 1557 2939 esse
1580 2881 1704 2938 nescivit
1723 2882 1881 2949 obnoxius,
1895 2884 1928 2941 in

224 2971 267 3043 ui,
284 2970 362 3028 latus
377 2967 527 3043 aquilonis
546 2969 655 3026 luisse:
671 2968 736 3025 vide
759 2986 836 3025 nunc
859 2987 927 3028 cum
941 2971 1049 3046 legitur
1101 2987 1160 3045 quo
1174 2970 1266 3043 eulpa
1280 2975 1311 3027 et
1323 2969 1430 3027 erroris
1445 2969 1589 3027 illecebra
1607 2985 1730 3042 regnare
1744 2986 1803 3028 non
1818 2972 1928 3044 potuit

225 3059 257 3117 in
273 3058 412 3128 Ecclesia,
428 3056 882 3130 monumeasespeoulatorinm‚
894 3076 945 3133 per
959 3078 1048 3134 quem
1102 3060 1184 3117 Unde
1197 3064 1226 3117 et
1240 3060 1352 3116 dictum
1375 3062 1421 3115 est
1442 3058 1479 3114 ad
1501 3057 1675 3129 hujusmodi
1698 3057 1795 3117 virum
1816 3075 1834 3115 a
1858 3059 1930 3116 filiis

104 3211 108 3218 ,
224 3146 333 3206 Christi
347 3144 471 3221 gloriam
485 3144 702 3216 cognoscimus,
718 3150 747 3201 et
769 3145 913 3203 videmus.
928 3148 964 3203 Et
978 3148 1048 3221 quia
1100 3148 1190 3204 Chat:
1206 3170 1222 3199 «
1238 3147 1332 3205 Reae
1354 3146 1414 3203 Deo
1436 3151 1470 3201 tu
1493 3162 1525 3202 es
1549 3145 1634 3203 nobie
1657 3145 1735 3218 (Gen.
1758 3164 1841 3216 mn,
1856 3148 1928 3220 tila
1993 3190 2005 3209 .

224 3238 343 3295 (tracus
357 3238 473 3293 montes
485 3232 570 3303 dixit,
594 3232 649 3289 hoo
668 3232 804 3298 estias:
820 3215 1083 3306 videquomodoss
1101 3234 1187 3293 Tales
1207 3252 1276 3309 argo
1298 3250 1380 3308 reges
1407 3238 1502 3305 terras,
1526 3222 1578 3306 qu'i
1607 3234 1687 3291 carni
1710 3234 1928 3307 imperitarent,

226 3321 336 3397 servuli
352 3321 460 3380 Christi
476 3326 592 3376 montes
607 3318 676 3375 sint.
691 3320 793 3377 tdoatm
814 3322 844 3376 in
858 3326 977 3381 circuilu
990 3326 1050 3397 ejas
1102 3323 1271 3398 congregati
1286 3329 1373 3392 sunt;
1389 3322 1467 3379 utin
1482 3338 1541 3379 rano
1555 3327 1656 3380 essent
1668 3324 1766 3392 eorde,
1777 3328 1808 3380 et
1822 3325 1854 3380 in
1869 3343 1930 3381 uno

227 3410 310 3485 (ibid.
324 3411 352 3483 t)
369 3426 376 3467 z
392 3406 547 3481 inquibus
566 3409 611 3463 est
631 3406 757 3463 Ecclesia
782 3409 908 3477 Domini,
925 3426 989 3483 que
1005 3419 1051 3471 est
1103 3411 1219 3487 spiritu,
1234 3413 1311 3469 sicut
1324 3411 1451 3485 legimus
1465 3428 1473 3467 z
1489 3410 1563 3477 Ouia
1573 3409 1731 3468 multitudo
1741 3412 1929 3471 credentium

228 3498 330 3555 civitas
343 3494 547 3569 ltegismagni.
558 3493 876 3568 SimulquiaDominus
886 3502 1050 3559 secuudum
1102 3500 1230 3557 habebat
1243 3516 1335 3557 uuam
1348 3499 1535 3566 animamet
1547 3514 1599 3555 oor
1612 3515 1716 3565 unum,
1744 3507 1774 3556 et
1789 3517 1850 3558 non
1864 3507 1931 3558 erat

229 3584 295 3643 ooeli
308 3588 436 3642 tractum
450 3582 481 3639 in
495 3582 650 3639 Venererio
664 3600 771 3657 passus
794 3590 840 3642 est
856 3591 907 3656 (2),
923 3589 1052 3661 quierat
1103 3588 1133 3645 iu
1148 3588 1195 3643 his
1209 3587 1308 3659 aliqua
1331 3586 1473 3661 separatio
1496 3587 1566 3655 (Act.
1591 3604 1630 3656 ιν,
1654 3588 1713 3659 32).
1744 3588 1765 3645 li
1792 3595 1865 3646 sunt
1877 3591 1931 3663 qni

227 3672 311 3749 loeus
325 3673 356 3731 in
370 3672 461 3731 latore
475 3670 631 3745 aquilonis.
647 3672 690 3729 lbi
700 3678 799 3731 eutem
817 3681 846 3733 et
870 3693 955 3735 mons
969 3680 1050 3747 Sion,
1103 3676 1286 3735 transierunt
1297 3674 1327 3731 in
1339 3692 1432 3732 unum
1445 3691 1503 3732 nou
1514 3680 1576 3733 tam
1586 3674 1696 3745 locum,
1706 3676 1835 3748 quamin
1844 3695 1932 3735 cum·

226 3760 269 3821 ibi
283 3761 446 3821 Jerusalem
462 3776 527 3833 ques
540 3760 572 3817 in
587 3760 683 3817 terris.
1103 3765 1171 3821 dem
1187 3764 1323 3821 aflectum
1337 3768 1426 3836 atque
1440 3762 1633 3836 propositum.
1653 3764 1777 3821 Probata
1790 3766 1870 3822 enim
1884 3767 1933 3822 di·

261 3852 289 3908 d.
306 3850 381 3907 Vide
396 3866 432 3907 ne
446 3848 476 3905 id
491 3865 609 3923 quoque
623 3848 758 3907 videatur
779 3867 963 3924 expressum,
979 3856 1051 3929 quia
1103 3851 1198 3908 uitur:
1219 3850 1336 3918 Transi,
1366 3852 1504 3908 recumbe
1531 3851 1608 3922 (Luc.
1636 3868 1706 3919 axes,
1731 3854 1771 3925 7).
1789 3875 1802 3902 ι
1824 3853 1931 3924 Neque

226 3937 414 4015 congregatio
425 3936 518 4011 plebis
528 3937 590 4009 Dei,
601 3954 666 4009 que
676 3943 739 3995 erat
751 3940 881 4013 aquiloni
892 3944 1051 4015 conjuncta
1102 3939 1181 3997 enim
1193 3939 1348 3996 mediocris
1356 3939 1474 3996 virtutis
1483 3942 1538 4009 est,
1547 3940 1584 3997 ab
1591 3940 1737 4012 improbis
1747 3942 1783 3997 ad
1793 3941 1930 4010 bonum,

225 4044 279 4103 per
291 4027 420 4101 culpam,
436 4025 564 4083 Ecclesia
576 4026 682 4083 Christi
698 4032 744 4087 est
754 4028 829 4085 lacta
843 4033 1028 4105 pergratiam
1040 4052 1048 4103 ;
1103 4024 1258 4085 aterrsnis
1273 4028 1311 4083 ad
1325 4031 1434 4084 eterna
1447 4027 1584 4095 transire,
1600 4031 1629 4085 et
1641 4029 1768 4086 carnalis
1781 4030 1846 4086 uita
1858 4047 1934 4087 oon·

224 4116 331 4189 utjum
345 4130 405 4173 non
419 4114 580 4187 synagoga,
596 4114 647 4170 sed
663 4112 771 4170 Christi
791 4116 921 4173 Ecclesia
934 4135 1049 4177 nunou-
1103 4116 1290 4173 suetudinem
1304 4122 1498 4182 commutare,
1519 4132 1698 4189 omnemque
1719 4118 1785 4189 ejus
1810 4119 1933 4177 abolere

224 4208 320 4278 petur.
336 4204 372 4261 Et
386 4201 457 4276 quia
471 4200 591 4274 reliquas
605 4202 775 4260 ludaeorum
801 4221 853 4283 per
876 4205 1049 4265 electionem
1104 4220 1203 4272 usum,
1219 4219 1309 4260 novos
1331 4220 1428 4261 mores
1452 4220 1614 4275 assumere,
1638 4209 1796 4279 totumque
1818 4212 1937 4265 statum

224 4290 421 4367 gratiasalvae
432 4290 513 4348 lacte
523 4294 603 4359 sunt,
616 4289 646 4346 in
658 4290 731 4364 ipsis
741 4292 819 4349 Deus
829 4295 1048 4366 congnoscitur,
1101 4292 1331 4350 conversationis
1353 4291 1460 4351 asteris
1488 4292 1670 4365 detorquere.
1695 4292 1860 4367 Meritoque
1885 4297 1937 4353 di·

225 4380 257 4439 in
278 4378 373 4448 Petro,
399 4379 499 4449 Paulo,
527 4380 650 4447 loanne,
678 4380 798 4451 tacebo,
829 4382 879 4454 qui
904 4398 1006 4454 graves
1020 4389 1051 4442 et
1102 4380 1241 4438 eiturei:
1270 4381 1328 4438 asi
1354 4386 1489 4439 transeas
1518 4398 1570 4453 per
1596 4397 1717 4452 aquam,
1746 4388 1845 4439 tecum
1862 4400 1936 4441 anm

224 4466 330 4525 excelsi
353 4468 407 4524 viri
439 4466 519 4526 velut
552 4468 744 4525 tundamenta
767 4474 796 4525 et
822 4469 952 4529 culmina
978 4476 1050 4529 sunt
1102 4469 1165 4542 (isc.
1181 4485 1260 4535 xatas,
1276 4468 1317 4540 2).
1335 4491 1349 4518 o
1365 4469 1437 4525 Cum
1453 4471 1849 4539 transeunteestbeus,non
1862 4490 1936 4531 cum

225 4553 370 4613 Ecclesia.
394 4555 484 4620 Quasi
512 4556 704 4613 fundamenta
729 4558 839 4630 gravia,
864 4575 938 4630 quos
967 4559 1273 4642 nullaDdesistente.

202 4722 203 4725 Ἴ
224 4643 322 4720 gravis
336 4641 484 4716 aquilonis
503 4644 596 4700 ilabra
618 4646 839 4714 concusserint;
865 4650 916 4705 sed
942 4648 1047 4707 immo·
1137 4646 1164 4701 8.
1182 4644 1204 4702 li
1218 4661 1288 4718 ergo
1303 4644 1354 4717 qui
1367 4644 1444 4701 intra
1457 4647 1632 4719 semetipsos
1646 4647 1936 4707 erentantedisonr·

222 4732 298 4793 biles
311 4732 379 4791 fidei
395 4736 584 4789 servaverunt
607 4734 845 4803 tundamentum,
868 4753 905 4794 ne
919 4738 1050 4797 Ecclesia
1102 4733 1165 4803 (10⁵,
1181 4733 1276 4791 11111111
1297 4750 1402 4801 11111111,
1425 4738 1524 4792 11111111
1546 4734 1695 4793 1111111110
1716 4742 1937 4805 mummi.

259 4876 299 4949 (2)
314 4876 385 4933 Mss.
401 4873 475 4930 Viet.
491 4876 520 4930 ot
535 4872 627 4942 Celb,
644 4876 785 4930 Exorario
799 4887 955 4948 praecesset.
973 4879 1049 4938 lien·
1103 4874 1195 4931 iarius
1209 4872 1258 4931 ille
1272 4873 1370 4932 cultus
1383 4892 1443 4932 non
1458 4875 1515 4933 nisi
1526 4875 1628 4933 multis
1638 4876 1725 4934 anais
1735 4881 1802 4950 post
1810 4880 1936 4937 1)οωίῃί

226 4947 307 5005 dosa.
324 4946 381 5003 Alii
396 4960 500 5003 omnes
514 4944 618 5002 saltem
635 4942 749 5007 Callia..
774 4954 997 5021 tvmerctpaeeua
1009 4960 1048 5008 ost
1102 4946 1344 5002 resurrectionem
1364 4946 1515 5003 adhibitus
1530 4947 1628 5015 suerit,
1646 4964 1783 5005 veremur
1807 4954 1843 5005 nt
1855 4952 1938 5010 satis

222 5018 271 5075 ubi
284 5022 355 5086 orat,
365 5022 432 5085 etc,
445 5033 503 5073 non
515 5016 608 5074 multo
619 5014 732 5081 sanius,
747 5017 848 5088 ltaque
859 5020 894 5075 ab
906 5022 974 5078 edit
988 5039 1046 5079 non
1101 5017 1255 5074 commode
1270 5016 1365 5073 dicere
1375 5019 1504 5090 potuerit
1513 5025 1634 5077 sanetus
1644 5020 1759 5077 Doctor.
1774 5020 1936 5079 Christum

222 5088 405 5147 discedimus
432 5090 539 5149 Nolunt
553 5092 653 5145 autem
679 5088 715 5143 ad
742 5104 836 5161 marg.
857 5094 912 5146 vet.
928 5093 998 5149 edit.
1012 5110 1048 5150 ex
1100 5088 1132 5145 in
1144 5088 1527 5161 venerariopassumease:
1541 5090 1937 5151 maximeobeuteoedentia

223 5158 409 5245 Hieronpmo,
426 5176 478 5235 per
501 5175 596 5216 anuos
613 5159 703 5215 terme
722 5159 864 5237 ducentos
876 5160 906 5216 ia
924 5161 986 5219 loeo
1003 5182 1047 5219 re·
1101 5160 1163 5225 illa,
1178 5159 1329 5215 secundum
1349 5160 1413 5215 coele'
1434 5164 1571 5234 tractum3
1596 5162 1649 5219 sed
1669 5178 1705 5220 ea
1730 5163 1766 5220 do
1783 5180 1814 5220 re
1828 5166 1936 5222 erudi·

224 5232 424 5291 surrectionis.
445 5230 524 5289 ,lovis
549 5229 740 5287 simulacrum
753 5248 764 5293 ,·
787 5230 815 5285 in
841 5249 912 5305 rupo
940 5241 1046 5291 sanctes
1101 5233 1190 5287 tiores
1227 5230 1405 5287 roriuntient.

224 5304 331 5371 erucis,
347 5308 457 5361 statum
473 5303 595 5359 Veneris
610 5317 804 5358 marmoream
828 5303 964 5361 stetisse:
981 5324 1046 5380 spe·
1136 5302 1176 5375 (2)
1198 5248 1274 5357 risit.
1300 5302 1395 5371 Rom,
1420 5303 1557 5372 Quoniam
1583 5318 1644 5360 ecce
1666 5306 1842 5377 reqestcrrae
1863 5324 1937 5365 eoa·

223 5372 358 5455 rantibus
372 5373 587 5457 persecutionis
602 5373 774 5429 auctoribus
794 5374 854 5430 iore
869 5380 902 5431 ut
916 5376 971 5433 huc
984 5382 1046 5435 arte
1099 5374 1294 5444 peremisset,
1310 5376 1527 5432 transieruotia
1554 5389 1651 5431 uorem.
1672 5378 1728 5449 ipsi
1749 5376 1877 5436 videnter
1889 5382 1935 5435 sie

222 5440 397 5503 Christianis
408 5444 661 5502 sanctissimorum
675 5460 702 5499 m
725 5446 879 5502 steriorum
894 5447 979 5503 iidem
990 5450 1046 5505 exi·
1100 5444 1235 5501 admirati
1246 5452 1320 5511 sunt,
1335 5446 1493 5503 conturbate
1508 5449 1583 5513 sunt,
1595 5449 1723 5504 commoti
1735 5452 1801 5505 mne
1824 5453 1934 5507 tremor

222 5516 447 5599 merenbUnde
458 5516 571 5572 ibidem
594 5462 779 5597 conoluiitur
801 5516 992 5577 Venerarium
1008 5522 1045 5577 ab
1099 5514 1277 5588 apprehendit
1294 5532 1349 5572 eos.
1374 5518 1455 5588 Regae
1478 5527 1562 5577 terra
1583 5522 1740 5591 caecaque·
1763 5492 1841 5577 solt.
1857 5524 1932 5579 Boni

222 5583 376 5641 Ambrosio
392 5587 448 5641 dics
464 5586 573 5657 locum,
588 5600 638 5657 qur
651 5588 754 5643 luisset
764 5587 884 5645 Veneris
894 5593 1045 5665 sacrilegis
1099 5604 1185 5658 roges,
1201 5592 1254 5644 etc.
1619 5608 1626 5613 ·

223 5652 415 5727 religionibus
425 5652 554 5725 pollutus
565 5660 788 5730 spurcatusque.
798 5658 905 5719 Verum
915 5679 981 5722 cum
994 5680 1044 5721 ne-
