4159 6184
269 300 329 362 8³9
995 307 1028 367 e.
1052 305 1239 371 suauosu
1871 321 1914 386 p,
1987 251 1988 326 ?

270 434 317 500 tis,
333 435 384 491 sed
407 432 432 489 si
461 433 685 501 benefacientes,
710 438 738 492 et
771 436 927 508 patientes:
955 437 1016 493 hac
1044 443 1089 496 est
1103 444 1130 507 Α
1145 440 1221 496 xime
1245 440 1381 497 fidelibus
1395 441 1500 498 divina
1522 442 1662 502 bonitatis
1689 449 1852 521 prerogativa
1873 470 1914 510 ser·

267 525 362 599 gratia
384 524 462 596 apud
491 529 594 580 Deum.
615 549 629 575 «
661 524 692 579 la
714 525 769 581 hoc
797 527 875 582 enim
894 527 1087 601 vocaliestis
1142 529 1821 607 vatur,quilrusetvolunlasDeiopitulaturat
1839 543 1917 614 gratia.

267 613 338 687 quia
351 617 381 670 ct
395 613 529 670 Christus
561 630 613 686 pro
641 613 724 671 vobis
750 619 885 672 mortuus
914 620 969 683 est,
999 615 1087 673 reliu·
1142 617 1218 676 0114
1234 618 1290 674 Sed
1321 621 1348 674 et
1378 617 1536 676 Psalmista
1563 621 1732 679 diecnd0:a
1756 627 1835 692 Quam
1854 629 1921 688 bouus

268 718 363 776 quens
391 703 673 789 robisoppemplnm,
704 707 737 759 ut
764 704 929 776 sequamini
966 705 1089 779 vestigia
1142 705 1219 761 Deus
1235 705 1325 762 lsrael
1340 707 1429 763 rectis
1445 709 1545 765 cordel
1562 712 1621 767 aad
1636 711 1762 786 ipsorum
1785 719 1920 777 sententiaa

159 866 168 878 ³
267 796 342 870 ejus,
362 794 412 867 qui
427 797 578 867 peccatum
606 809 664 848 non
695 793 771 862 lecit,
800 810 854 850 nec
881 794 1018 850 inventus
1044 799 1089 851 est

268 883 397 941 dolasin
414 900 463 938 ore
488 883 566 954 ejus:
597 881 648 953 qui
675 899 743 937 cum
772 881 1004 952 malediceretur,
1029 899 1087 939 non

266 971 461 1029 remaledixit:
487 988 554 1027 cum
582 975 740 1044 pateretur,
771 988 828 1027 uon
853 973 1089 1029 comminabatur

267 1063 293 1135 (1
304 1063 376 1117 reu.
394 1079 425 1127 u,
439 1061 546 1133 ‘tl-23).
563 1082 578 1110 »
594 1061 668 1133 Ergo
680 1061 780 1132 justus
795 1060 881 1116 ctiam
898 1061 923 1117 si
939 1061 968 1116 in
993 1078 1087 1134 equu-

265 1150 310 1208 leo
326 1151 374 1217 sit,
391 1167 507 1222 semper
517 1150 618 1222 justus
633 1152 692 1218 cet;
705 1150 924 1222 qniajustitrcat
940 1151 1043 1218 Deum,
1060 1155 1089 1206 ct

265 1240 380 1296 minora
395 1256 426 1296 se
441 1240 567 1312 peccetis
597 1239 659 1295 suis
685 1239 756 1294 dicit
780 1240 941 1295 sustinere:
972 1255 1089 1312 semper

267 1330 384 1404 sepiens
395 1333 454 1386 est:
472 1346 530 1384 non
545 1329 624 1385 enirn
648 1329 779 1411 aufertur
801 1328 919 1401 equulei
933 1329 1088 1384 tormentis

266 1436 332 1476 vera
348 1419 532 1492 perlectoque
547 1417 703 1490 sapientia:
725 1435 782 1473 non
799 1418 907 1473 amittit
919 1418 995 1490 quod
1020 1423 1086 1486 cst;

267 1509 335 1582 quia
350 1509 486 1564 timorem
504 1507 633 1563 excludit
649 1509 735 1573 foras,
766 1507 864 1562 studio
885 1512 914 1562 et
940 1508 1088 1580 proposito

266 1598 432 1654 charitatis:
449 1597 529 1653 norit
543 1601 575 1652 ut
590 1597 708 1668 sapiens
738 1593 842 1664 dicere,
873 1597 943 1668 quia
966 1595 1089 1668 indigna

267 1692 336 1743 sunt
351 1705 414 1760 qua
430 1687 458 1742 in
471 1687 525 1742 hoc
536 1702 655 1757 corpore
665 1685 847 1742 sustinemus
856 1686 1089 1742 remuneratione

1143 794 1252 864 retulit,
1267 795 1316 868 qui
1332 797 1419 852 aliter
1432 797 1468 854 de
1484 799 1541 856 Deo
1557 800 1666 857 sentire
1679 818 1734 858 non
1756 810 1858 876 norunt,
1881 808 1921 864 nisi

1143 883 1212 956 quia
1226 885 1321 940 bonus
1335 885 1371 940 ad
1387 887 1487 942 omnia
1501 891 1529 942 et
1544 888 1573 943 in
1594 889 1730 946 omnibus
1748 895 1795 948 est

1143 1045 1234 1100 Fctcri
1253 1047 1416 1117 Proptietam
1444 1064 1473 1102 se
1502 1057 1609 1104 tontum
1637 1065 1692 1106 nea
1718 1066 1769 1108 erre
1790 1051 1921 1124 prolapsum,

1179 1117 1249 1171 aloru
1261 1121 1435 1188 peccatorum
1447 1136 1544 1192 pacem
1556 1121 1749 1177 emularetur:
1758 1124 1924 1194 duplicemus

1175 1202 1282 1259 procera,
1300 1190 1350 1244 sed
1365 1207 1426 1245 eam
1440 1205 1501 1261 quae
1512 1191 1710 1263 offendiculam
1737 1193 1818 1262 halet,
1843 1197 1922 1266 {upe-

1177 1259 1528 1326 dam31211llaminnrorte
1546 1273 1718 1335 peccatoram
1744 1266 1852 1320 uranus
1870 1281 1921 1330 aaa

1177 1345 1232 1384 non
1243 1331 1370 1412 preclarae
1384 1333 1495 1402 flocello
1507 1343 1566 1405 pest
1579 1338 1692 1392 medem
1720 1337 1831 1408 exemplo
1851 1337 1924 1390 tauri

1178 1411 1203 1454 et
1218 1401 1312 1456 rteum's
1336 1405 1536 1471 demonstrari;
1566 1411 1700 1476 questum
1725 1423 1783 1462 vero
1801 1409 1886 1478 prosint
1903 1410 1923 1460 (ἰ

1180 1475 1247 1540 aiae
1264 1474 1392 1529 liciuilem
1407 1492 1438 1530 ae
1460 1476 1557 1531 lebam
1576 1481 1745 1548 petefrem,-
1771 1477 1866 1536 &atum
1883 1493 1925 1550 ptr·

1177 1553 1256 1614 pclare
1266 1561 1321 1600 esse
1330 1547 1519 1617 depellendos,
1529 1549 1578 1618 qui
1585 1547 1630 1604 liic
1639 1549 1771 1620 flagellati
1779 1566 1828 1606 nes
1839 1551 1923 1630 [antu.

1177 1617 1202 1669 5.
1221 1615 1349 1687 Denique
1366 1619 1558 1689 sequentibus
1575 1621 1695 1692 exponit
1717 1619 1776 1694 ipse
1801 1621 1862 1694 quid
1880 1636 1924 1675 scn-

1143 1687 1223 1746 scrit,
1240 1687 1376 1744 dicendo:
1395 1711 1409 1738 a
1426 1687 1483 1744 lllei
1498 1696 1595 1746 autem
1608 1707 1681 1764 pene
1696 1692 1764 1748 moti
1778 1692 1924 1764 sonipedes,

267 1779 371 1833 lutura
386 1775 502 1848 glorie,
519 1780 548 1831 et
559 1791 661 1832 omncs
673 1774 762 1846 hujus
777 1774 917 1847 temporis
936 1773 1088 1848 passiones
1104 1810 1128 1874 B
1144 1775 1230 1845 paulo
1246 1774 1344 1831 minus
1359 1776 1443 1832 etlasi
1461 1782 1531 1833 suut
1558 1795 1680 1852 gressus
1695 1778 1765 1844 mei;
1781 1779 1841 1852 quia
1862 1777 1926 1833 zelari

269 1869 510 1938 superventuram
540 1863 703 1918 mercedem
727 1878 842 1935 aquare
871 1880 928 1919 non
952 1868 1087 1935 possunt.

268 1955 367 2014 Bonus
382 1953 472 2029 igitm
486 1952 555 2008 huic
574 1969 690 2024 semper
705 1956 749 2008 cst
762 1952 850 2021 Deus,
871 1952 921 2024 qui
937 1953 1016 2008 novit
1030 1969 1088 2025 quo

268 2050 398 2117 tempore
408 2047 509 2100 metat.
526 2043 560 2098 111
575 2042 640 2099 idco
659 2041 743 2114 quasi
771 2042 867 2098 bonas
890 2039 1019 2115 agricola
1043 2041 1090 2097 hic

269 2138 333 2189 arat
357 2147 461 2207 agrum
476 2147 564 2188 suum
580 2131 707 2204 quodam
732 2130 917 2186 abstinentia·
943 2130 1090 2204 rigidioris

268 2238 399 2279 vomere:
415 2221 463 2276 hic
478 2221 585 2294 stirpat
599 2220 725 2292 quadam
742 2218 814 2275 lalee
827 2219 969 2275 virtutum
986 2236 1089 2292 ampu-

269 2310 512 2370 tatricevitiorum
528 2309 595 2366 :hic
608 2314 749 2366 stercorat
757 2308 941 2365 humiliando
952 2325 983 2365 se
996 2324 1090 2381 usque

270 2402 306 2458 ad
321 2405 439 2467 terrem,
457 2401 552 2456 scieas
568 2398 638 2471 quia
652 2399 730 2456 Deus
745 2399 781 2454 dc
796 2403 873 2454 terra
888 2397 1012 2456 suscitat
1024 2396 1091 2454 ino·

269 2505 347 2564 pem,
364 2490 442 2545 etde
457 2493 584 2544 stercore
599 2487 684 2560 erigit
699 2505 868 2561 pauperem.
884 2486 1016 2560 Denique
1025 2503 1093 2558 apo-

269 2580 363 2636 stolus
379 2579 487 2635 Paulus
500 2578 555 2633 nisi
573 2578 735 2634 estimatus
755 2580 833 2633 esset
858 2580 996 2642 stercora,
1020 2593 1093 2632 nun·

270 2686 358 2744 quarn
374 2667 523 2726 Christum
540 2669 595 2724 siai
614 2667 760 2738 potuisset
775 2666 934 2739 acquirere.
961 2665 1012 2722 Hic
1042 2683 1092 2722 cu·

270 2760 362 2816 studit
387 2754 500 2816 tructus
528 2749 609 2823 suos,
638 2761 671 2813 ut
695 2756 754 2813 illie
778 2756 910 2813 securius
942 2756 1091 2812 recondet.

271 2851 393 2923 Semper
419 2848 518 2922 itaque
532 2849 558 2904 ci
583 2849 679 2904 bouus
702 2850 748 2904 est
776 2847 864 2915 Deos,
884 2845 955 2918 quia
978 2861 1094 2918 semper

272 2957 335 3015 que
350 2939 428 2996 bona
443 2942 523 3003 sunt,
539 2938 575 2994 de
589 2937 647 2994 Deo
660 2941 767 3009 sperat.

308 3035 335 3088 1.
364 3030 471 3103 ltooipe
500 3027 595 3085 eliud:
623 3029 716 3093 Quam
745 3025 850 3095 bonus,
880 3024 986 3097 inquit,
1016 3025 1093 3081 Deus

1146 1879 1174 1918 ιιι
1193 1864 1404 1935 peccatoribus,
1421 1883 1520 1938 pacem
1537 1873 1725 1940 peecatorum
1752 1868 1842 1924 videns
1865 1867 1925 1940 (isal.

1147 1967 1234 2020 axxu,
1250 1956 1276 2018 2,
1292 1955 1330 2014 31.
1345 1976 1359 2004 a
1375 1953 1439 2010 Non
1454 1955 1557 2028 atique
1581 1957 1672 2030 pedes
1688 1957 1809 2030 corporis
1833 1953 1927 2029 appellat

1145 2059 1276 2116 gressus,
1293 2043 1342 2097 sed
1360 2043 1550 2100 directionem
1577 2047 1686 2100 mentis
1710 2051 1737 2102 et
1759 2041 1928 2118 gramamto

1145 2147 1203 2204 quo
1219 2130 1286 2186 alibi
1304 2131 1388 2188 dicit:
1406 2157 1419 2182 ι
1436 2133 1498 2190 Nou
1515 2135 1611 2190 veniat
1631 2134 1706 2190 mihi
1735 2151 1783 2208 pes
1808 2131 1925 2208 superbia¹

1146 2225 1174 2275 et
1203 2237 1309 2276 manus
1338 2226 1521 2294 peccatorum
1552 2239 1610 2280 non
1640 2227 1755 2281 moveat
1795 2239 1836 2278 mc
1865 2218 1927 2294 [Ptol.

1146 2327 1230 2376 xxxv,
1250 2311 1302 2382 12).
1320 2331 1334 2360 n
1351 2310 1417 2366 ldeu
1433 2327 1549 2385 semper
1563 2312 1724 2384 petendum
1743 2317 1785 2370 est
1808 2314 1836 2366 ut
1851 2309 1929 2382 dirigat

1149 2397 1290 2455 Dominus
1306 2404 1473 2472 nostrorum
1488 2401 1657 2458 animorum
1674 2400 1801 2475 vestigia,
1816 2415 1847 2456 ne
1859 2397 1929 2454 lebau-

1146 2491 1205 2556 tur,
1222 2491 1250 2544 ct
1264 2487 1374 2544 lubrico
1394 2490 1522 2562 quodam
1537 2490 1647 2548 erroris
1663 2491 1755 2548 effusa
1779 2487 1929 2545 stabilitatem

1147 2576 1193 2632 sui
1208 2581 1371 2632 tencrcnon
1388 2578 1512 2651 possint.
1534 2578 1734 2652 Prolapsionis
1761 2584 1849 2634 autem
1867 2589 1931 2630 musa
1987 2601 1988 2652 j

1147 2681 1181 2720 ea
1196 2668 1250 2734 cst,
1268 2667 1345 2738 quod
1362 2684 1463 2739 pacem
1480 2667 1635 2725 emulatus
1650 2661 1931 2741 capessamus
1987 2653 1988 2686 l

1148 2753 1253 2810 molari
1269 2759 1367 2810 autem
1383 2757 1523 2812 debemus
1536 2773 1600 2830 que
1616 2757 1782 2824 honorant,
1794 2765 1931 2824 aeneaque
1987 2765 1988 2812 l

1148 2843 1235 2918 plena
1250 2843 1414 2913 dedecoris;
1432 2845 1507 2900 sieut
1522 2851 1550 2902 et
1565 2845 1676 2904 Paulus
1692 2843 1833 2918 apostolus
1845 2855 1933 2915 expres·

1149 2933 1188 2989 sit
1202 2933 1317 2990 dicens:
1335 2956 1349 2984 ι(
1361 2933 1474 2990 Βοιιιιιιι
1498 2940 1544 2991 ost
1562 2939 1663 2992 autem
1693 2933 1817 2991 emulari
1834 2931 1858 2986 in
1879 2930 1932 2985 heae
1987 2997 1988 3000 Ἴ

1149 3038 1264 3096 semper
1280 3021 1379 3093 (Galat.
1397 3041 1437 3092 ιν,
1453 3024 1507 3094 18).
1522 3046 1535 3072 ι

250 3121 364 3180 'lsrael
383 3120 470 3176 rectis
492 3116 626 3177 cordat»
655 3117 718 3171 Non
747 3130 816 3188 ergo
840 3114 977 3170 omnibus
998 3115 1095 3171 bouus
1184 3114 1211 3168 6.
1228 3112 1328 3168 Necte
1347 3113 1554 3186 moveatqucd
1576 3129 1681 3187 pacem
1706 3114 1736 3169 iu
1762 3110 1832 3168 malo
1852 3105 1931 3182 posuit
1987 3143 1988 3152 .

273 3218 317 3272 est
332 3213 429 3270 Deus‘l
445 3211 495 3269 lllc
514 3209 632 3283 quidem
656 3204 794 3261 omnibus
823 3202 918 3258 honus
945 3205 998 3270 est,
1023 3185 1129 3274 quial}
1149 3202 1279 3274 Denique
1294 3207 1322 3258 et
1337 3203 1367 3258 ia
1381 3201 1537 3274 Evangelio
1552 3201 1643 3260 habes
1659 3220 1724 3260 esse
1747 3217 1849 3276 pacem,
1871 3210 1934 3270 quau

272 3304 403 3362 Salvator
416 3307 462 3360 est
475 3301 618 3365 omnium,
648 3295 774 3353 maxime
799 3291 950 3360 fidelium;
976 3294 1004 3347 et
1028 3289 1094 3347 ideo

271 3394 351 3450 venit
378 3391 521 3450 Dominus
547 3390 645 3453 iesus,
675 3391 708 3442 ut
735 3383 848 3440 salvum
880 3382 988 3437 laceret
1015 3380 1093 3452 quod

270 3483 410 3556 perierat:
426 3481 503 3539 venit
518 3479 596 3536 enim
612 3481 644 3533 ut
658 3479 809 3549 peecatum
838 3469 941 3526 mundi
967 3468 1091 3538 tolleret,

269 3571 389 3630 vulnera
404 3576 505 3628 nostra
519 3571 642 3626 curaret.
659 3565 714 3622 Sed
735 3563 803 3636 quia
828 3577 886 3616 noa
901 3575 1003 3616 ornnes
1030 3574 1092 3614 me-

268 3661 396 3718 dicinam
412 3662 552 3734 expetunt
566 3657 616 3713 scd
629 3654 762 3728 plerique
784 3650 942 3723 refugiunt,
962 3665 999 3703 nc
1027 3662 1091 3702 me-

267 3750 442 3806 dicamentis
456 3750 672 3820 compungetur
684 3742 728 3797 vis
744 3738 860 3804 ulceris,
876 3737 941 3793 ideo
959 3735 1090 3793 volentes

266 3843 360 3907 curat,
373 3856 434 3896 aaa
449 3836 586 3911 astringit
599 3833 715 3890 invitos.
732 3827 886 3901 Accipiunt
901 3825 991 3898 igitur
1010 3825 1089 3881 sani·

266 3927 422 4001 talemqui
452 3925 629 3983 medicinam
657 3923 811 3993 expetunt:
842 3915 883 3970 illi
911 3920 1008 3970 autem
1038 3913 1089 3987 qui

264 4015 394 4073 relulant
408 4016 555 4072 medicum
572 4028 625 4069 nec
635 4008 798 4082 requirunt,
811 4004 971 4061 bonitatem
982 4001 1088 4060 medici

1149 3292 1262 3365 respuit
1275 3291 1420 3361 Christus,
1436 3297 1469 3347 ut
1497 3293 1561 3363 ipse
1576 3292 1630 3349 ait:
1648 3297 1783 3350 «Pacem
1808 3303 1887 3346 meam
1906 3299 1933 3337 ro·

1148 3379 1356 3452 linquovobis,
1373 3396 1472 3452 pacem
1490 3397 1586 3437 meam
1616 3382 1654 3438 do
1683 3380 1782 3438 vohis:
1809 3395 1858 3434 non
1880 3373 1935 3430 sicat

1148 3469 1277 3525 mundus
1292 3470 1352 3537 dat,
1369 3485 1422 3542 ego
1444 3469 1480 3525 do
1495 3469 1578 3526 vobis
1606 3471 1698 3540 (loun.
1723 3487 1780 3540 xiv,
1804 3469 1879 3535 2rr.»
1899 3461 1934 3516 liti

1146 3559 1225 3615 enim
1241 3575 1296 3632 pax
1311 3575 1374 3631 qua
1390 3575 1447 3614 non
1462 3557 1550 3614 habet
1560 3547 1934 3626 offendiculumestqualra·

1146 3647 1209 3704 het:
1225 3665 1290 3720 quae
1306 3665 1339 3704 ex
1355 3647 1507 3703 dilectione
1522 3650 1576 3715 est,
1591 3664 1652 3705 non
1664 3639 1933 3704 habetotleadiculuu

1145 3754 1209 3810 qua
1224 3754 1259 3793 ex
1274 3735 1472 3805 simulatione,
1488 3736 1586 3793 habet.
1604 3737 1708 3794 ldeoet
1724 3733 1857 3810 propheta
1867 3723 1933 3786 dicit:

1145 3850 1158 3876 ι
1176 3827 1243 3895 Pax,
1255 3843 1325 3898 pax,
1343 3829 1371 3881 el
1385 3825 1435 3880 ubi
1450 3830 1495 3880 est
1510 3841 1566 3898 pax
1581 3825 1689 3898 (licerii.
1712 3842 1775 3892 xm,
1807 3819 1862 3890 tort
1873 3839 1884 3866 ι
1896 3813 1936 3868 lle·

1144 3914 1367 3988 fugiamusergo
1378 3931 1479 3988 pacem
1489 3919 1695 3986 peccatorum;
1711 3909 1868 3985 conspirant
1878 3900 1935 3959 enim

1143 4004 1283 4060 adversus
1298 4003 1493 4070 innocentem,
1510 4007 1617 4059 coeunt
1630 4009 1663 4060 ut
1671 3991 1935 4075 justumopprimaut

264 4123 354 4180 quam
369 4123 427 4162 non
441 4103 640 4177 experiuntur,
656 4097 764 4155 sentire
788 4112 846 4150 non
875 4097 1007 4166 possunt.
1033 4093 1087 4160 Qui
1142 4092 1259 4148 uiduam
1276 4092 1470 4149 exterminent
1484 4091 1528 4148 uel
1545 4096 1716 4168 expugnent
1729 4085 1926 4162 ejuspudcreu-

265 4198 505 4262 autemcaratur,
523 4191 611 4249 etiam
627 4191 766 4254 sanatur,
783 4185 906 4256 ideoque
925 4181 972 4237 his
992 4180 1087 4237 honus
1178 4183 1204 4237 7.
1223 4181 1255 4236 Et
1272 4182 1336 4237 ideo
1366 4204 1381 4231 a
1406 4199 1464 4237 nen
1493 4185 1538 4238 est
1565 4179 1727 4236 reclinatio
1756 4175 1838 4234 morti
1859 4176 1935 4226 eorum

264 4283 465 4350 estmedicus‚
486 4298 560 4354 quos
587 4274 777 4336 sanavitllis
802 4273 891 4345 igitur
918 4271 1014 4328 honus
1042 4274 1087 4326 est
1141 4271 1226 4342 (Paul.
1252 4287 1337 4336 mxu,
1371 4271 1412 4341 ll:
1434 4287 1491 4325 non
1520 4269 1680 4336 declinatio,
1712 4271 1745 4324 at
1768 4262 1935 4340 pleriquee-

263 4371 351 4439 Deus,
367 4371 474 4443 quibus
488 4374 607 4444 peccata
620 4365 756 4431 donavit;
772 4363 822 4435 qui
838 4366 937 4418 autern
965 4359 1085 4415 insana·
1140 4360 1219 4416 dices
1234 4358 1317 4415 latini
1333 4358 1432 4430 scripti
1449 4362 1528 4426 suut,
1546 4358 1596 4414 sed
1611 4359 1759 4415 reclinatio
1771 4353 1832 4428 (25).
1844 4337 1936 4411 Quando

264 4459 320 4515 bilo
333 4465 483 4531 peccatum
499 4455 702 4515 habctmentis
731 4470 789 4509 suar
816 4451 923 4517 ulecre,
936 4449 1083 4522 quomedo
1139 4449 1218 4504 euim
1235 4447 1414 4515 laboramus,
1430 4451 1457 4502 et
1472 4447 1664 4504 incurvamur
1687 4446 1724 4502 sd
1740 4458 1811 4516 opos
1832 4427 1933 4505 aliquod.

262 4553 359 4625 potest
373 4547 519 4605 medicum
539 4548 648 4602 bonum
663 4544 817 4606 estimare,
840 4556 928 4612 quem
957 4537 1083 4610 retugit‘l
1098 4542 1225 4628 Datque
1239 4535 1427 4607 inclinamur,
1444 4553 1497 4591 nos
1513 4535 1657 4592 reclinare
1671 4529 1867 4591 censuerimus
1885 4531 1934 4592 pet·
1987 4585 1988 4590 η

260 4638 386 4696 Pulchre
402 4638 500 4710 itaque
514 4633 680 4707 Apostolus,
693 4637 723 4687 ut
733 4626 1083 4704 promisimusexplana·
1136 4632 1248 4683 catores
1263 4629 1360 4682 autem
1376 4625 1509 4697 gravium
1524 4624 1636 4681 seilicet
1652 4622 1833 4682 delictorum,
1846 4615 1871 4669 el
1885 4619 1934 4709 tut·

259 4731 310 4801 vit,
327 4728 397 4802 quia
412 4730 441 4784 el
455 4725 594 4782 omnihus
621 4723 715 4779 honus
742 4724 787 4776 est
810 4719 898 4784 Deus,
918 4738 929 4767 ι
946 4716 994 4788 qai
1019 4714 1082 4771 uult
1136 4715 1212 4771 xime
1225 4714 1318 4786 impii,
1336 4730 1366 4769 se
1388 4713 1528 4770 reclinare
1544 4729 1601 4770 non
1635 4713 1783 4786 possunt;
1799 4707 1830 4762 de
1850 4695 1933 4772 quau

258 4837 361 4896 omncs
376 4818 511 4875 homines
525 4815 622 4874 salvos
637 4812 698 4868 fieri
713 4812 750 4882 (ll
765 4812 832 4865 Tim.
848 4826 880 4874 u,
897 4807 923 4878 1)
939 4828 953 4858 n
970 4811 1000 4862 et
1018 4821 1080 4860 ma·
1136 4805 1320 4860 dictumest:
1338 4825 1351 4852 (ι
1374 4803 1409 4858 ut
1423 4802 1545 4859 dorsum
1570 4801 1691 4858 illorum
1705 4813 1818 4870 semper
1838 4791 1932 4846 incarn

1137 4946 1241 5004 eorpus
1256 4925 1445 4994 reclinamus,
1461 4925 1516 4983 hoc
1530 4931 1585 4994 cst,
1605 4925 1767 5000 erigimus;
1792 4935 1823 4975 ea
1844 4917 1930 4986 quippi

1134 5002 1178 5057 vis
1193 5005 1237 5056 est
1251 4998 1465 5072 propositionis
1479 5013 1509 5053 re
1522 4997 1552 5053 ia
1573 4995 1785 5071 compositione
1803 4986 1929 5058 verborum

1135 5079 1164 5126 ut
1182 5072 1223 5126 cis
1239 5089 1297 5126 non
1313 5088 1378 5125 raro
1394 5069 1636 5142 significationem
1655 5063 1835 5140 simplicibus
1843 5051 1927 5134 verbu·

1134 5144 1299 5208 autetiam,
1314 5159 1348 5198 ex
1384 5140 1687 5212 repositionibuseum
1698 5125 1926 5214 etineoroposita,

1134 5217 1310 5272 contrariam
1326 5159 1452 5280 trilucem
1469 5217 1501 5266 ut
1516 5217 1596 5284 patet
1614 5211 1646 5266 in
1662 5209 1768 5275 verbis,
1791 5214 1873 5275 signu
1893 5203 1925 5244 Μ’

292 4947 351 5017 (25)
366 4945 475 5002 Revera
485 4939 587 5014 scripti
601 4939 715 4996 codices
730 4935 826 5001 Rom,
843 4931 971 5014 Medici„
981 4931 1079 4998 Cara,

257 5017 573 5089 secuudumgraeeum,
588 5017 699 5067 etcum
716 5007 762 5061 his
789 5007 981 5076 Augustinus,
1007 5018 1080 5083 pra·

256 5090 364 5154 lerunt,
397 5104 453 5144 non
479 5092 519 5142 est
543 5083 688 5141 declinatio
714 5080 797 5132 inerti
825 5092 932 5137 eoram·
971 5075 1080 5154 quilius

256 5160 344 5215 etiam
360 5159 545 5216 annumerari
563 5159 657 5228 petest
671 5145 973 5227 't'treodorctusphuic
1001 5161 1078 5200 enim

257 5238 386 5296 assaraci<
400 5248 464 5301 quer
478 5247 531 5285 vox
547 5229 652 5298 legitur
679 5223 757 5296 apud
789 5219 860 5275 Lxx
872 5290 878 5304 ¹
891 5218 967 5298 idem
994 5216 1079 5288 plane

256 5301 403 5370 signifieat
431 5307 519 5371 atquc
533 5307 702 5372 ἀπαγόρευσις,
741 5292 904 5364 caudiaco,
947 5288 977 5342 rd
1023 5292 1077 5356 est,
1273 5359 1278 5370 ἱ
1395 5354 1400 5366 ι
1450 5301 1482 5409 p
1565 5355 1571 5366 ⁸
1633 5355 1638 5364 Ι
1739 5351 1744 5362 ·
1800 5345 1807 5356 .
1845 5339 1868 5350 Ἰ
1911 5329 1924 5382 d

256 5388 359 5426 eorum
374 5372 511 5428 interitus
525 5370 624 5425 evitari
645 5365 765 5422 minime
781 5369 885 5435 pitcst.
914 5359 976 5414 Non
1002 5357 1077 5414 male
1132 5359 1210 5414 Aliae
1228 5357 1318 5429 hujus
1347 5355 1400 5410 loei
1427 5354 1454 5408 di
1481 5359 1607 5411 croatiae
1632 5371 1663 5408 ra
1686 5357 1762 5408 notis
1786 5339 1877 5429 Aobrlu
1897 5349 1911 5411 a,

255 5447 354 5497 autem
382 5443 418 5497 ab
444 5441 599 5496 Ambrosio
628 5438 741 5495 reddita
769 5442 814 5491 est
840 5450 892 5506 per
919 5429 1077 5486 dictionem
1132 5429 1211 5486 hunc
1227 5444 1356 5495 versum,
1373 5425 1528 5482 etinlocis
1544 5423 1726 5483 variantibus
1754 5417 1851 5476 ultima
1876 5403 1923 5461 edl-

253 5514 412 5580 rectiorem
429 5511 704 5583 siquidemuerbum
726 5501 1077 5585 vetaproprieactionem
1131 5500 1204 5558 lieni
1219 5497 1501 5557 Commentariorum
1518 5497 1546 5556 S.
1576 5494 1734 5572 Augustini
1764 5491 1792 5548 ia
1818 5477 1921 5560 psatnu

217 5579 221 5591 ’
254 5584 355 5656 signat
369 5597 429 5653 qua
442 5576 736 5652 corposintlsctimus
748 5594 781 5633 ac
797 5575 987 5633 inclinamus:
1015 5581 1076 5631 ave·
1132 5571 1258 5650 prolixis
1273 5570 1413 5630 invenies.

252 5659 431 5722 arsenatem
450 5651 625 5709 contrariam
652 5650 795 5708 actionem
821 5665 880 5724 qua
902 5645 1075 5706 inclinatum

1133 5290 1217 5368 signo
1230 5305 1236 5354 ;
1250 5291 1382 5356 contego,
1403 5290 1462 5340 rete
1484 5285 1631 5351 o;inauo,
1644 5295 1747 5341 renuo,
1757 5281 1785 5334 et
1796 5265 1924 5346 similibus.
