4159 6184
120 307 176 370 ior
652 307 704 372 nx
723 309 818 375 nans
837 305 1083 372 rorissmuu
1106 307 1293 372 suerrus.
1371 287 1374 293 ‘
1768 311 1828 376 roa

119 440 158 496 sit
173 440 412 516 intelligendum,
428 460 485 502 non
501 445 574 500 salis
585 446 700 500 constat
714 443 790 498 inter
804 446 946 507 erectores,
964 443 987 507 Λ
1005 455 1085 494 mum
1114 457 1208 508 enirn,
1238 457 1316 497 aaran
1353 442 1383 499 in
1417 443 1500 500 Luna
1527 441 1714 516 Evangelium
1740 448 1828 503 verba

121 546 219 601 neque
234 531 322 587 etiam
338 530 428 602 hujus
442 531 498 588 loci
512 535 557 589 est
576 531 729 604 operosius
744 531 770 584 id
788 531 947 600 explorare.
1006 529 1116 584 t'eoisse.
1136 530 1188 595 Qui
1209 537 1306 586 aulem
1322 537 1480 604 utrumque
1502 539 1708 606 argumentum
1733 538 1828 592 cerdi-

155 621 203 674 75.
226 618 343 675 Glarius
372 619 514 693 quiddam
543 624 632 694 etque
658 619 815 683 illustrius,
832 623 865 674 ut
892 618 950 672 duo
1005 617 1073 672 uuis
1089 619 1249 676 Dominicis
1275 621 1312 675 ad
1335 623 1423 677 linem
1445 637 1539 694 usque
1558 625 1715 680 tractatum
1731 625 1830 682 volent
1886 621 1889 628 ⁴

121 707 279 763 memorati
295 707 454 780 scriptores
470 712 602 774 namnet,
618 705 760 762 divinitus
784 705 900 774 accidit,
915 703 951 761 ad
1004 705 1130 777 (Admau.
1157 708 1189 762 in
1216 707 1275 764 eod.
1303 714 1407 780 opero),
1431 712 1591 782 quominus
1616 713 1769 770 conciones
1799 714 1828 769 in

120 795 309 861 manendam,
324 796 421 870 inquit
444 797 638 871 Augustinus,
660 795 768 851 coliem
791 796 949 867 femineam,
1008 794 1115 852 bucam
1133 795 1267 866 rejicient
1280 796 1309 853 in
1326 801 1496 870 sequentem
1513 801 1711 868 annun1,nihil
1726 802 1829 875 prohi-

121 884 169 940 sed
183 887 510 958 repumitoeiacitctis).
530 885 684 942 Enimvero
704 884 760 940 bno
777 886 952 956 tempestate
1005 882 1094 938 bebit.
1546 926 1552 936 .

123 990 248 1046 corpora
259 973 382 1030 Protesii
398 991 432 1031 ac
447 974 578 1031 Gervasii
592 974 716 1029 fratrum
731 975 893 1044 martyrum
904 971 952 1026 di·
1038 971 1085 1026 78.
1103 970 1236 1044 llpiscopi
1251 973 1372 1029 AEmilia
1396 975 1563 1047 provincia,
1592 993 1656 1048 que
1681 995 1759 1036 nuno
1782 997 1829 1037 ar-

123 1064 193 1117 vino
208 1061 320 1118 monitu
330 1063 486 1120 Ambrosio
498 1068 599 1119 nostro
609 1060 951 1132 mvelatasuntquorum
1005 1057 1223 1131 cbiepiscopatu
1239 1061 1412 1118 Bononiensi
1426 1064 1693 1136 comprehenditur,
1705 1069 1830 1126 Ambru-

123 1149 287 1206 solemnsm
311 1150 560 1219 exhumetionem,
575 1149 857 1220 translationemque
879 1149 951 1203 num
1005 1147 1084 1202 sium
1101 1147 1155 1203 huc
1171 1165 1248 1204 anno
1264 1166 1316 1221 per
1331 1149 1442 1206 litteras
1468 1150 1679 1208 cousuluerunt
1703 1171 1763 1225 qua
1785 1157 1832 1214 die

122 1239 213 1294 refert
225 1238 413 1310 Ambrosius,
429 1256 482 1296 nec
498 1253 649 1296 sermones
674 1239 705 1293 in
728 1253 764 1293 ea
785 1235 952 1292 celebritate
1005 1252 1082 1291 auno
1099 1237 1230 1308 proximu
1242 1237 1349 1294 festum
1364 1237 1514 1294 Psechatis
1525 1241 1829 1315 assetuelebrandum3

122 1329 175 1383 abs
196 1343 230 1384 se
256 1327 382 1395 habitos,
399 1344 454 1385 nec
481 1326 624 1386 miracula
647 1342 755 1399 magno
783 1341 906 1381 numero
934 1341 953 1381 a
1004 1325 1114 1379 etenim
1129 1340 1196 1380 cum
1210 1327 1271 1382 fors
1285 1325 1421 1392 viderint,
1436 1331 1467 1381 nt
1481 1327 1510 1382 in
1523 1345 1562 1383 vu
1577 1327 1639 1386 Kal.
1650 1329 1742 1386 Maias
1757 1331 1831 1389 illud

122 1415 307 1488 martyribus
320 1420 391 1472 tunc
406 1420 574 1488 perpetrata
587 1414 706 1470 silentio
720 1411 950 1486 preteritiepist.
1005 1412 1157 1480 incideret,
1176 1417 1274 1468 utrum
1300 1413 1349 1469 hic
1372 1415 1435 1470 dies
1460 1417 1498 1470 ad
1522 1415 1650 1487 primum
1665 1420 1830 1491 aequinoctii

120 1506 167 1573 22)
183 1523 191 1560 :
209 1505 273 1560 imo
289 1521 342 1560 nec
356 1503 747 1569 calumniasbaeraticorum,
763 1501 815 1574 qui
835 1497 952 1556 diabolo
969 1523 972 1532 ·
1005 1516 1138 1557 mensem
1155 1502 1323 1572 pertineret,
1338 1501 1381 1558 illi
1397 1503 1595 1576 ambigebant.
1613 1505 1719 1561 dorum
1741 1509 1830 1565 intur-

121 1595 186 1666 ipse
201 1593 301 1665 mame
315 1593 430 1666 perfidi,
445 1609 520 1666 quos
533 1592 641 1650 Christi
657 1596 800 1664 martyres
813 1589 862 1644 bio
876 1589 952 1644 lete·
1005 1591 1148 1660 rogationi
1164 1590 1308 1646 satisfecit
1332 1597 1450 1647 sanctus
1475 1592 1599 1649 antistes
1614 1593 1711 1666 (epist.
1727 1597 1783 1664 23),
1803 1601 1833 1654 et

122 1683 221 1749 batur,
238 1681 386 1740 obstinate
395 1684 482 1753 juxta
496 1698 530 1737 ac
544 1679 732 1752 impudenter
746 1694 852 1750 negare
861 1677 950 1733 aude·
1005 1679 1111 1733 solutis
1125 1679 1264 1750 omnibus
1274 1678 1509 1748 difficultatibus,
1526 1697 1559 1737 οο
1576 1680 1622 1738 die
1637 1691 1832 1742 memoratum

121 1771 203 1826 bant.
219 1769 420 1842 Augustinus,
434 1769 485 1841 qui
502 1785 630 1841 presens
645 1771 717 1833 erat,
730 1765 838 1822 horum
861 1765 950 1821 etiam
1005 1766 1112 1822 festum
1128 1766 1269 1823 celebrari
1284 1767 1388 1824 debere
1403 1768 1523 1840 planum
1539 1769 1617 1826 lacit.

122 1876 182 1914 non
197 1858 292 1914 semel
307 1858 441 1914 meminit
454 1857 556 1931 (lile
567 1857 645 1928 Gaas.
656 1872 719 1928 cap.
736 1872 791 1922 vu,
806 1859 835 1910 et
848 1852 899 1909 lib.
916 1853 951 1909 ll.
1042 1854 1088 1910 79.
1103 1855 1157 1912 Per
1176 1861 1379 1927 tempestatem
1401 1858 1614 1914 vindemiarum
1637 1861 1832 1934 Augustinus,

121 1949 227 2005 liena
243 1947 315 2016 Deip.
340 1946 483 2002 Paulinus
506 1950 617 2017 autem,
635 1963 655 2001 a
674 1960 733 2016 quo
761 1942 812 1998 illa
836 1957 953 2014 quoquc
1007 1945 1093 2014 cnjus
1108 1945 1289 2000 conversioni
1312 1961 1481 2016 supremam
1506 1963 1628 2004 manum
1643 1949 1720 2006 Deus
1738 1950 1832 2024 impo-

122 2051 183 2090 non
197 2034 390 2102 omittuntur,
405 2024 546 2106 οᾱὶιιοοιι
559 2033 695 2106 quedam
709 2031 800 2102 hujus
816 2044 953 2102 persecu·
1007 2036 1117 2099 suerat,
1134 2032 1212 2088 venit
1235 2035 1265 2088 in
1291 2033 1450 2090 Cassianam
1474 2036 1627 2093 veremundi
1648 2039 1746 2095 uillam
1768 2039 1831 2112 (lib.

121 2123 215 2179 tionis
235 2123 386 2178 memoria
413 2122 552 2194 prodidit,
570 2137 635 2194 que
662 2118 836 2177 Ambrosius
863 2121 953 2190 atque
1008 2121 1044 2178 lx
1059 2121 1136 2195 Cous.
1153 2137 1216 2194 cap.
1232 2123 1275 2194 vl:
1291 2123 1475 2196 atevestigio
1496 2123 1566 2180 hinc
1580 2127 1616 2181 ad
1631 2127 1830 2198 Ambrosium,

121 2210 310 2284 Augustinus
324 2211 477 2267 reticuere.
493 2209 670 2282 Hujusmodi
693 2214 738 2265 est
761 2207 838 2280 quod
852 2210 955 2264 narrat
1008 2227 1096 2282 quem
1112 2210 1141 2266 in
1156 2210 1211 2266 hoc
1227 2227 1313 2283 opere
1338 2210 1512 2286 primarium
1536 2213 1641 2269 dimna
1662 2217 1761 2288 gratie
1776 2218 1833 2274 mi-

124 2301 161 2357 de
175 2299 338 2373 Euthymio
359 2299 402 2371 (iu
417 2300 479 2356 Vita
491 2300 585 2356 Amtr.
602 2315 685 2356 nam.
701 2297 735 2352 ll
750 2300 777 2352 et
789 2296 885 2368 seqq),
902 2295 953 2368 qui
1008 2298 1133 2355 nistrum
1149 2298 1284 2370 ducebat,
1301 2298 1414 2356 litterae
1438 2300 1520 2357 dedit
1537 2302 1619 2370 (ibid.
1641 2317 1704 2377 cap.
1717 2307 1758 2379 vr)
1776 2325 1783 2363 :
1800 2311 1835 2364 dt

123 2405 193 2446 cum
219 2389 362 2444 mandato
390 2388 587 2461 imperatricis
614 2385 782 2443 vehiculum
809 2387 952 2457 parasset,
1008 2388 1147 2453 intimavi,
1165 2388 1270 2460 iuquit,
1295 2403 1344 2460 per
1368 2389 1472 2446 litteras
1498 2392 1617 2447 nutanti
1631 2395 1678 2449 tuo
1691 2410 1754 2451 uero
1767 2412 1832 2452 aaa·

124 2495 186 2551 quo
209 2481 349 2534 sanctum
373 2477 533 2534 antistitem
556 2480 720 2549 exportaret
746 2473 777 2530 in
805 2471 953 2539 exsilium,
1007 2479 1049 2530 cto
1077 2474 1216 2532 Ambrosio
1242 2478 1375 2546 pristinos
1402 2493 1509 2534 errores
1541 2495 1623 2549 meos,
1658 2489 1684 2538 et
1711 2499 1833 2555 precem

125 2565 264 2640 sequenti
279 2560 954 2638 anuosolumvertersipsemetjussua,eodem
1009 2572 1100 2620 uotum
1112 2579 1213 2632 uacum
1229 2567 1260 2619 ut
1277 2574 1400 2621 maeret
1422 2567 1489 2638 quid
1507 2569 1685 2639 potissimum
1707 2572 1780 2629 mibi
1801 2573 1834 2632 de

124 2673 216 2712 carru
232 2655 329 2728 patria
342 2654 481 2712 excedere
503 2658 622 2710 coactus
645 2653 711 2710 init.
727 2653 783 2708 Sed
808 2650 865 2707 utri
888 2666 953 2722 per·
1008 2652 1089 2705 libris
1121 2651 1175 2705 titia
1200 2649 1346 2720 leucidum
1369 2661 1445 2721 esset,
1467 2668 1518 2723 quo
1543 2657 1729 2727 percipiendae
1751 2664 1834 2716 tante

125 2742 273 2802 emutioni
282 2743 337 2799 boc
349 2743 610 2807 tribuendum,non
620 2737 955 2813 explicuitdiroiterhoc
1008 2741 1108 2808 pratia
1119 2740 1246 2812 paratior
1257 2741 1378 2812 aptiorue
1392 2741 1496 2810 Acrem
1511 2743 1546 2797 At
1560 2743 1609 2798 ille
1624 2745 1710 2814 junii
1727 2749 1833 2804 leniam

125 2835 218 2890 etiam
240 2837 357 2904 tempus
380 2831 511 2889 evenisse
538 2831 617 2888 idem
647 2829 762 2896 asserit,
787 2834 820 2885 ut
843 2828 874 2883 in
901 2827 953 2883 ltc-
1007 2829 1189 2899 proplietam:
1204 2827 1282 2884 credo
1295 2829 1436 2900 quodprse
1445 2832 1832 2904 cemisnvcnpetiimcatic

125 2921 226 2978 alesia
241 2921 388 2992 gremium
412 2923 606 2976 reverteretur
626 2917 747 2991 quidam
770 2933 805 2972 ex
827 2913 954 2984 Arianis,
1008 2917 1106 2986 nisque
1118 2917 1243 2986 centium
1257 2918 1508 2989 aitprenuntiator
1521 2921 1654 2991 apertior.
1678 2922 1833 2982 Verumta-

126 3010 208 3082 (ltin.
226 3007 789 3082 num.17),quiaugelumsanctoviro
810 3011 955 3064 astantem
1009 3022 1078 3061 men
1099 3021 1167 3060 cum
1191 3005 1338 3078 prophete
1363 3005 1453 3079 hujus
1481 3007 1553 3064 satis
1575 3011 1693 3082 assequi
1712 3028 1832 3070 sensum

125 3099 292 3155 sevidisse
316 3097 423 3168 aiebat,
437 3102 469 3154 et
491 3114 556 3170 que
581 3095 689 3170 populo
716 3101 874 3169 exponeret
897 3095 954 3169 ipsi
1010 3109 1068 3148 uon
1086 3097 1193 3164 posset,
1209 3093 1274 3164 ejus
1288 3093 1442 3150 lectionem
1468 3095 1497 3150 in
1522 3096 1601 3152 aliud
1621 3101 1737 3172 tempus
1751 3107 1833 3160 ratus

126 3191 350 3260 suggerentem.
968 3170 990 3237 C
1008 3186 1054 3239 est
1068 3181 1270 3238 differendam.

162 3278 209 3332 76.
227 3275 271 3331 Re
284 3291 353 3332 vera
366 3274 488 3332 minime
501 3275 661 3332 obscurum
673 3277 719 3331 est
732 3273 788 3330 hac
800 3273 866 3346 ipsa
880 3278 953 3330 mm·
1044 3271 1080 3326 80
1095 3271 1160 3334 (Aa.
1177 3271 1253 3342 387.)
1267 3271 1372 3327 Statim
1397 3276 1485 3346 atque
1509 3277 1626 3346 tempus
1649 3277 1752 3346 adluit,
1773 3295 1832 3352 quo

126 3368 247 3440 pmtate
258 3363 464 3436 pronuntiatos
473 3380 538 3421 esse
550 3363 619 3419 illos
633 3378 832 3430 sermones,ex
846 3360 955 3436 quibua
1008 3356 1211 3414 catechumeni
1227 3375 1258 3416 se
1272 3361 1309 3415 ad
1324 3360 1506 3431 baptismum
1520 3362 1641 3420 inscribi
1656 3370 1832 3436 curent,sub

126 3451 379 3526 prestantissima
404 3450 498 3507 saneti
521 3450 649 3508 doctoris
676 3466 765 3523 opera
792 3449 956 3523 composita
1008 3451 1167 3503 extremam
1197 3445 1308 3503 scilicet
1340 3448 1609 3522 Ouadregesimnm,
1637 3455 1832 3528 Augustinus,

122 3546 209 3600 sunt.
225 3541 368 3612 depositio
381 3542 412 3596 in
432 3542 570 3613 psalmum
594 3556 677 3596 cxviii
693 3539 817 3611 (Admau.
832 3541 864 3595 ia
883 3541 956 3596 tuac
1007 3535 1110 3608 Alypio
1125 3551 1189 3602 suo,
1206 3539 1235 3591 et
1248 3535 1308 3591 illio
1322 3537 1469 3594 Adeodnto
1485 3541 1705 3610 comitantibus,
1723 3545 1832 3603 ltledio-

120 3631 221 3703 pant).
239 3645 305 3700 qua
319 3628 396 3685 inter
408 3628 592 3702 pulcherime
605 3628 739 3700 ejusdem
762 3633 955 3685 monumenta
1008 3622 1109 3681 lanum
1126 3623 1221 3693 rediit,
1236 3627 1268 3679 ut
1283 3624 1373 3680 simul
1395 3625 1424 3681 in
1449 3629 1582 3684 ordinem
1603 3634 1832 3705 competentium

118 3722 192 3793 jure
205 3722 400 3786 memoratur,
413 3717 523 3774 multos
537 3733 689 3774 sermones
702 3716 825 3787 hujusce
839 3717 908 3773 anni
923 3717 954 3774 in
1008 3713 1255 3768 admitterentur:
1274 3713 1332 3780 liti,
1357 3713 1399 3769 ait
1422 3714 1480 3782 ille,
1504 3724 1612 3789 tempus
1635 3721 1756 3790 aduenit,
1780 3740 1833 3798 quo

122 3825 157 3866 se
172 3806 308 3862 eontinet
324 3822 331 3862 :
347 3806 398 3861 sed
413 3805 524 3862 maltos
538 3805 628 3862 etiam
652 3805 721 3861 anni
744 3805 905 3876 sequentis,
920 3809 956 3861 ut
1006 3817 1051 3858 me
1070 3816 1170 3857 nomen
1184 3801 1250 3858 dore
1270 3805 1414 3873 oporteret,
1439 3806 1532 3861 relicto
1555 3823 1622 3863 rure
1644 3811 1834 3870 Mediolanum

121 3894 262 3952 suoloco
278 3892 753 3966 demonstratumestiddmonitin
767 3895 870 3965 Eapcs.
880 3893 951 3967 piat.
1008 3892 1196 3947 remeavimus.
1219 3890 1347 3963 Contigit
1367 3896 1464 3947 autem
1490 3897 1522 3948 ut
1544 3899 1615 3950 tnnc
1636 3899 1778 3970 temporie
1800 3901 1834 3958 de

120 3988 236 4050 mviii).
253 3981 348 4053 ilique
369 3981 465 4054 operis
488 3981 546 4038 buo
568 3986 681 4054 spectat
703 3981 897 4054 propositum,
921 3986 956 4038 nt
1006 3979 1158 4036 moralitas
1176 3979 1367 4051 quotidianum
1389 3995 1542 4036 sarmatam
1565 3981 1686 4040 haberet
1709 3989 1833 4045 Ambro-

122 4071 287 4130 Cbmstiani
298 4070 501 4127 etollloiorum
515 4087 637 4128 suorum
651 4070 846 4127 informentur
854 4070 954 4145 cogni·
1007 4068 1071 4124 sius
1091 4067 1140 4140 (lte
1168 4071 1249 4140 myst.
1274 4084 1337 4141 cap.
1365 4085 1385 4135 1,
1410 4085 1440 4125 n.
1464 4068 1500 4140 l).
1524 4070 1600 4126 Alibi
1623 4088 1690 4130 vero
1703 4074 1833 4133 declara·

121 4162 216 4228 tiene,
233 4164 264 4214 et
285 4158 323 4215 ad
349 4158 452 4216 eadem
476 4174 593 4215 morum
617 4158 769 4216 honestate
789 4175 823 4215 aa
836 4158 954 4233 pietatis
1007 4161 1072 4213 tum
1097 4162 1151 4224 est,
1177 4155 1318 4213 moralem
1341 4156 1441 4226 istam,
1461 4175 1551 4230 quem
1576 4158 1630 4217 boc
1652 4160 1715 4219 locu
1736 4164 1833 4224 innuit

121 4249 207 4305 cultu
233 4246 386 4320 implenda
411 4245 645 4304 stimularentur.
663 4246 693 4302 ld
724 4252 822 4304 autem
850 4248 954 4304 heatus
1008 4245 1086 4302 idem
1102 4245 1258 4318 episcopus
1273 4244 1397 4317 (Admau.
1421 4248 1453 4302 ia
1479 4247 1526 4302 lit.
1542 4247 1576 4304 de
1590 4249 1714 4321 larun),
1729 4253 1832 4327 dispu-

121 4339 210 4393 Pater
225 4335 334 4393 melias
348 4335 423 4393 effici
436 4335 556 4392 omnino
566 4351 624 4392 non
634 4351 720 4409 posse
732 4335 954 4405 arbitratusest,
1007 4333 1147 4390 tationem
1171 4335 1268 4406 aptius
1284 4333 1407 4407 intelligi
1434 4336 1607 4409 neutiquam
1630 4355 1726 4410 posse,
1742 4359 1832 4414 quam

121 4442 214 4499 quam
230 4423 416 4498 psalmorum
431 4423 621 4491 nobilissimi,
639 4423 844 4491 nemoralium
859 4441 955 4497 prece-
1008 4422 1045 4478 de
1071 4421 1268 4490 sermonibus,
1296 4438 1330 4478 cx
1356 4422 1463 4494 quibus
1502 4423 1568 4480 libri
1596 4427 1632 4481 de
1658 4429 1834 4500 patriarchis

121 4515 262 4588 pticnum
278 4512 464 4569 refertissimi
479 4513 677 4581 enarratione3
693 4514 740 4569 cui
750 4519 890 4587 preterea
904 4495 953 4570 bn·
968 4533 991 4598 p
1007 4509 1161 4582 compositi
1177 4516 1256 4565 sunt.
1274 4508 1362 4565 Primi
1378 4512 1547 4568 eorumdem
1563 4513 1744 4574 collocantur
1765 4519 1833 4577 libri

125 4617 234 4658 nexam
249 4600 343 4658 voluit
354 4599 578 4672 explicationem
593 4599 725 4657 locorum
740 4616 756 4657 e
770 4600 953 4658 Canticisbe-
1006 4597 1038 4654 de
1052 4598 1201 4664 Abrabam,
1217 4614 1274 4670 quo
1299 4598 1329 4653 in
1353 4615 1437 4669 opere
1460 4603 1552 4658 sancti
1569 4603 1659 4676 hujus
1681 4606 1733 4663 viri
1751 4609 1832 4681 impi-

120 4708 160 4747 us
186 4689 362 4757 multorum,
378 4705 454 4761 quos
483 4693 656 4762 argumento
683 4706 738 4746 suo
767 4691 862 4764 magis
883 4707 952 4748 con·
1008 4703 1087 4756 aram
1101 4686 1347 4758 fideideuotiouem
1369 4689 1543 4747 Ambrosius
1565 4693 1748 4752 demonstrat
1768 4696 1830 4767 (lib.

119 4795 228 4852 gruere
243 4777 431 4834 existimavit.
1009 4778 1046 4833 de
1059 4777 1164 4848 loseph,
1181 4791 1244 4848 cap.
1260 4793 1281 4841 1,
1298 4791 1380 4831 num.
1397 4779 1436 4849 7),
1456 4779 1493 4834 ab
1518 4779 1582 4852 ipsa
1607 4797 1724 4855 quoque
1747 4782 1832 4840 faeda

157 4871 204 4924 77.
232 4865 371 4934 Quamvis
400 4866 517 4924 Beronii
545 4865 692 4924 sententia
716 4867 805 4924 fuerit
828 4869 954 4926 Ambro-
1009 4865 1176 4938 impletum,
1192 4864 1270 4935 quod
1287 4865 1335 4920 vix
1352 4866 1457 4937 jejuna
1480 4869 1608 4940 quadam
1623 4869 1689 4926 idea
1702 4869 1831 4942 pbiloso-

120 4959 209 5014 siana
221 4956 255 5012 in
269 4954 462 5029 llmugelium
478 4956 555 5012 beati
571 4955 954 5012 Lucecommentariainde
1009 4954 1059 5026 phi
1074 4952 1251 5009 intellexere.

121 5049 158 5102 ab
174 5061 254 5102 anno
268 5045 323 5100 eto
336 5045 447 5117 scripta
460 5044 568 5113 fuisse;
583 5047 713 5102 attamen
728 5049 809 5101 extra
830 5044 953 5101 dubium
1044 5043 1088 5098 8l.
1105 5041 1190 5098 Liber
1204 5042 1236 5097 de
1250 5045 1326 5099 isaac
1341 5053 1367 5102 et
1379 5046 1475 5100 cairan
1496 5047 1570 5101 duos
1595 5043 1660 5100 illos
1685 5047 1829 5118 sequitur.

121 5139 168 5191 est
180 5134 212 5190 in
228 5131 430 5199 sermonibus,
448 5149 484 5189 ex
506 5132 616 5204 quibus
639 5138 825 5204 compactum
839 5137 885 5190 est
898 5133 954 5190 boc
1008 5131 1061 5187 llic
1071 5137 1169 5187 autem
1178 5147 1212 5187 eo
1225 5131 1395 5204 pertinet,ut
1404 5134 1434 5189 iu
1445 5133 1545 5189 eodem
1557 5139 1657 5188 sancto
1668 5134 1833 5206 patriarcba

122 5223 225 5295 ipsum
240 5237 327 5295 opus,
340 5219 519 5277 Arienorum
534 5220 743 5291 infestationis,
756 5225 897 5294 tanquam
913 5220 954 5277 rei
1007 5223 1125 5277 sincerae
1141 5221 1240 5276 mentis
1257 5223 1409 5294 puritatem
1432 5219 1525 5276 oculis
1547 5219 1706 5292 subjiciens
1728 5223 1830 5299 (itta),

122 5311 285 5368 mmodnm
301 5309 437 5380 meantis,
453 5309 518 5367 lieri
533 5309 723 5368 mentionem.
738 5309 864 5368 Aliunde
886 5327 953 5367 vero
1008 5309 1106 5382 ipsum
1122 5307 1229 5365 tlbristi
1251 5309 1378 5378 Domini,
1403 5308 1564 5365 Rebeccam
1587 5325 1654 5366 vero
1676 5311 1740 5383 ejus
1761 5331 1831 5371 uxo·

123 5417 191 5457 cum
205 5404 350 5474 appareat
361 5400 481 5457 eoadem
496 5416 648 5457 sermones
662 5417 720 5456 non
736 5400 794 5456 nisi
809 5399 953 5474 perbien-
1008 5413 1070 5454 rem
1087 5396 1221 5454 Ecclesiae
1236 5403 1337 5470 typum
1348 5395 1494 5453 exstitisse
1509 5398 1664 5470 patefaciat
1680 5419 1686 5458 :
1704 5418 1756 5458 nen
1772 5419 1831 5461 non

125 5489 206 5547 mum
221 5491 319 5547 fuisse
334 5487 498 5562 absolutos,
513 5492 601 5546 erunt
624 5489 697 5545 forts
720 5488 771 5562 qui
795 5489 955 5562 conjiciant
1009 5491 1168 5559 utrumque
1183 5484 1268 5542 illum
1283 5487 1438 5558 coniugem
1461 5486 1565 5543 anima
1583 5487 1678 5550 tidelis
1690 5507 1758 5550 cum
1774 5507 1830 5554 cte-

125 5578 274 5654 iootorem
289 5581 427 5640 numam
440 5577 561 5642 uana
570 5576 733 5642 Dominicis
747 5581 819 5642 tuuc
829 5576 859 5640 in
874 5577 954 5658 psal-
1008 5575 1077 5638 testi
1092 5591 1202 5654 sponse
1216 5572 1328 5652 nuptiis
1343 5575 1554 5638 accommodet.
