4159 6184
227 306 287 372 boi
950 306 990 389 Ι8.
1015 304 1203 379 inescati
1672 338 1674 345 ·
1852 320 1902 385 itt

263 447 308 504 59.
325 444 388 512 Oua
401 448 499 504 autam
514 442 627 504 ratione
640 439 744 504 dixerit
753 441 831 519 quod
846 458 915 502 aves
930 444 1091 514 descen-A
1429 438 1542 507 CAPUT
1561 444 1608 505 tx.

228 535 326 596 derint
348 552 437 609 supra
463 534 557 593 divisa
582 551 704 609 corpore
718 532 826 604 vitulas,
840 550 944 607 capre,
960 539 1049 608 atque
1105 533 1194 604 Quare
1216 532 1342 595 ceciderit
1361 550 1483 595 moerens
1497 552 1529 595 oe
1550 538 1648 595 timere
1671 548 1749 610 snper
1769 538 1906 607 Abrabam:

228 625 327 681 arietis
339 623 416 692 (Gen.
432 643 478 694 xv,
496 627 551 697 lt),
568 642 623 681 nou
646 624 730 680 lacile
751 623 874 697 reperio,
900 623 956 680 nisi
969 624 1048 697 quod
1140 608 1240 679 luitici
1255 608 1391 666 ''eddi'fflm
1410 608 1498 666 eidem
1511 609 1653 667 ‘’minist-m
1667 608 1699 665 di
1714 626 1768 667 Μ
1780 614 1907 683 immitit·

228 713 326 779 omuia
347 718 473 781 terrena,
491 713 646 781 maritima,
662 718 750 785 atque
773 713 837 785 ipss
858 713 937 770 aeria
962 713 1050 785 plena
1139 680 1470 823 ffi'sstepgsgmsmdgxe
1482 682 1909 893 {hmlissssfgsserfggiissmepss

228 809 299 859 suut
313 803 487 860 insidiarum
502 820 535 858 ao
550 801 959 874 perturbationumvideutur
969 804 1047 858 enim
1140 822 1202 878 pm
1215 824 1367 895 ,φῆμαι
1378 824 1434 891 Quo
1444 823 1558 895 denique
1570 824 1638 879 „ispo
1670 839 1765 879 amm
1776 829 1851 897 atque
1861 828 1909 895 pop,

228 909 296 950 svss
324 893 387 949 istae
410 892 466 947 cibi
492 908 580 946 causa
599 891 786 947 descendisse
798 908 888 963 supra
915 907 1047 963 corpora.
1140 895 1216 949 nucu
1228 895 1386 965 pertineat?

228 981 402 1038 Naturaliter
417 986 515 1036 autem
528 977 712 1036 violentiores
733 980 919 1051 potioresque
937 980 1049 1036 viribus
1140 981 1329 1055 til.1)euique
1344 998 1433 1054 quem
1448 982 1502 1039 boc
1514 982 1661 1039 abranam
1676 981 1797 1055 spiritali
1810 988 1838 1040 et
1851 1000 1909 1056 pro·

227 1086 316 1140 super
330 1068 506 1123 infirmiores
522 1067 649 1137 irruunt,
665 1073 693 1125 et
707 1068 792 1141 quasi
806 1068 931 1124 mortuis
946 1084 1048 1140 corpo·
1105 1070 1220 1143 pbetico
1236 1071 1341 1127 ellectu
1357 1071 1455 1127 iecerit
1470 1069 1623 1143 sequeutia
1638 1071 1751 1127 docent.
1767 1072 1836 1127 Nem
1855 1072 1911 1128 solis

227 1156 311 1213 ribus
337 1156 523 1219 incumbunt,
548 1174 583 1213 er
609 1156 768 1227 improviso
796 1158 978 1230 frequentius
1009 1156 1048 1211 ir·
1104 1176 1200 1217 occasu
1215 1176 1338 1216 moesus
1351 1160 1448 1217 cecidit
1461 1176 1544 1232 super
1557 1175 1620 1216 enne
1633 1177 1642 1214 :
1657 1165 1684 1216 et
1699 1175 1757 1215 ecee
1771 1162 1849 1215 timer
1862 1178 1912 1216 rno-

227 1251 346 1302 rueutes
367 1262 373 1301 :
394 1244 449 1311 vei,
470 1246 547 1317 quod
578 1244 675 1300 verius
705 1250 786 1317 puto,
815 1245 885 1319 quia
912 1245 1050 1318 princeps
1104 1266 1176 1319 qnae
1190 1253 1216 1305 et
1230 1250 1386 1306 terrebroeue
1402 1249 1525 1305 incubuit
1538 1264 1620 1321 snper
1632 1264 1696 1304 enm
1709 1248 1784 1317 (Gen.
1800 1266 1844 1317 xv,
1863 1250 1912 1321 le).

227 1335 330 1399 muudi
355 1334 456 1407 hujus,
472 1340 500 1390 et
521 1336 653 1391 volucres
677 1334 751 1402 coeli,
776 1333 973 1408 spiritualium
999 1349 1049 1389 ne·
1104 1338 1247 1394 Excessus
1262 1338 1412 1411 prophetis
1427 1338 1490 1394 lieri
1506 1338 1590 1403 solet,
1607 1337 1683 1393 siout
1698 1335 1787 1393 babes
1802 1336 1914 1409 Prophe-

227 1424 325 1497 quitiae
341 1441 405 1496 que
421 1428 491 1480 sunt
506 1424 535 1479 in
550 1423 727 1491 coelestibus,
752 1441 802 1480 eos
824 1425 876 1495 qui
898 1424 1050 1479 mundone
1105 1430 1165 1482 tam
1180 1426 1290 1483 dixisse
1306 1442 1313 1482 ε
1330 1429 1389 1498 Epo
1403 1426 1465 1482 dici
1478 1428 1508 1481 in
1518 1441 1628 1483 eccesau
1642 1441 1702 1481 mco
1717 1442 1727 1481 :
1743 1424 1833 1481 ¹imnis
1846 1426 1913 1480 tome

227 1512 426 1569 sollieitudine
442 1529 570 1585 ruraque
585 1512 672 1568 dtvisi
686 1512 848 1586 sunt,gravi
859 1515 940 1567 motu
955 1511 1048 1567 inces-
1103 1514 1223 1573 medere
1237 1516 1321 1587 (Paci.
1339 1515 1442 1587 oav,2).
1458 1514 1575 1571 Excedit
1588 1514 1667 1571 euim
1684 1529 1767 1570 meus
1781 1512 1915 1586 prophete

226 1608 332 1661 santet
346 1600 425 1679 velut
438 1601 580 1657 cadavera
594 1604 776 1657 mortuorum
791 1600 950 1657 dilacerent
964 1600 1049 1656 deute
1104 1603 1184 1660 velut
1199 1604 1272 1660 fines
1293 1604 1437 1675 quosdam
1458 1602 1594 1660 humone
1616 1602 1787 1676 prudentie,
1810 1601 1916 1675 quaudo

225 1707 338 1763 aspero.
355 1690 395 1746 Da
411 1690 457 1746 his
471 1690 549 1745 enirn
566 1689 760 1746 dictumest:
778 1692 909 1761 ltetinqnc
926 1695 1050 1744 rncrtuoe
1104 1691 1235 1764 repletur
1248 1691 1317 1749 Deo.
1333 1692 1367 1748 lit
1379 1696 1447 1748 ants
1461 1694 1582 1749 evacuat
1602 1708 1634 1747 se
1655 1689 1876 1764 cogitationibus
1894 1692 1918 1744 at

224 1779 341 1851 sepetire
360 1782 480 1834 nrortnor
506 1795 569 1835 euos
597 1780 672 1851 (Luc.
699 1796 735 1844 ιιι,
759 1778 816 1846 60),
833 1778 903 1851 quia
925 1782 995 1833 sunt
1013 1776 1049 1833 de
1105 1780 1368 1855 disceptationibus
1383 1779 1482 1837 saculi
1497 1780 1634 1853 hujus,ut
1648 1778 1815 1836 advenienti
1830 1777 1918 1851 gratie

225 1885 314 1942 regno
329 1867 436 1924 dioboli
460 1867 510 1940 qui
533 1867 564 1922 ιιι
583 1867 715 1940 seipsum
730 1866 842 1923 diuisus
856 1873 910 1924 est.
927 1866 981 1932 Qui
996 1882 1047 1922 au·
1104 1870 1231 1942 spiritali
1245 1886 1351 1943 puram
1366 1886 1398 1926 ee
1410 1875 1438 1926 et
1454 1868 1633 1927 exinanitum
1648 1868 1919 1941 prebeatsuperte·

224 1962 285 2013 tem
301 1961 370 2014 sunt
385 1957 421 2013 de
434 1972 522 2029 reguo
536 1955 709 2028 Dei‚quibus
724 1956 796 2012 dicit
810 1956 897 2011 iesus
910 1972 916 2009 :
929 1957 1049 2027 chnem
1104 1960 1176 2026 nist,
1191 1959 1221 2015 in
1237 1974 1301 2015 eam
1318 1958 1445 2032 Spiritus
1460 1964 1581 2015 sanetus
1606 1974 1717 2029 magua
1741 1970 1772 2013 se
1787 1956 1815 2012 vi
1829 1955 1917 2011 iniun-

224 2048 274 2103 Dei
298 2047 375 2101 intro
398 2061 443 2101 uos
465 2050 505 2101 est
531 2045 607 2117 (Luc.
632 2062 701 2113 xvir,
725 2046 783 2117 21),
797 2044 828 2101 bi
844 2060 902 2100 nou
918 2048 988 2100 suut
1003 2044 1046 2100 di·
1104 2048 1231 2114 densita
1244 2052 1275 2103 ut
1290 2062 1374 2103 mens
1389 2047 1518 2103 bominis
1533 2046 1630 2103 subito
1645 2046 1792 2103 turbetur.
1800 2043 1920 2115 Denique

223 2135 289 2203 visi,
306 2134 617 2208 quiuadhrereutltco,
633 2136 764 2206 qrrcnicrn
787 2135 835 2205 qni
854 2133 978 2190 alteret
991 2149 1048 2189 mc·
1103 2136 1226 2210 augelus
1248 2134 1327 2193 venit
1349 2136 1385 2191 sd
1411 2135 1545 2203 Mariam,
1568 2139 1597 2192 et
1619 2150 1688 2191 cum
1715 2132 1868 2190 sedulitate
1893 2134 1917 2186 et

224 2226 433 2292 wintrionem
454 2239 551 2296 corpis
565 2226 605 2278 cst
620 2242 631 2278 :
645 2224 733 2279 Erunt
756 2225 840 2290 enim,
866 2224 969 2295 inquit,
994 2222 1048 2278 deo
1104 2226 1198 2297 gratia
1212 2224 1299 2291 veuit,
1316 2228 1344 2279 st
1359 2228 1456 2281 temen
1479 2223 1570 2280 Maria
1594 2229 1674 2279 mota
1695 2226 1742 2279 est
1765 2221 1794 2278 in
1810 2220 1919 2276 introitu

224 2298 351 2369 incarne
366 2330 432 2368 ιιιιιι.
448 2313 501 2380 Qui
514 2317 607 2368 eutem
630 2312 750 2368 ediceret
777 2313 892 2367 Domino
907 2312 1047 2382 enterspi-
1104 2314 1178 2385 ejus.
1196 2312 1276 2369 Unde
1292 2312 1413 2386 augelus
1429 2313 1469 2369 ait
1484 2313 1600 2369 adeam
1616 2329 1623 2368 ι
1640 2317 1681 2369 lte
1701 2314 1809 2379 timeus,
1833 2310 1921 2373 darer,

223 2404 294 2459 ritus
308 2409 347 2458 est
361 2402 385 2473 (t
399 2401 460 2457 Cor.
485 2418 524 2468 vr,
549 2401 584 2457 te
605 2405 634 2456 et
662 2402 702 2455 17.
728 2400 779 2456 Isti
803 2416 871 2473 ergo
897 2416 955 2456 nou
979 2402 1049 2455 sunt
1103 2403 1234 2459 invenisti
1248 2404 1323 2458 enim
1338 2404 1457 2473 pretium
1471 2400 1544 2473 opud
1558 2402 1644 2457 emm
1658 2420 1668 2457 .·
1681 2405 1710 2457 et
1723 2415 1783 2456 eece
1796 2398 1922 2469 concipies

224 2495 340 2547 mortua
356 2506 489 2563 corpora,
505 2493 538 2544 ut
560 2489 691 2546 volueres
718 2488 783 2545 coeli
807 2488 964 2545 comedant
986 2504 1048 2554 sos,
1104 2492 1135 2547 in
1159 2499 1244 2560 uero,
1270 2494 1296 2547 et
1314 2492 1408 2564 peries
1430 2490 1521 2561 sitium
1543 2491 1620 2559 (duc.
1637 2506 1658 2556 1,
1675 2490 1722 2557 30,
1739 2490 1798 2560 31).
1822 2488 1924 2559 Cogno-

223 2579 274 2635 sed
290 2582 361 2634 suut
374 2576 507 2651 spiritus,
528 2577 598 2634 lacit
619 2577 708 2633 etium
732 2577 810 2633 Deus
834 2576 954 2651 angelos
979 2594 1049 2633 suos
1104 2580 1216 2637 scimus
1242 2595 1311 2653 ergo
1337 2579 1408 2653 quia
1430 2578 1648 2653 quandovenit
1668 2576 1832 2651 gratieDsi
1846 2590 1925 2646 super

223 2666 490 2739 spiritus.Deuiqus
502 2683 592 2738 supra
602 2667 770 2723 columbam
785 2672 814 2722 et
828 2669 974 2721 turturem
989 2681 1049 2722 nou
1105 2668 1303 2742 propheticam
1328 2671 1467 2737 urentem,
1490 2667 1588 2724 subito
1615 2666 1716 2731 irruit,
1732 2669 1762 2723 et
1777 2664 1842 2721 iuda
1857 2664 1926 2719 ineu·

223 2753 519 2825 descenderunt,quia
533 2754 631 2810 divisa
646 2753 709 2811 istae
724 2770 791 2810 aves
806 2771 862 2809 non
876 2754 969 2809 erant.
985 2754 1049 2809 Non
1104 2757 1203 2815 huisss
1217 2762 1246 2813 et
1261 2756 1402 2813 cecidisse
1417 2772 1505 2829 super
1519 2756 1679 2829 propbetas
1704 2754 1843 2828 Spiritum
1868 2767 1926 2809 sen-

223 2850 294 2901 suut
308 2843 387 2900 onim
402 2842 487 2899 divisi
500 2844 575 2913 justi
591 2842 700 2914 quibus
716 2842 835 2912 dicitur,
853 2845 886 2896 ut
903 2841 963 2898 sint
977 2842 1048 2897 sirn-
1104 2851 1184 2903 otum
1196 2846 1333 2919 legimus,
1349 2844 1419 2917 quia
1431 2860 1584 2902 excessum
1604 2843 1730 2916 petitur,
1746 2847 1776 2899 et
1791 2842 1926 2903 turbatur,

224 2930 313 3004 plices
337 2931 414 2986 siout
436 2930 581 2986 columbae
594 2929 701 3000 (naun.
720 2947 748 2997 x,
766 2929 961 3000 repleasque
979 2929 1051 2985 dicit
1104 2939 1132 2991 et
1147 2934 1240 3003 timet,
1256 2938 1284 2990 et
1299 2933 1476 3007 quibusdem
1497 2932 1669 3006 ignorantie
1686 2936 1716 2988 at
1731 2928 1928 3003 imprudentia

223 3016 324 3084 David,
339 3017 409 3088 (luit
421 3021 448 3073 0¹
461 3033 557 3089 PM?
571 3018 676 3072 ‘'nvidi'‘
698 3017 754 3073 iiii
774 3016 894 3085 Milium,
909 3021 936 3073 tl
958 3020 1051 3073 iterim·
1105 3023 1233 3080 tenebris
1250 3022 1427 3091 offunditur;
1444 3021 1522 3078 siout
1536 3026 1564 3077 ct
1579 3022 1610 3077 iu
1624 3020 1755 3077 Actibus
1778 3016 1929 3091 aspostolo·

224 3105 322 3161 nictum
333 3104 388 3160 ribi
403 3105 452 3159 ubi
466 3109 579 3175 reponat
591 3103 682 3177 peltes
697 3120 758 3160 scor
774 3104 858 3175 (Prot.
880 3121 995 3172 ιιιιιιιιιι,
1010 3104 1049 3177 i).
1105 3128 1172 3168 rum
1187 3110 1312 3185 legimus
1326 3113 1393 3184 (Act.
1410 3127 1449 3177 ιιι,
1464 3110 1491 3177 3,
1504 3108 1531 3181 i)
1548 3108 1618 3181 quie
1632 3108 1837 3165 circumfulsit
1852 3119 1931 3176 super

225 3194 291 3251 Hoc
305 3193 457 3265 spectabat
472 3192 631 3259 Abraham,
648 3191 710 3249 haec
725 3193 869 3265 profundo
882 3199 911 3248 et
924 3192 1049 3265 spiritali
1066 3180 1087 3249 C
1107 3200 1228 3258 saulum
1243 3200 1280 3256 de
1294 3198 1377 3263 coelo,
1391 3202 1419 3255 et
1433 3197 1547 3266 cecidit,
1563 3203 1592 3253 et
1612 3196 1739 3254 horrore
1764 3194 1856 3253 animi
1875 3198 1931 3249 tur-

225 3282 430 3340 censidertbai
444 3282 563 3337 intuitu·
1104 3281 1192 3347 batus
1213 3291 1268 3359 est,
1283 3295 1315 3363 et
1334 3287 1452 3343 'audivit
1479 3302 1578 3343 vocem
1605 3285 1640 3341 de
1666 3285 1743 3343 ooelo
1768 3286 1930 3341 dicentem:

258 3374 304 3428 60.
321 3370 446 3443 ideoque
461 3369 605 3443 scriptum
630 3373 674 3426 est
699 3387 705 3425 ι
732 3370 855 3427 conde
869 3370 926 3426 itte
946 3370 1050 3427 Abram
1103 3378 1303 3446 sublesta-ate,
1320 3376 1387 3449 quid
1401 3392 1445 3431 me
1458 3376 1628 3449 persequeris
1649 3374 1738 3447 (thid.
1755 3373 1806 3447 l)‘i
1829 3368 1934 3429 Desinit

226 3459 303 3531 (cen.
319 3476 365 3528 xv,
381 3460 435 3529 ¹0),
452 3475 510 3515 non
526 3459 610 3532 quasi
625 3457 809 3531 aruspicina,
825 3459 874 3515 sed
892 3460 977 3532 quasi
991 3476 1048 3516 ‹³oe-
1103 3467 1182 3525 enim
1207 3461 1304 3523 videre
1327 3463 1488 3533 moulins,
1504 3463 1555 3535 qui
1576 3462 1683 3534 incipit
1708 3463 1816 3521 audire
1830 3459 1932 3517 diune.

225 3547 308 3605 lestis
323 3546 509 3603 revelationis
525 3547 678 3620 interpres,
690 3546 776 3621 sigua
789 3548 893 3604 divine
909 3548 1050 3620 operatio·
1104 3555 1186 3613 Unde
1200 3555 1379 3611 optimorum
1403 3551 1525 3609 Abraha
1549 3554 1578 3607 et
1603 3552 1747 3608 tenebras
1763 3548 1866 3607 mirari
1881 3562 1933 3602 nou

227 3636 273 3697 uis
288 3635 452 3709 explorans.
469 3636 551 3694 Meus
566 3637 645 3692 enim
661 3636 771 3693 directe
795 3637 831 3693 ud
852 3636 959 3693 Christi
983 3654 1048 3709 gra·
1103 3643 1202 3714 dobes,
1226 3640 1311 3714 quasi
1337 3643 1439 3713 prater
1464 3639 1601 3695 virtutem
1628 3642 1683 3693 sut
1708 3636 1852 3693 meritum
1876 3634 1935 3704 ejus

226 3724 297 3781 tiam
311 3724 429 3782 videbat
442 3725 521 3781 bunc
537 3725 682 3782 mundum
697 3725 817 3798 plenum
832 3742 896 3783 esse
909 3725 1049 3798 iniquita·
1104 3730 1273 3797 acciderint,
1299 3745 1367 3785 oum
1392 3726 1601 3800 prophetarum
1623 3722 1842 3783 consuetudini
1869 3736 1930 3778 0011·

226 3814 276 3877 tis,
293 3830 356 3885 quo
370 3813 449 3869 velut
464 3832 481 3870 a
495 3831 612 3870 summo
627 3813 689 3870 coeli
708 3814 860 3883 volaret,et
872 3815 1051 3887 opprimeret
1103 3836 1208 3895 gruere
1230 3819 1373 3887 advertas,
1389 3815 1507 3888 quando
1531 3816 1685 3887 adjuncta,
1703 3820 1737 3871 ut
1763 3812 1937 3887 cognoscent

226 3902 361 3959 infirmos
377 3908 458 3959 terre
477 3920 483 3957 :
500 3902 673 3975 pudicitiam
689 3907 797 3973 eutem,
814 3904 911 3971 iidem,
928 3903 1049 3960 sinceri·
1104 3908 1203 3964 lutura
1217 3908 1284 3980 (32).

228 3996 317 4047 tutem
335 3990 423 4047 nullis
438 4008 502 4047 esse
515 3991 656 4047 obnoxias
670 3991 968 4064 passionibuszlill
983 4009 1049 4049 ava-
1140 3997 1186 4053 62.
1211 3994 1355 4051 Continuo
1376 3996 1475 4049 autem
1504 3990 1616 4047 dictum
1645 3989 1745 4049 habes
1774 3990 1813 4047 ad
1842 4004 1936 4046 eum:

227 4081 324 4137 ritiam
339 4097 417 4147 vero,
433 4086 461 4136 ot
476 4079 689 4137 sollicitudines
712 4078 811 4136 saculi
834 4081 942 4153 quibus
961 4080 1050 4137 sulio·
1105 4084 1219 4142 Sciendo
1239 4086 1308 4139 ecies
1331 4080 1402 4154 queri
1421 4081 1604 4153 pereprinum
1626 4081 1684 4135 erit
1708 4096 1806 4137 eernere
1821 4088 1898 4134 tunm
1912 4075 1939 4127 in

228 4170 332 4225 cantur
346 4168 395 4242 qui
411 4169 521 4226 hebent
536 4168 697 4241 voluptates
712 4167 889 4237 divitiarum,
899 4169 1051 4227 dilacerari
1105 4182 1179 4232 terre
1192 4188 1249 4229 non
1268 4187 1329 4237 aee,
1353 4179 1379 4227 et
1401 4170 1513 4225 seruitio
1535 4169 1745 4241 opprimentur,
1763 4172 1791 4225 et
1814 4162 1942 4224 nocebunt

228 4273 261 4313 ac
277 4256 377 4312 dividi.
391 4257 473 4313 Unde
488 4263 516 4313 et
529 4257 635 4314 divitiae
651 4257 734 4313 dictas
749 4262 820 4313 suut
834 4274 909 4313 curu
924 4263 953 4313 et
972 4258 1050 4332 cogi·
1105 4265 1157 4331 eis,
1185 4265 1211 4317 et
1240 4259 1426 4317 humiliabunt
1450 4272 1494 4314 eoa
1518 4258 1600 4313 conis
1628 4258 1851 4329 quadringentis
1870 4252 1940 4326 (Gen.

229 4346 353 4401 taliones
378 4346 481 4401 mundi
506 4345 596 4417 hujus
622 4346 678 4420 (el)
703 4347 797 4403 reaten.
812 4364 873 4415 xur,
890 4346 948 4419 22),
973 4347 1050 4419 quod
1106 4369 1152 4418 xv,
1169 4350 1224 4422 ts).
1242 4348 1344 4404 Merito
1367 4346 1540 4402 tenebrosus
1555 4347 1632 4402 ui)
1647 4344 1761 4402 horror
1777 4348 1807 4402 et
1823 4356 1944 4419 magnus

175 4491 182 4501 ,
230 4437 358 4489 mentem
373 4434 513 4501 dividant,
525 4438 613 4508 atque
627 4435 657 4491 ιιι
672 4435 820 4492 diversum
836 4436 1012 4503 scindant,et
1022 4435 1052 4491 in
1107 4441 1201 4497 lactus
1216 4440 1270 4504 est,
1286 4435 1357 4507 quie
1370 4450 1478 4509 magna
1492 4432 1610 4491 oracula
1633 4434 1865 4501 deserebantur,
1881 4444 1944 4485 curu

229 4522 476 4593 perlustrabant,
503 4540 554 4579 nco
578 4524 677 4580 sinaut
704 4521 903 4596 incorruptam
932 4540 997 4580 esse
1024 4528 1054 4580 et
1068 4545 1092 4610 D
1108 4528 1143 4584 de
1166 4524 1276 4600 populo
1300 4521 1475 4580 soculorum
1499 4522 1625 4609 dabatur
1649 4528 1854 4595 praeceptum.
1870 4520 1944 4585 Quo·

230 4607 384 4683 integram.
400 4610 452 4666 Vir
466 4628 534 4683 orgo
550 4612 675 4684 pacificas
698 4612 805 4668 mentis
829 4611 1008 4679 considebat,
1024 4616 1053 4667 et
1108 4616 1195 4672 modo
1211 4618 1272 4671 tam
1287 4610 1371 4669 lacile
1386 4626 1489 4684 capere
1504 4610 1583 4666 istud
1600 4627 1688 4667 mans
1705 4610 1847 4668 humana
1870 4612 1945 4680 pote-

229 4698 434 4755 cousiderubat
447 4706 592 4771 quatenus
603 4699 755 4772 prohibere
765 4700 900 4757 cominus
915 4703 1014 4772 posset
1021 4716 1055 4756 ea
1108 4710 1163 4771 rat,
1179 4702 1305 4760 maximo
1320 4716 1384 4771 que
1399 4697 1621 4768 admouebatur,
1638 4706 1673 4755 ut
1689 4701 1723 4756 in
1739 4700 1800 4757 hac
1822 4692 1946 4772 peregri·

229 4788 318 4857 malo,
334 4805 398 4859 qure
413 4788 584 4846 horninibus
599 4788 791 4861 invehuntur3
817 4805 902 4845 meus
916 4789 994 4846 enirn
1010 4805 1055 4845 sa·
1109 4796 1230 4847 daretur
1250 4788 1346 4845 terrai
1361 4788 1425 4845 Nou
1449 4786 1528 4843 euim
1550 4793 1611 4843 tam
1635 4804 1703 4860 quie
1731 4790 1844 4845 futures
1869 4784 1949 4841 erant

230 4876 338 4950 pientia
354 4877 407 4933 riri
432 4894 465 4934 ac
486 4878 561 4950 justi
583 4878 692 4935 mederi
708 4877 806 4935 studet
825 4876 965 4933 humanis
980 4876 1054 4934 cesi·
1109 4870 1342 4944 declarabantui,
1358 4893 1421 4950 qnae
1437 4875 1708 4949 proscribebantur
1723 4894 1794 4947 quae
1818 4871 1949 4931 iacienda

230 4966 327 5037 bus,ol
345 4966 499 5039 prohibere
514 4985 547 5024 ac
562 4984 691 5024 resecare
706 4966 871 5022 animarum
887 4973 1054 5023 nostrerum
1110 4968 1195 5025 nobis
1208 4969 1303 5026 forent
1319 4984 1326 5021 t
1343 4966 1535 5035 Pereqrinurn,
1552 4964 1660 5038 inquit,
1678 4968 1739 5023 ecit
1754 4968 1949 5023 senrerrtnum,

230 5055 356 5113 labores.
1110 5057 1170 5115 siva
1183 5056 1253 5130 quia
1267 5071 1369 5112 omues
1384 5050 1518 5110 homines
1532 5053 1680 5127 peregrini
1692 5071 1766 5111 essa
1778 5054 1949 5113 debeamus,

267 5198 324 5269 (st)
339 5199 404 5253 Αιιι.
421 5203 509 5271 atque
524 5200 601 5265 Era„
619 5198 693 5255 Unde
715 5206 740 5253 et
763 5197 858 5253 dionae
880 5196 961 5253 dicte
979 5200 1053 5265 sent,
1111 5214 1178 5255 nem
1193 5197 1377 5255 constituunt
1392 5211 1449 5252 uon
1465 5194 1551 5276 motio
1562 5208 1613 5278 spx
1624 5210 1789 5278 mssquos
1805 5188 1951 5278 cpusuiui·

232 5268 313 5338 quod,
329 5272 383 5324 otc.
404 5269 483 5339 (lili,
505 5271 577 5327 Unde
600 5273 627 5326 ct
647 5269 754 5326 divitica
777 5268 859 5323 dietae
881 5272 946 5322 sunt
968 5283 1055 5339 ceree,
1111 5287 1188 5338 mus,
1205 5269 1254 5327 aed
1275 5267 1375 5335 etiem,
1389 5270 1462 5324 teste
1476 5264 1553 5347 ¹(llll.
1579 5283 1611 5321 ιιι
1633 5266 1731 5348 aeriis
1759 5264 1950 5344 lectionibus,

233 5338 313 5421 qrcod,
330 5342 384 5394 eto.
401 5339 483 5396 Rom.
500 5342 619 5408 omittit,
635 5355 720 5397 ruric.
737 5339 880 5423 Videntur
894 5342 991 5394 autern
1009 5337 1056 5395 hic
1111 5342 1194 5423 Surb.
1213 5338 1377 5425 'exemplata
1391 5342 1430 5423 'et
1452 5338 1546 5419 Dion..
1557 5338 1809 5419 vetustissimum
1837 5354 1901 5409 quae
1923 5350 1950 5388 ιιι

232 5409 1057 5540 ltili⁰ttnltl33l¹ttl⁰tteillinistis
1112 5410 1951 5556 1teltllltltt‘ldelentem‘nnnn.

234 5550 274 5605 sit
289 5522 382 5604 visiun
399 5523 532 5610 sancium
548 5528 678 5611 altudeie
702 5555 738 5612 ad
759 5551 856 5610 locum
880 5570 896 5609 e
919 5552 1058 5625 parabola
1111 5563 1190 5612 scunt
1212 5556 1321 5627 iunco.
1343 5524 1414 5609 Mss.
1432 5552 1573 5624 quinque,
1589 5522 1712 5623 quinci
1728 5498 1877 5626 gejerum,
1900 5550 1952 5602 otc·

235 5623 393 5688 seminum,
410 5640 496 5695 quom
511 5626 824 5684 notuimusitostram
840 5628 938 5681 aulem
953 5624 1057 5682 lectio·
1111 5625 1410 5699 subintelligendum,
1425 5632 1489 5679 sunt
1501 5624 1584 5679 timor
1596 5625 1622 5679 et
1635 5624 1783 5693 tenebrae,
1801 5628 1858 5679 eto.
