4159 6184
136 334 214 402 1113
663 328 899 401 rudusculo
917 328 960 401 tlt
981 328 1180 399 Psmuuu
1201 332 1341 404 xcviii.
1784 340 1869 419 1914

135 472 247 541 dicunt,
263 488 296 529 eo
311 470 389 544 quod
404 466 588 529 inhabitetur
611 466 771 540 achrieto,
799 468 878 525 sicut
902 469 968 541 ipso
983 467 1012 535 A
1027 467 1115 525 catio.
1132 469 1163 525 in
1184 471 1346 542 quamdam
1375 468 1577 532 humilitatem
1606 472 1870 553 equdiuumqua

135 562 221 619 dixit:
237 584 253 613 «
280 560 424 627 Quoniam
448 556 622 616 inhabitabo
650 557 682 612 in
709 556 771 614 iltis
785 560 809 627 (1
833 558 896 614 Gor.
928 574 968 621 vr,
1026 572 1083 612 nos
1099 562 1255 629 provocat:
1272 564 1306 618 ut
1320 577 1421 635 neque*
1430 561 1513 621 dives
1523 563 1657 622 fastidiat
1670 563 1867 638 inopemnes

136 652 195 726 lu);
215 649 463 715 inhahitatenim,
493 651 528 703 ut
542 643 665 720 impleat
679 662 745 719 que
759 662 855 703 vacua
890 645 972 701 vide·
1027 660 1088 718 que
1111 647 1198 705 diviti
1222 666 1335 723 pauper
1363 651 1514 709 invideat:
1540 655 1591 710 sed
1618 658 1779 726 utrumque
1805 657 1861 714 sibi

135 740 337 806 bantur.0uss
364 743 407 795 est
433 751 505 807 ergo
538 743 680 807 circuatur,
697 732 755 792 uisi
780 736 888 791 sancta
917 734 972 790 ltc-
1028 734 1126 805 gratia
1141 752 1203 793 una
1216 741 1475 812 connectetzquia
1489 745 1518 799 et
1528 742 1670 800 Dominus
1680 759 1791 817 pauper
1801 746 1861 801 tac·

29 833 34 843 '
136 828 238 897 alesia,
259 825 401 899 templum
416 821 735 889 Dei,ethabitaculum
750 821 888 879 Christi?
919 837 974 878 neo
1028 825 1151 892 tusest,
1170 828 1335 884 cumdises
1350 834 1442 886 esset:
1473 835 1507 887 ut
1530 830 1609 887 idem
1638 836 1668 887 et
1693 848 1857 906 pauperum

136 917 298 991 incongrue
314 912 403 970 Latini
420 910 542 968 dissono
553 911 673 984 quidem
685 908 894 975 sermone,sed
909 907 976 979 pari
1030 910 1279 971 salvatoresaetet
1294 916 1429 974 divitum.

137 1002 453 1072 seusu,orbemterrae
466 1001 772 1073 nuncupaverunt,eo
796 995 884 1069 quod
916 996 978 1053 vita
1065 1000 1308 1075 d.(Vere.t.)ltt
1335 1005 1499 1063 subtexuit:
1528 1007 1567 1064 Os
1595 1023 1695 1065 meum
1722 1009 1860 1082 loquetur

136 1096 308 1150 sauctorum
320 1088 370 1161 qui
385 1086 594 1143 inhabitantur
606 1088 643 1143 ab
658 1084 780 1159 Spiritu,
808 1082 897 1138 sicut
914 1088 979 1141 rota
1032 1088 1218 1161 sapientiam,
1234 1096 1265 1149 et
1279 1094 1431 1151 meditatio
1445 1094 1542 1152 cordis
1569 1097 1627 1153 moi
1656 1098 1855 1171 prudentiam.

136 1180 165 1237 in
180 1180 282 1237 orbem
298 1177 361 1235 sine
375 1174 435 1232 ulla
449 1192 557 1233 cursus
569 1175 614 1232 sui
634 1172 794 1231 offensione
818 1166 976 1229 volvatur.
1031 1175 1133 1233 Merito
1149 1195 1252 1236 omnes
1266 1188 1419 1248 vocantur,
1439 1184 1509 1254 quia
1534 1186 1673 1242 omnibus
1701 1186 1854 1259 sapientias

171 1270 197 1325 l.
227 1270 259 1323 ln
289 1264 533 1323 tribulationibus
559 1264 649 1338 igitur
691 1263 835 1319 fundatur
878 1260 978 1319 Eccle·
1032 1266 1098 1322 iens
1108 1267 1249 1337 abundat,
1265 1286 1319 1327 nac
1330 1271 1469 1328 thesauro
1481 1273 1647 1343 pecuniario
1657 1280 1855 1348 comparatur,

137 1358 192 1427 sia,
207 1358 239 1414 iu
255 1353 481 1429 tempestatibus
505 1357 534 1410 et
558 1352 705 1425 procellis,
735 1351 765 1407 in
789 1346 977 1407 sollicitudi·
1031 1372 1096 1427 qua
1111 1358 1266 1428 pretiosior
1279 1359 1576 1417 thesaurisomnibus
1589 1362 1765 1419 declaratur.
1778 1364 1857 1420 ideo·

137 1448 227 1505 nibus
242 1450 271 1503 et
286 1460 418 1513 merore,
434 1442 464 1497 in
494 1443 583 1498 rebus
611 1442 788 1498 adversisct
816 1439 848 1493 in
877 1439 976 1497 tluml-
1029 1459 1087 1515 que
1102 1461 1155 1501 neo
1171 1446 1252 1501 dives
1279 1447 1431 1514 avertitur,
1459 1465 1513 1504 nec
1537 1465 1649 1520 pauper
1671 1449 1854 1507 excluditur:

138 1537 227 1594 nibus
242 1536 432 1607 praeparatur.
455 1532 486 1586 ln
502 1531 610 1601 quibus
626 1528 915 1585 huminibusllludi
930 1530 974 1585 di·
1029 1532 1099 1605 quia
1126 1533 1271 1604 sapientia
1299 1552 1357 1591 non
1386 1535 1539 1591 facultates
1568 1537 1762 1605 discriminat,
1804 1540 1855 1596 sed

138 1629 273 1683 cenmm:
289 1646 303 1673 c
321 1622 513 1677 Elevsverunt
528 1616 651 1674 llumina
664 1634 768 1674 vocem
784 1632 871 1673 suam
883 1619 971 1684 (Paul.
1027 1619 1203 1678 voluntates.
1221 1622 1391 1695 diespiter,
1407 1624 1459 1696 qui
1483 1626 1563 1697 prior
1590 1626 1705 1692 ellectu,
1733 1631 1763 1683 et
1788 1644 1855 1698 pro·

139 1708 380 1783 x011,3).»dudi
409 1708 483 1765 etin
511 1704 716 1777 Evangeliotc
748 1706 802 1771 Qui
831 1706 971 1763 oreditin
1026 1708 1123 1764 ximus
1137 1708 1304 1782 disciplina.
1321 1711 1403 1774 Quod
1433 1711 1458 1767 si
1486 1713 1637 1767 meditatio
1661 1714 1758 1771 cordis
1785 1731 1854 1787 pru·

140 1817 197 1869 me,
210 1797 370 1856 sicutdleit
384 1796 549 1868 Scriptura,
565 1794 690 1851 flumina
720 1795 757 1851 de
785 1799 886 1851 ventre
906 1797 971 1867 ejus
1027 1796 1314 1870 dentiomloquitur,
1332 1804 1444 1870 quanto
1472 1799 1568 1873 magis
1591 1802 1719 1871 perlecta
1746 1801 1854 1858 doctri·
1886 1869 1890 1877 ι

140 1886 426 1959 fluentaqusvive.
444 1886 501 1941 lloc
527 1888 627 1940 autem
657 1882 827 1941 dicebatde
857 1883 969 1957 Spiritu
1025 1884 1204 1943 naleinde
1219 1887 1414 1944 admonemur
1429 1905 1486 1943 non
1501 1888 1729 1945 tumultuarium
1739 1890 1854 1961 proler-

140 1990 230 2050 quem
245 1973 428 2047 accipiebant
441 1970 720 2029 credentesineum
736 1974 826 2043 (loon.
841 1989 892 2037 vu,
922 1973 968 2040 38,
1024 1990 1055 2030 re
1072 1989 1254 2031 sermonem:
1270 1974 1322 2030 sed
1337 1974 1474 2031 exercitio
1489 1976 1618 2047 quodam
1642 1975 1855 2044 meditationis,

139 2066 199 2139 39.)
214 2086 228 2115 e
245 2065 277 2121 lu
292 2061 338 2119 his
352 2078 420 2135 ergo
436 2060 610 2117 tlumiuibus
624 2064 808 2134 preparatur
830 2060 968 2128 Ecclesia,
1023 2066 1054 2117 et
1079 2065 1188 2119 statera
1216 2061 1323 2119 mentis
1351 2063 1476 2119 internas
1503 2063 1671 2119 examinare
1705 2062 1850 2120 dicenda:

140 2152 298 2227 inquibus
313 2149 498 2223 prolluitDsi
514 2148 621 2222 gratis.
641 2147 969 2222 Hiauutlluriiquiau·
1024 2148 1251 2224 quiascriptum
1266 2156 1313 2207 est
1339 2150 1431 2207 alibi:
1462 2152 1576 2215 Statura
1596 2150 1686 2207 tallax
1713 2168 1772 2208 uon
1800 2152 1854 2209 bo-

142 2258 175 2300 re
188 2238 355 2315 percipiunt
369 2239 492 2296 verbum
511 2236 575 2306 Dei,
590 2240 620 2293 et
641 2236 821 2309 loquuntur:
845 2241 879 2293 ut
902 2254 969 2295 ver·
1027 2254 1099 2294 num
1115 2240 1173 2311 (td)
1188 2240 1282 2311 (Prcv.
1299 2256 1345 2304 xx,
1362 2240 1419 2310 23).
1437 2260 1452 2288 »

141 2331 215 2391 bum
240 2327 399 2385 infundant
426 2325 595 2398 pectoribus
621 2323 819 2397 singulorum.
843 2323 970 2397 ideoque
1059 2327 1087 2382 7.
1116 2327 1210 2400 (Vens.
1238 2327 1279 2398 fa)
1311 2326 1461 2384 lnclinabo
1489 2327 1526 2383 ad
1551 2325 1720 2399 parabolam
1750 2343 1852 2385 aurem

143 2418 297 2491 Scriptura
303 2414 510 2473 discretionem
520 2413 743 2471 iecitdioendo:
758 2434 769 2463 ι
782 2412 886 2469 audire
896 2413 967 2480 hac,
1025 2428 1141 2471 meam:
1156 2414 1286 2488 aperiam
1297 2415 1328 2471 in
1343 2414 1482 2488 psalterio
1497 2414 1728 2488 propositionem
1742 2432 1852 2472 meam.

142 2522 248 2564 omnes
263 2506 378 2578 gentes:
394 2502 519 2560 auribus
533 2500 685 2575 percipite,
710 2501 887 2574 omnesqui
916 2501 969 2559 ha·
1025 2501 1149 2575 Sapiens
1172 2503 1289 2560 auditor
1316 2502 1454 2570 intendit,
1483 2508 1573 2575 atque
1600 2502 1723 2560 inclinat
1749 2509 1852 2561 aurem

143 2594 216 2652 tatis
229 2592 329 2650 orbem
345 2594 437 2648 tarra.
456 2589 614 2647 »Possunt
642 2605 746 2648 omnes
774 2590 887 2671 audipe,
909 2607 969 2648 nou
1024 2606 1121 2656 suam,
1132 2594 1166 2647 ut
1179 2590 1324 2664 intelligat
1338 2590 1547 2664 parabolarum
1557 2591 1678 2664 ligurus.
1688 2591 1787 2664 lpsum
1798 2609 1852 2649 au·

144 2698 248 2740 omues
262 2686 361 2738 tamen
384 2678 507 2736 auribus
522 2678 682 2752 percipere,
707 2676 765 2735 nisi
793 2677 881 2735 illecti
905 2679 967 2737 Del.
1023 2694 1087 2736 rem
1103 2696 1189 2737 suam
1199 2679 1476 2753 dicitSalvutor,qui
1485 2696 1589 2737 aurem
1599 2679 1688 2737 habet
1699 2679 1851 2737 audiendi.

143 2772 270 2843 ideoque
285 2767 415 2827 Salvator
423 2766 508 2824 dicit:
527 2789 542 2819 c
553 2766 608 2834 Oui
623 2766 711 2824 habet
721 2782 807 2824 aures
817 2767 967 2837 audiendi,
1022 2768 1126 2841 Aperit
1152 2768 1243 2826 etiam
1270 2767 1413 2825 Dominus
1441 2768 1574 2826 clausam
1615 2766 1849 2841 propositionem

145 2860 249 2919 audiat
262 2858 341 2931 (tue.
360 2873 422 2913 vua.
438 2857 479 2927 8).
498 2854 594 2913 »llius
620 2872 708 2913 aures
735 2855 808 2912 dicit
821 2854 969 2914 interioris
1023 2872 1125 2927 suam;
1140 2874 1209 2915 cum
1223 2862 1325 2931 aptum
1340 2872 1486 2930 organum
1500 2856 1569 2925 sibi,
1585 2860 1615 2914 et
1627 2874 1679 2915 vae
1699 2855 1852 2916 electionis

144 2946 274 3005 hominis
287 2944 446 3020 spiritales,
456 2935 546 3017 'cnjus
560 2949 590 3003 et
604 2960 690 3002 nares
705 2944 842 3018 laginms,
853 2944 968 3003 dicente
1023 2944 1177 3014 invenerit,
1194 2946 1273 3019 quod
1296 2945 1470 3019 psalterium
1496 2951 1596 3003 uocat:
1627 2946 1714 3017 cuijus
1742 2944 1853 3003 similis

143 3036 214 3095 tob:
231 3058 245 3087 c
260 3034 387 3108 Spiritus
402 3035 521 3093 divinus
539 3034 590 3106 qui
613 3037 660 3091 cst
687 3033 718 3091 in
743 3033 864 3090 naribus
893 3035 967 3093 maie
1022 3033 1132 3092 Paulus
1150 3034 1245 3092 dulcis
1259 3034 1359 3107 gratio
1387 3033 1565 3092 cantilenam
1589 3034 1686 3091 neruis
1710 3034 1851 3092 omuibus

145 3126 217 3199 (tob.
236 3141 324 3193 xxvu,
338 3124 378 3192 3).
394 3143 408 3177 ι
425 3123 488 3180 Nou
503 3138 606 3179 omnes
634 3122 769 3179 homines
797 3122 852 3179 hes
880 3138 966 3182 aures
1023 3121 1081 3180 sibi
1095 3122 1318 3181 concinentibus
1332 3122 1496 3190 resultavit,
1511 3123 1606 3181 sancti
1627 3122 1756 3196 Spiritus
1769 3122 1849 3196 plee-

144 3216 174 3271 et
188 3212 242 3271 has
256 3228 343 3270 nares
357 3211 475 3269 habent.
491 3208 558 3266 Alia
570 3213 616 3265 est
629 3210 709 3267 enim
724 3210 819 3267 torma
837 3212 968 3282 eorporis
982 3188 1005 3256 C
1021 3214 1070 3271 tro
1080 3213 1248 3271 interiorem
1263 3212 1415 3280 chordam,
1430 3211 1662 3285 antenoremque
1690 3211 1848 3285 pulsando,

145 3300 205 3359 alia
232 3299 331 3373 gratis
360 3296 515 3372 spiritalis.
542 3294 597 3360 Qui
620 3295 762 3367 spiritalis
789 3300 845 3361 est,
887 3299 972 3356 audit
1024 3303 1317 3374 utstliuguaoranet
1337 3306 1366 3359 at
1391 3305 1499 3357 mente.
1530 3302 1656 3374 ideoque
1678 3301 1736 3358 ait:
1753 3300 1851 3359 Orcho

147 3388 258 3459 omnia,
269 3388 414 3460 diiudicat
441 3385 560 3443 emnia:
585 3382 722 3440 animalis
747 3387 846 3439 autem
883 3381 971 3443 homo
1024 3388 1142 3460 spiritu,
1157 3390 1248 3445 orabo
1262 3395 1291 3446 et
1304 3392 1419 3448 menta:
1435 3387 1561 3461 psallam
1581 3390 1698 3462 spiritu,
1725 3387 1850 3463 psallam

146 3494 206 3537 non
221 3476 346 3551 percipit
360 3492 423 3547 qua
438 3477 509 3531 sunt
522 3471 650 3545 Spiritus
659 3472 721 3529 Dei.
739 3471 790 3528 llio
804 3470 884 3528 enim
912 3475 970 3529 ter·
1024 3478 1054 3531 et
1068 3480 1166 3532 mente
1180 3478 1204 3544 (1
1218 3476 1279 3532 Cor.
1295 3495 1354 3545 xiv,
1384 3479 1439 3546 15).
1472 3479 1646 3551 liujusmodi
1660 3493 1729 3553 ergo
1751 3478 1848 3536 virum

143 3568 249 3639 rigens
262 3568 317 3630 est,
330 3562 380 3619 ille
395 3561 533 3619 eoelestis.
1023 3562 1158 3619 Christus
1173 3561 1267 3619 multo
1279 3572 1347 3622 ante
1360 3565 1516 3636 promittit,
1533 3584 1584 3640 per
1607 3584 1695 3639 quam
1724 3567 1851 3625 manite-

178 3655 206 3709 5.
215 3650 310 3723 (Vera.
325 3650 365 3722 3.)
381 3650 507 3722 Ideoque
521 3647 651 3706 addidit:
671 3647 784 3720 Quique
805 3647 968 3720 terrigena,
1023 3654 1116 3707 staret
1133 3651 1316 3722 abscondita,
1341 3655 1370 3707 et
1396 3652 1528 3710 involuta
1556 3655 1718 3727 prophetici
1740 3656 1850 3714 obscu-

141 3744 172 3799 et
186 3739 240 3797 tilii
254 3738 425 3796 hominum:
440 3737 530 3793 simul
544 3736 575 3793 iu
591 3752 684 3793 unum
698 3736 778 3795 dives
793 3738 822 3793 et
846 3752 968 3809 pauper,
1022 3739 1110 3795 ritate
1124 3737 1271 3796 sermonis
1283 3739 1421 3813 aperiret.
1437 3740 1551 3798 Βουιιω
1567 3741 1750 3813 psalterium,
1779 3760 1849 3803 oum

139 3832 174 3885 ut
188 3826 342 3885 universos
355 3832 472 3884 vocaret
487 3826 554 3899 (13).
569 3825 639 3891 uuis
654 3829 699 3882 est
722 3824 879 3898 terrigena,
908 3824 966 3882 uisi
1021 3826 1090 3884 ildei
1104 3827 1164 3884 vita
1178 3829 1334 3897 consentit,
1350 3832 1380 3885 et
1407 3844 1475 3884 caro
1498 3830 1614 3900 anime,
1643 3830 1743 3885 virtuti
1771 3833 1849 3904 aspi-

141 3916 222 3974 ttlius
237 3914 386 3972 hominist
399 3915 471 3980 Quis
485 3913 693 3987 estspiritalis,
711 3912 768 3970 nisi
789 3913 840 3969 Dei
852 3912 967 3971 Filius?
1021 3918 1066 3971 rat
1079 3915 1229 3972 volumtas.
1251 3917 1310 3973 lico
1324 3921 1370 3973 est
1404 3914 1491 3972 dulce
1513 3916 1696 3991 psalterium,
1724 3916 1776 3973 ubi
1800 3934 1847 3975 oa-

139 4004 193 4062 llla
207 4020 242 4063 ex
256 4002 400 4077 sanguine
429 4006 594 4069 concretus,
610 4007 639 4059 et
658 4019 694 4061 ex
720 4001 817 4059 earnis
841 4001 909 4073 (11),
938 4007 968 4060 st
1020 4007 1150 4060 noraast
1172 4003 1330 4077 disciplina
1356 4004 1493 4063 risendi:
1524 4013 1558 4063 ut
1585 4003 1744 4077 impleatur
1773 4005 1847 4064 illud

138 4093 195 4151 viri
206 4091 356 4165 voluptate
369 4096 547 4166 generatus:
563 4090 620 4149 iste
635 4108 670 4147 ex
684 4092 743 4150 Deo
758 4096 857 4148 natus.
881 4089 967 4150 Alius
1020 4092 1099 4164 quod
1111 4092 1256 4165 scriptum
1271 4097 1334 4151 est:
1352 4115 1367 4145 a
1381 4092 1468 4151 Clara
1482 4096 1539 4152 erit
1561 4094 1664 4168 lingua
1692 4098 1845 4152 mutorum

139 4182 221 4247 dives
237 4180 267 4238 in
296 4180 376 4238 omni
402 4181 502 4247 verbo,
526 4183 555 4237 et
569 4179 709 4237 scientia:
739 4178 816 4239 elius
843 4195 964 4254 pauper,
1019 4182 1085 4251 (leo.
1100 4181 1264 4254 xxxu,d).»
1830 4207 1835 4215 ·

139 4270 236 4345 gratia
248 4273 348 4328 tamm
361 4269 443 4327 dives
455 4286 462 4327 ε
475 4268 570 4341 quio(
588 4270 617 4340 5)
631 4272 661 4325 et
688 4285 800 4342 pauper
817 4266 964 4337 clamavit,
1054 4271 1082 4327 8.
1097 4270 1189 4341 (Vere.
1203 4272 1244 4339 ti.)
1268 4270 1424 4343 Sequitur:
1440 4292 1456 4322 a
1473 4271 1592 4346 utquid
1617 4272 1727 4329 timebo
1742 4273 1772 4329 in
1800 4273 1848 4330 dis
1863 4341 1865 4344 ¹

139 4363 170 4417 et
190 4356 332 4417 Dominus
356 4356 505 4415 exaudivit
525 4372 604 4413 eum.
631 4356 820 4414 Itcontrariu
849 4360 895 4413 est
935 4364 965 4415 et
1019 4357 1274 4431 malallniquitss
1283 4357 1411 4415 cdoanei
1423 4360 1479 4415 mei
1487 4361 1684 4419 circumdabit
1694 4376 1774 4417 me.»
1785 4362 1844 4419 ltoc

139 4447 222 4506 dives
236 4448 266 4505 ln
278 4446 426 4520 superbia,
442 4449 472 4503 at
485 4444 639 4519 pauperia
653 4442 831 4501 humilitate.
856 4444 965 4504 Omnes
1017 4450 1073 4517 est,
1089 4464 1155 4503 cum
1171 4464 1205 4504 os
1219 4462 1318 4503 meum
1334 4446 1474 4520 loquatur
1496 4450 1682 4524 sapientiam,
1697 4458 1727 4506 ct
1753 4449 1845 4507 medi·

139 4541 282 4594 vocantur
295 4536 332 4593 ad
355 4534 527 4603 Ecclesiam,
555 4537 588 4590 ut
613 4548 716 4590 omues
742 4532 924 4591 redimantur
947 4535 1091 4619 aptatio
1104 4534 1202 4593 cordis
1218 4535 1275 4590 mei
1288 4534 1486 4605 prudentiam,
1503 4537 1533 4594 in
1549 4539 1596 4616 die
1608 4538 1713 4609 judicii
1741 4539 1847 4596 timere

139 4624 264 4685 Christo.
292 4624 347 4693 oui
375 4640 451 4698 ager
474 4627 529 4691 est,
561 4622 708 4679 medicum
737 4620 870 4679 invenit:
913 4624 964 4697 qui
1019 4625 1091 4697 quid
1106 4623 1315 4697 possum;nisi
1329 4624 1403 4680 torte
1412 4624 1541 4683 cdcanei
1550 4628 1608 4683 mei
1619 4627 1761 4699 iniquitas
1770 4627 1844 4684 mihi

140 4731 243 4785 sanus,
258 4714 435 4788 sapientiam
463 4711 606 4785 acquirit:
636 4710 771 4785 captivus
800 4712 964 4787 redempto·
1018 4713 1059 4769 eit
1093 4712 1241 4770 abluenda
1268 4712 1323 4785 (Ct'.
1350 4714 1476 4786 August.
1505 4714 1551 4771 l.1
1577 4724 1664 4773 ccatr.
1692 4717 1749 4773 iul.
1781 4716 1841 4771 Pet.

139 4819 214 4873 rem,
230 4804 306 4861 liber
319 4806 582 4861 remuneratorem.
603 4800 711 4858 Omnes
735 4799 860 4858 edificat
886 4802 963 4859 Scri·
1018 4817 1086 4874 cap.
1105 4801 1157 4871 Sit
1172 4822 1188 4851 .›
1201 4800 1266 4858 Atia
1279 4805 1326 4857 est
1339 4800 1480 4873 iniquitas
1495 4809 1606 4872 nostra,
1629 4803 1687 4860 alia
1705 4802 1838 4869 eduauei

139 4896 226 4965 ptura
240 4893 348 4951 divina.
365 4894 399 4949 ln
413 4890 571 4950 eainvenit
584 4890 659 4948 w
678 4888 894 4962 unusquisque,
905 4907 963 4963 quo
1017 4888 1234 4962 uostri,inquo
1247 4888 1341 4946 adam
1354 4890 1441 4948 dente
1464 4892 1609 4965 serpentis
1637 4896 1683 4947 est
1706 4889 1842 4947 vulnera·

138 4981 318 5041 autvulnera
332 4998 387 5039 sua
409 4983 500 5049 curet,
516 4982 568 5036 aut
597 4978 702 5035 merita
725 4976 889 5035 confirmet.
917 4978 963 5035 Si·
1016 4981 1077 5045 tue,
1092 4982 1122 5033 et
1134 4977 1290 5035 obnoxiam
1305 4978 1503 5035 hereditatem
1516 4978 1713 5035 successionis
1734 4978 1840 5035 huma-

138 5068 200 5141 nqul
216 5075 315 5130 autem
330 5070 360 5128 iu
377 5086 470 5128 unum
486 5066 584 5125 civius
599 5070 628 5123 et
642 5065 779 5140 pauperis
808 5066 886 5123 tacta
913 5084 963 5124 vo·
1017 5083 1061 5123 na
1072 5082 1126 5123 suo
1139 5065 1259 5125 vulnere
1273 5066 1439 5138 dereliquit,
1457 5071 1491 5122 ut
1512 5082 1616 5123 omnes
1643 5065 1694 5123 illo
1718 5065 1837 5124 vulnere

164 5252 230 5357 iffi)
246 5286 328 5342 Rom.
339 5283 428 5350 adia,
444 5290 470 5338 ct
481 5296 596 5354 pauper.
616 5284 675 5335 iloc
688 5280 765 5350 dicit,
781 5284 811 5337 ut
838 5281 962 5337 ostendat
1016 5280 1078 5345 alii,
1095 5281 1173 5337 Atius
1187 5294 1293 5352 pauper
1310 5279 1412 5348 pretio.
1423 5277 1510 5335 lioba
1523 5286 1617 5335 tomen
1631 5280 1697 5351 quic
1711 5286 1737 5336 et
1763 5295 1842 5352 pou·

137 5356 208 5427 quod
222 5359 363 5412 uniuersos
376 5357 461 5411 uocat.
1012 5369 1064 5425 per
1077 5352 1217 5414 clauserit.
1233 5354 1288 5404 ete.

173 5425 229 5498 (tt)
244 5426 329 5482 Rom.
345 5425 414 5481 edit.
431 5438 498 5480 cum
513 5429 572 5478 vet.
591 5420 621 5477 in
637 5437 730 5495 marg.
743 5438 878 5493 acmes„
889 5423 959 5481 duo.
1051 5422 1108 5495 (16)
1117 5421 1192 5478 uuit.
1208 5420 1292 5475 Rom.
1309 5418 1383 5488 sola,
1399 5420 1571 5477 Abominatio
1598 5421 1713 5479 Domino
1740 5420 1843 5494 duplex

136 5495 188 5553 itte
202 5512 237 5552 ea
250 5498 388 5567 sanquine
401 5501 539 5551 caueretur
550 5496 577 5551 et
591 5508 626 5550 aa
639 5509 733 5551 corae.
1014 5497 1129 5558 statera,
1145 5497 1171 5549 et
1180 5491 1284 5563 jusum
1311 5492 1440 5547 dotorum
1467 5508 1523 5549 non
1546 5492 1648 5549 bouum
1669 5510 1762 5551 corum
1788 5510 1839 5550 ine.

173 5565 230 5639 (15)
246 5566 304 5623 Sic.
321 5566 391 5623 edit.
409 5582 442 5621 ac
455 5582 525 5623 mss.
541 5563 614 5623 Vict.
630 5568 658 5623 ct
686 5563 766 5621 Goth.
782 5583 789 5633 ;
807 5565 876 5640 [leg.
906 5584 958 5623 au·
1013 5566 1070 5623 Sed
1082 5564 1178 5621 locum
1194 5562 1341 5635 integrum
1355 5562 1476 5619 reddere
1489 5562 1592 5633 votuit,
1608 5564 1694 5636 cujus
1706 5565 1840 5623 ultimam

136 5640 209 5709 tem,
224 5636 303 5697 Alius
317 5653 420 5711 pauper
430 5638 530 5709 pratia.
547 5636 645 5695 Tamen
660 5638 736 5709 quic,
752 5640 807 5695 ste.
829 5639 960 5707 Quatuor
1013 5640 1129 5695 tantum
1145 5636 1259 5708 partem
1270 5639 1463 5707 proposuerat
1476 5635 1659 5694 Ambrosius.
