4159 6184
280 292 339 353 1911
1009 294 1044 355 S.
1065 290 1258 355 suescat!
1927 301 1984 364 tlte

279 426 327 481 dia
354 423 493 481 distincta
520 429 574 493 est,
603 427 636 480 nt
661 424 718 479 nisi
748 423 935 480 inferioribus
970 424 1102 493 haereret,
1116 424 1337 499 Adulciorpro
1358 426 1524 499 specierum
1547 427 1655 501 quibus
1679 428 1778 485 infusa
1802 428 1890 486 fuerit
1914 447 1984 506 que·

278 516 415 587 separata
434 514 635 587 spectantibus
658 512 815 569 videretur.
841 514 881 569 Ea
902 517 1000 570 autem
1030 513 1104 569 ratio
1159 514 1240 570 litate
1255 515 1579 588 varieturlssperatur
1597 516 1853 575 immaturioribus
1877 522 1983 590 succis,

278 603 392 659 videtur
406 606 520 659 servata
535 607 654 669 natura,
667 606 698 656 ut
717 606 745 657 et
759 600 850 657 solem
868 600 982 657 facilius
997 601 1103 657 admit·
1159 605 1245 659 tunso
1261 602 1367 657 cortice
1381 602 1475 671 nucis,
1491 603 1627 676 foliisque
1639 604 1801 671 enutristis,
1817 606 1984 664 amariorfrt

277 696 329 761 tal,
345 696 374 747 et
389 693 524 748 umbram
541 691 666 746 obtexat.
692 689 824 762 Denique
840 690 990 763 procerius
1007 689 1105 745 media
1158 690 1318 760 absinthio,
1356 692 1422 747 vino
1464 691 1673 758 vehementior,
1713 694 1859 751 austerior
1888 694 1981 754 alliis:

277 798 346 854 pars
361 783 425 853 ejus
448 778 625 847 extenditur,
645 783 674 834 et
690 780 719 835 iu
735 780 800 852 ipsa
816 780 987 835 summitate
1002 786 1103 835 tenua·
1157 777 1301 846 gravescit
1315 794 1438 849 veneno,
1462 777 1548 835 melle
1569 779 1720 836 dulcescit.
1736 780 1766 837 Si
1793 797 1860 837 vere
1881 783 1907 839 ei
1921 783 1983 840 len·

277 876 336 941 tur,
349 876 382 925 ut
397 869 463 941 plus
479 866 807 939 pulchritudinisquem
823 868 985 941 tegumenti
1001 867 1103 939 praefe-
1157 866 1276 934 liscum,
1291 867 1448 922 terebinthi
1474 884 1590 941 queque
1606 869 1730 937 fructus,
1746 870 1790 926 vel
1806 870 1890 928 uncis
1909 871 1981 929 inte·

277 965 330 1015 rat.
349 956 461 1013 Etenim
486 953 579 1009 bravii
599 956 655 1027 (27)
670 956 798 1029 speeiem
814 957 929 1012 videtur
952 956 1102 1028 effingere,
1157 954 1216 1010 rior
1231 972 1298 1026 pars
1315 955 1481 1026 misceatur,
1498 955 1528 1011 in
1540 956 1596 1014 olei
1612 957 1731 1014 mollem
1746 962 1882 1017 naturam
1898 960 1981 1018 facile

276 1046 445 1119 significans
461 1044 538 1114 quod
556 1060 611 1098 uva
626 1044 702 1099 iuter
727 1045 886 1118 pendentes
907 1049 1024 1100 caeteros
1041 1044 1101 1100 fru·
1156 1044 1382 1099 transfunditur.
1410 1043 1482 1099 Cum
1507 1045 1546 1101 sit
1567 1051 1667 1101 aulem
1680 1045 1768 1102 altrix
1781 1049 1981 1105 omniumvir·

275 1140 339 1191 etus
352 1132 458 1188 habeat
473 1131 682 1203 principatum,
695 1134 742 1189 cui
755 1133 843 1189 tacito
854 1132 1101 1205 quodamjudicie
1156 1130 1317 1204 galterum,
1333 1132 1462 1188 diversos
1477 1133 1604 1207 singulis
1627 1152 1700 1191 usus
1716 1134 1875 1203 ministrat.
1892 1137 1922 1193 Si
1937 1155 1981 1195 ra·

274 1226 396 1287 natura,
413 1221 463 1275 sed
479 1221 604 1277 evidenti
627 1221 735 1277 indicio
759 1221 923 1277 innascitur
947 1221 1059 1294 species
1073 1225 1103 1276 et
1156 1220 1235 1276 dices
1250 1219 1341 1275 alluat
1355 1221 1412 1293 (28)
1427 1221 1471 1277 vel
1498 1221 1627 1277 nubibus
1649 1224 1715 1279 fusa
1727 1224 1893 1292 descendat,
1918 1226 1981 1283 dis·

274 1308 617 1384 praerogativavictoriee.
635 1310 740 1365 Secum
757 1309 1101 1383 igiturbebetbravium
1155 1313 1249 1363 cretas
1277 1310 1328 1363 dat
1357 1308 1494 1364 omnibus
1529 1309 1614 1377 vires,
1644 1310 1774 1366 radicem
1803 1312 1980 1386 impinguat,

291 1416 372 1467 uum,
389 1415 447 1470 quo
476 1402 504 1452 et
528 1397 680 1453 munimen
705 1398 761 1453 sibi
787 1399 931 1471 praebetur
946 1398 1099 1455 adversum
1155 1396 1305 1453 caudicem
1321 1397 1462 1469 provebit,
1477 1414 1574 1453 rames
1590 1397 1738 1467 diffundit,
1756 1399 1825 1455 folia
1840 1401 1980 1459 virescere

272 1488 397 1562 iujurias
422 1487 507 1555 aeris,
525 1485 692 1558 pariterque
713 1487 852 1543 imbrium
878 1486 1056 1553 violentiam,
1072 1490 1101 1541 ct
1155 1485 1233 1554 facit,
1260 1485 1410 1541 fructuum
1435 1485 1486 1541 alit
1509 1487 1633 1555 semina,
1659 1503 1781 1558 pomum
1805 1491 1981 1563 augerctw)

272 1576 517 1650 impedimentum
542 1591 598 1630 uon
616 1576 735 1631 affertur
750 1576 785 1632 ed
803 1576 1002 1647 recipiendum
1027 1574 1100 1631 solis
1154 1575 1316 1630 cousuevit.
1342 1575 1415 1646 Ergo
1439 1591 1507 1630 cum
1531 1575 1634 1631 eadem
1658 1575 1697 1631 sit
1722 1576 1979 1647 omniumnutrix,

273 1666 410 1730 calorem,
424 1680 481 1736 quo
495 1663 639 1735 tepefacta
659 1662 757 1729 alitur,
782 1662 939 1731 coloratur,
964 1667 1097 1736 augetur.
1154 1661 1213 1717 elia
1227 1663 1366 1718 arborum
1380 1679 1488 1735 genera
1510 1663 1655 1719 tristiores
1680 1665 1778 1720 ferunt
1793 1682 1904 1736 succes,
1921 1666 1981 1725 alia

273 1753 415 1812 Ficulneae
431 1768 547 1824 quoque
561 1750 675 1818 f'olium,
687 1769 769 1823 aque
780 1768 868 1824 prope
884 1757 917 1807 ut
930 1751 1097 1823 pampinus,
1154 1749 1310 1819 dulciores,
1323 1751 1382 1806 alra
1396 1752 1505 1820 tardos,
1526 1750 1583 1807 alia
1606 1759 1807 1824 praematuros.
1823 1755 1894 1827 lpse
1909 1772 1982 1829 quo·

272 1842 437 1917 quadrifida
447 1839 668 1896 interscinditur
677 1840 834 1909 divisioue;
847 1842 924 1912 quod
940 1856 973 1896 eo
988 1839 1097 1895 elarius
1153 1856 1210 1911 que
1223 1840 1299 1895 iuter
1313 1857 1344 1895 se
1359 1840 1528 1912 discrepant
1542 1841 1695 1897 suavitate.
1711 1842 1777 1899 Alia
1791 1844 1920 1901 suavitas
1934 1849 1981 1902 est

272 1934 394 1998 videtur,
416 1921 483 2001 'quo
513 1928 610 1999 mep'us
638 1932 683 1984 est
713 1927 913 1996 folium,sanc
935 1929 1097 1984 uonitaut
1152 1928 1182 1983 in
1197 1927 1291 1999 vinea,
1307 1927 1364 1983 alia
1380 1928 1409 1983 in
1434 1928 1582 1996 olea,alia
1601 1929 1767 1998 incerasis,
1791 1931 1978 2003 aliainticu,

274 2018 429 2095 pampinus
442 2015 487 2072 vel
500 2032 550 2072 ora
564 2016 656 2083 curari,
681 2018 725 2072 vel
749 2017 920 2074 summitate
944 2017 1097 2090 crispanti.
1153 2017 1278 2072 discreta
1292 2017 1322 2073 in
1338 2016 1427 2084 malo,
1444 2016 1545 2090 disper
1558 2016 1588 2073 in
1604 2018 1726 2091 dactylo.

272 2098 354 2167 Sicut
376 2106 453 2163 enirn
478 2106 507 2159 in
525 2104 654 2161 ficulneae
684 2106 752 2161 folio
772 2106 935 2162 crassitudo
963 2105 1096 2176 validior,
1186 2106 1232 2161 63.
1248 2106 1354 2162 Ταοῑυε
1370 2105 1433 2178 ipse
1448 2122 1530 2177 aque
1545 2106 1615 2163 alibi
1631 2106 1716 2177 lenis,
1740 2106 1812 2164 alibi
1835 2110 1977 2183 asperior,

271 2201 312 2255 ita
327 2198 356 2253 iu
367 2195 506 2268 pampino
517 2194 629 2266 speeies
640 2192 811 2267 elegantior.
823 2194 995 2251 Crassitudo
1007 2194 1097 2267 igitur
1151 2194 1327 2267 pierumque
1340 2194 1478 2269 pinguior
1488 2198 1542 2251 est.
1556 2195 1685 2253 Pondere
1698 2213 1815 2269 quoque
1824 2197 1913 2255 distat
1922 2200 1980 2256 fre·

270 2286 332 2344 l'clii
347 2282 462 2357 proficit
477 2283 513 2338 ad
529 2284 715 2354 tempestatis
730 2282 870 2354 iujuriam
886 2282 1096 2355 repellendam,
1151 2288 1274 2355 quenter
1289 2288 1322 2338 ut
1342 2284 1448 2355 speeie.
1472 2284 1549 2341 Nam
1574 2282 1723 2358 plerisque
1751 2285 1823 2341 loeis
1849 2288 1977 2360 gravior,

269 2372 470 2433 intercisione
496 2374 610 2426 fructus
625 2370 749 2443 gretiam
771 2370 938 2443 vaporandi.
964 2372 1095 2447 Denique
1150 2370 1298 2444 plerisque
1321 2370 1412 2428 levior
1436 2372 1609 2429 estimatur.
1629 2374 1694 2429 Non
1707 2374 1817 2431 mirum
1837 2374 1929 2448 igitur
1950 2378 1978 2434 si

269 2466 324 2522 hoc
339 2478 431 2536 genus
447 2460 525 2532 pomi
541 2459 713 2532 grandinem
729 2475 786 2515 nou
803 2458 871 2526 cito,
896 2460 1095 2516 maturitatem
1150 2476 1218 2517 cum
1233 2460 1298 2533 ipsa
1312 2459 1341 2515 in
1355 2477 1386 2516 se
1402 2459 1556 2533 discrepet,
1573 2461 1740 2533 discrepent
1755 2463 1844 2521 etium
1855 2463 1933 2521 iuter
1945 2482 1978 2522 se

269 2555 326 2611 cito
342 2548 532 2620 seulit;quia
546 2552 575 2603 et
597 2547 687 2604 fatere
701 2548 817 2604 videtur
831 2549 988 2605 adversum
1014 2550 1094 2620 inju-
1149 2547 1447 2622 lacrvmaearborum,
1477 2566 1541 2622 que
1569 2549 1799 2624 ejusdemaquae
1828 2550 1980 2612 alluvione

268 2643 337 2711 rias,
354 2644 382 2696 et
396 2643 495 2711 patere
511 2637 547 2691 ad
564 2638 700 2709 gratiam.
1148 2643 1335 2711 generantur.
1352 2640 1386 2695 llt
1401 2655 1470 2695 curn
1491 2656 1551 2695 una
1565 2640 1603 2695 sit
1618 2640 1751 2695 omnium
1766 2657 1864 2709 causa,
1880 2642 1979 2699 diver-

302 2733 347 2787 61.
364 2727 437 2792 Quid
457 2742 509 2798 ego
539 2725 675 2781 foliorum
704 2726 868 2781 describam
897 2725 1093 2791 diversitates,
1149 2727 1399 2799 sussingularum
1424 2746 1506 2797 usus,
1533 2729 1648 2785 diversa
1672 2734 1777 2785 ustura
1799 2735 1854 2785 est.
1876 2729 1977 2789 Aliam

267 2816 516 2893 quemadmodum
544 2813 601 2868 alia
630 2814 765 2879 rotunda,
796 2812 853 2868 alie
878 2812 1020 2885 longiore,
1037 2812 1095 2869 alia
1147 2815 1415 2872 vimbebetcerssi
1432 2816 1544 2872 arboris
1569 2815 1708 2889 lacryma,
1734 2817 1822 2873 atium
1844 2817 1975 2876 lentisci.

268 2904 415 2971 flexibilia,
430 2902 488 2958 alia
504 2902 643 2974 rigidiora
658 2902 727 2969 siut,
739 2900 796 2958 alia
811 2900 901 2957 nullis
924 2901 1008 2958 facile
1022 2920 1093 2957 veu-
1148 2903 1300 2976 Disparem
1315 2920 1431 2976 quoque
1446 2904 1571 2961 balsami
1585 2909 1700 2977 guttam
1715 2905 1836 2962 odorata
1846 2905 1976 2964 Orientis

267 2998 305 3053 tis
321 2990 460 3057 labentia,
476 2990 533 3046 aliu
548 3007 611 3062 qua
627 2989 682 3045 levi
698 2993 779 3045 motu
805 2990 991 3047 decutiantur
1004 3008 1092 3048 aura·
1146 2992 1228 3065 ligus
1241 2992 1348 3048 sudare
1367 2994 1544 3064 produntur:
1562 2992 1710 3049 diversum
1740 3010 1856 3067 quoque
1879 2995 1976 3069 lacry-

269 3082 359 3140 rum?
1147 3096 1263 3137 marum
1278 3096 1372 3153 genus
1387 3079 1513 3153 virgulta
1533 3078 1692 3136 ferularum
1706 3081 1737 3135 in
1749 3082 1870 3155 AEgypto
1884 3100 1919 3139 ac
1928 3084 1978 3139 Li-

583 3193 699 3250 GAPUT
718 3194 775 3249 XV·
1106 3151 1128 3218 C
1147 3169 1203 3241 bys
1214 3168 1342 3240 quadam
1352 3168 1380 3223 vi
1392 3176 1502 3224 natura
1513 3168 1678 3225 secretioris
1688 3167 1884 3243 illacrymant.
1895 3172 1975 3237 Quid

268 3286 406 3361 stupenda
433 3300 511 3355 am
525 3283 678 3338 diversitas·
709 3282 774 3338 ΜΘ
794 3286 820 3338 θ)
841 3285 980 3353 smmum
999 3287 1047 3355 qu,-
1060 3300 1093 3340 ea
1146 3261 1245 3314 autem
1260 3256 1463 3324 tibirefcram,
1490 3256 1663 3315 clementem
1681 3256 1750 3315 licet
1772 3276 1837 3316 esse
1859 3274 1974 3317 sermo-

198 3354 200 3359 ’
302 3360 477 3421 rectriunlur,
507 3354 665 3425 differentia
691 3357 834 3420 nesebin,-
866 3364 890 3411 et
925 3356 1091 3411 stillantium
1147 3365 1224 3418 nem,
1241 3348 1318 3421 quod
1334 3346 1975 3421 electrumlacrymavirgultisit,etintnn·

302 3448 337 3488 ec
364 3427 508 3510 arceretur
537 3426 725 3508 lacrymarum
749 3426 963 3509 discrepantias
992 3427 1091 3510 ruilus
1145 3442 1181 3493 te
1198 3437 1324 3492 maaria
1340 3435 1519 3493 soliditatem
1534 3437 1812 3509 lacrymaremur
1825 3437 1975 3511 (carruae

301 3506 479 3558 mmmm
491 3500 719 3569 mmmmm
742 3505 881 3554 ‘'mall‘’
902 3498 1089 3569 mmmm*
1145 3524 1258 3581 levibus
1280 3524 1309 3579 id
1330 3523 1474 3579 astruitur
1498 3522 1686 3590 testimoniis,
1703 3524 1819 3596 quando
1835 3523 1905 3580 folia
1919 3528 1975 3581 aut

300 3619 345 3673 62.
364 3611 567 3687 inexplicabile
582 3615 627 3667 est
651 3612 834 3684 singularum
865 3630 964 3669 rerum
993 3612 1092 3685 exqui·
1146 3612 1331 3669 surculorum
1360 3611 1565 3669 minutissime
1604 3611 1765 3685 portiones,
1791 3616 1843 3669 aut
1865 3613 1974 3686 exigua

267 3722 329 3763 rere
351 3702 424 3760 velle
447 3702 651 3775 proprietates,
675 3705 704 3757 ct
719 3700 762 3757 vel
789 3702 972 3758 diversitates
988 3718 1090 3758 aarum
1145 3702 1279 3775 quadam
1294 3699 1488 3757 animantium
1511 3717 1619 3773 genera
1635 3701 1663 3755 in
1679 3700 1785 3757 electro
1798 3718 1872 3774 sape
1887 3719 1972 3775 repe·

266 3792 422 3850 manifesta
447 3788 651 3846 testificatione
680 3788 871 3863 distinguere,
901 3790 943 3846 vel
966 3790 1090 3847 latentes
1146 3791 1268 3857 riantur,
1285 3807 1348 3863 qua
1362 3790 1477 3845 videtur
1490 3806 1555 3845 enm
1571 3790 1668 3846 adhue
1695 3796 1779 3863 gutta
1804 3791 1974 3848 essetmol·

265 3881 453 3953 occultasque
472 3895 577 3935 causas
601 3876 836 3934 indeficientibus
864 3879 976 3949 aperire
1004 3879 1088 3935 docu-
1144 3878 1208 3947 lior,
1225 3878 1369 3952 recepisse
1383 3882 1412 3934 ct
1426 3876 1553 3934 solidata
1567 3877 1707 3934 tenuisse.

266 3970 382 4027 mentis.
399 3968 463 4024 Una
477 3982 582 4039 nempe
608 3971 695 4038 atque
719 3965 821 4022 eedem
846 3971 891 4022 est
914 3983 1001 4039 aqua,
1016 3972 1046 4023 et
1059 3966 1090 4023 in
1179 3968 1224 4022 61.
1241 3967 1297 4022 Sed
1313 3966 1383 4039 quid
1399 3981 1452 4038 ego
1466 3964 1517 4021 vili
1533 3982 1668 4023 sermone
1687 3967 1810 4023 decerno
1825 3983 1893 4023 cum
1908 3966 1973 4024 alta

265 4058 393 4115 diversas
408 4055 581 4128 plerumque
597 4070 660 4111 sose
677 4058 772 4109 mutat
786 4054 916 4126 speeies:
943 4060 994 4111 aut
1015 4055 1092 4111 iuter
1145 4061 1232 4128 atque
1246 4053 1375 4127 pretiosa
1388 4055 1500 4111 ratione
1515 4058 1636 4126 natura,
1652 4072 1719 4111 cum
1734 4055 1790 4111 istc
1804 4072 1902 4112 sermo
1914 4055 1974 4113 hu-

264 4162 368 4203 arenas
384 4144 468 4210 flava,
485 4146 535 4197 aut
563 4141 640 4197 inter
667 4147 767 4199 cautes
798 4159 932 4215 spumea,
948 4149 1000 4201 eut
1014 4143 1091 4201 inter
1145 4160 1232 4200 mano
1248 4143 1343 4200 alatur
1358 4141 1474 4217 ingenio
1491 4144 1558 4215 (31),
1571 4148 1708 4199 naturam
1723 4147 1821 4200 autem
1835 4145 1974 4201 omnium

264 4250 384 4293 nemora
398 4229 582 4296 viridantior,
599 4233 650 4285 aut
671 4228 748 4286 inter
770 4230 926 4287 florulenta
951 4231 1088 4301 discolor,
1143 4232 1326 4306 providentia
1340 4232 1440 4287 diviua
1454 4230 1646 4287 formaverit?
1662 4231 1743 4288 Unde
1757 4230 1975 4289 velutbabenis

264 4328 315 4381 aut
329 4324 405 4378 iuter
419 4319 482 4377 lilia
506 4318 673 4391 fulgentior,
699 4322 750 4375 aut
774 4320 850 4377 iuter
869 4337 950 4377 rosas
966 4321 1089 4379 rutilau-
1145 4322 1322 4394 quibusdam
1344 4321 1501 4377 verborum
1525 4319 1690 4377 cohibenda
1717 4318 1835 4378 diffusio
1854 4326 1919 4379 est:
1935 4339 1974 4379 ue

264 4413 330 4479 tior,
348 4414 399 4467 aut
413 4410 443 4464 in
459 4406 591 4481 gramine
603 4407 753 4480 liquidior,
769 4412 819 4464 aut
834 4408 863 4464 in
879 4409 985 4482 palude
999 4410 1090 4465 turbi·
1144 4412 1221 4483 quod
1241 4409 1391 4468 Salomoni
1406 4408 1572 4482 specialiter
1587 4408 1735 4482 sapientia
1759 4426 1882 4466 munere
1897 4409 1974 4468 divi-

263 4498 338 4566 dior,
354 4500 405 4553 sut
419 4497 450 4552 iu
466 4498 545 4552 fonte
560 4496 765 4571 perspicacior,
782 4496 875 4553 autin
894 4499 967 4553 mari
982 4499 1088 4555 obscn·
1104 4518 1128 4584 D
1144 4499 1223 4556 uitus
1238 4500 1432 4556 videturesse
1447 4497 1596 4567 collatum,
1618 4498 1803 4571 usurpatorie
1817 4497 1976 4556 videamur

264 4587 332 4658 rior,
350 4590 501 4658 assumpto
523 4584 654 4642 locorum
673 4586 782 4659 quibus
806 4586 1022 4655 intellectore,
1040 4589 1089 4644 de·
1144 4604 1286 4662 exponere
1301 4587 1479 4644 differentias
1490 4586 1627 4643 arborum
1642 4590 1671 4643 et
1685 4587 1808 4643 virtutes
1823 4587 1972 4657 radicum,

263 4675 363 4733 currit.
380 4675 516 4749 Rigorem
545 4691 662 4748 quoque
688 4674 751 4747 pari
776 4676 889 4759 ratione
915 4681 1086 4746 commutet,
1142 4682 1171 4735 et
1186 4692 1367 4750 quacunque
1381 4676 1635 4732 suntabseoudits
1649 4680 1679 4732 et
1697 4675 1867 4749 improvisa,
1893 4676 1974 4733 sicut

263 4770 296 4823 ut
325 4765 401 4821 inter
417 4764 466 4821 118
495 4762 664 4835 vaporantia
694 4764 813 4833 ferveat,
844 4763 920 4819 iuter
949 4764 1090 4823 umbrosa
1143 4764 1503 4840 scriptumestlmpwn,
1520 4764 1565 4832 20,
1589 4764 1645 4833 2l),
1662 4780 1726 4836 quae
1756 4781 1808 4821 use
1832 4764 1898 4837 ipso
1927 4770 1973 4822 ta·

264 4853 474 4929 frigescat,sole
488 4868 659 4926 repercussa
675 4856 822 4924 eaustuet,
840 4852 955 4910 nivibus
968 4854 1090 4928 irrigate
1143 4873 1209 4913 meu
1227 4855 1413 4911 manifestata
1434 4854 1613 4926 produntur;
1630 4858 1663 4909 ut
1678 4851 1753 4907 mihi
1769 4852 1905 4911 videatur
1919 4869 1973 4926 po·

262 4944 378 5019 glaciali
403 4944 525 4999 humore
546 4945 689 4998 canescet.
717 4942 970 5007 ercmadmodum
989 4950 1088 5001 aulem
1141 4945 1234 5000 tuisse
1263 4960 1330 4999 eum
1359 4942 1510 5015 disputare
1525 4941 1561 4998 de
1588 4940 1785 5015 virgultorum
1811 4941 1972 5015 generibus

262 5051 350 5106 sapor
364 5034 428 5103 ejus
442 5032 505 5103 ipse
517 5031 703 5097 convertitur,
716 5036 748 5086 ut
762 5048 840 5087 nunc
855 5031 994 5103 asperior,
1009 5049 1088 5089 nuuc
1142 5032 1191 5105 (llf
1204 5033 1266 5103 alp.
1283 5049 1321 5099 av,
1337 5030 1394 5102 33),
1410 5046 1468 5086 uon
1489 5029 1620 5103 potuisse
1643 5034 1743 5087 tamea
1766 5028 1883 5103 plenius
1909 5048 1973 5087 om·

165 5161 168 5175 .
262 5120 407 5183 amarior?
416 5136 495 5175 nuuc
510 5118 720 5186 vehementior,
737 5136 815 5175 nune
829 5120 981 5191 austerior,
1009 5137 1088 5177 uuae
1143 5138 1194 5178 nes
1209 5124 1350 5177 creatura
1362 5118 1506 5192 explicare
1522 5118 1650 5176 rationes
1665 5119 1733 5189 (32).

299 5226 356 5298 (27)
372 5226 468 5281 Graece
494 5235 615 5300 βρασεῖον,
647 5242 755 5282 corona
782 5242 834 5282 seu
861 5226 986 5283 victorie
1015 5244 1089 5300 pras-
1140 5230 1373 5299 acceperaetc.

262 5297 367 5353 mium.
384 5295 515 5354 Debetur
529 5301 626 5354 autem
642 5296 715 5353 illud
732 5313 747 5353 e
763 5297 853 5354 ramis
878 5298 1025 5354 variarum
1042 5316 1088 5355 ar·
1176 5298 1336 5371 (Sollium.
1365 5296 1446 5367 edit,
1476 5306 1503 5354 et
1521 5296 1637 5370 lapidea
1663 5299 1776 5354 nutura
1802 5294 1970 5353 soliditatem

263 5368 379 5435 borum,
405 5386 530 5442 quarum
558 5368 661 5441 alique
686 5385 749 5441 cap.
767 5368 921 5443 superiori,
942 5386 1024 5425 uum.
1041 5370 1086 5434 55.
1141 5370 1274 5426 durescat.

263 5440 455 5513 explicantur.
477 5440 591 5496 videsis
616 5440 776 5496 Larianum
802 5441 830 5495 in
847 5440 915 5496 diat.
933 5448 1087 5515 Ἀνάχαρσις,
1177 5442 1233 5514 (31)
1262 5441 1337 5502 Edit.
1373 5444 1442 5510 vet,
1480 5457 1542 5496 eum
1578 5442 1629 5495 istc
1662 5454 1786 5495 remoue
1827 5438 1969 5508 flemene,-

263 5522 345 5587 torpe
358 5520 508 5585 γυμνασίων,
524 5515 551 5567 et
566 5510 648 5594 alios.
798 5582 803 5593 ι
883 5584 888 5595 .
961 5584 966 5595 .
1141 5514 1218 5570 Cast.
1234 5518 1264 5569 et
1280 5512 1359 5578 Gill.,
1376 5513 1536 5579 temanum,
1552 5510 1810 5595 ulcturiupcaiumn.
1947 5580 1954 5597 ι

298 5585 355 5739 (ἐξ)
369 5586 437 5641 llas.
461 5600 520 5639 neu
543 5599 630 5655 pauor
645 5586 673 5639 et
687 5586 743 5640 vet.
759 5582 842 5653 edit,
858 5582 887 5639 Sl
902 5584 1007 5640 radices
1019 5584 1086 5641 alat.
1178 5586 1237 5661 (32)
1252 5585 1295 5642 Its
1309 5600 1381 5643 mss.
1397 5583 1496 5658 plures
1510 5586 1539 5640 et
1553 5580 1741 5654 potioresull
1756 5598 1806 5655 qur
1821 5596 1891 5639 oum
1907 5582 1970 5639 edr-

369 5656 440 5717 llss.
469 5654 591 5733 aliquot,
616 5656 740 5731 fredum
761 5655 822 5727 ulit,
838 5670 985 5732 pauorem
1005 5658 1087 5719 semi·
1140 5655 1191 5734 tis,
1206 5671 1295 5730 emus,
1310 5655 1356 5718 vel
1383 5657 1482 5731 amau,
1507 5658 1643 5719 tenemur
1667 5658 1802 5718 accere
1827 5653 1970 5733 explicere
