4159 6184
127 307 202 380 ,8113
553 305 606 376 ab
620 307 995 410 Ι111191199111111οΝ11
1014 315 1085 388 JDB
1104 319 1156 390 Di*
1176 318 1299 389 namn
1319 315 1396 386 tls.
1417 316 1458 386 lt.
1803 306 1865 387 881

139 447 198 508 etsi
215 463 278 506 nou
295 441 603 520 implicaturjustus,
619 451 716 507 tamen
729 449 909 525 impeditur:
939 455 986 512 hic
1000 458 1027 526 Α
1044 458 1140 516 naroli
1153 454 1348 526 admirabilis,
1363 473 1458 532 usque
1471 453 1508 514 ad
1524 452 1646 512 domum
1660 448 1721 511 Dei.
1738 449 1771 510 lu
1794 463 1865 510 vocs

140 539 260 598 d0l⁰l0⁸
274 541 305 594 et
321 533 567 605 ⁸⁰¹¹i⁰ii¹¹df¹¹093
586 536 644 594 illic
663 539 776 612 laeiiiitb
793 543 839 599 Ubi
870 550 961 618 gratio
978 567 984 604 :
1042 548 1255 615 exsultationis,
1272 552 1300 603 et
1314 546 1507 604 consessionis
1522 543 1636 603 sonitus
1651 541 1796 616 epulantis
1824 541 1865 614 (1)

137 630 185 690 bio
201 631 358 706 postremo
374 623 735 702 communionemque
753 631 859 688 Paulus
875 633 986 692 solvere
1040 637 1132 708 (Psoi.
1148 657 1204 708 xor,
1218 639 1259 710 5).
1277 660 1291 686 n
1306 636 1369 693 Non
1380 636 1529 693 immerito
1542 634 1639 702 flabat,
1651 631 1790 706 quoniam
1800 646 1865 688 ver.

137 720 306 796 gestiebam
328 712 651 772 ui⁰m1¹ib1¹⁸⁰xuiu³
681 718 910 791 impedimentis,
928 722 984 780 Do·
1040 733 1154 785 seretur
1167 729 1197 784 in
1213 724 1311 793 terris,
1327 726 1371 781 cui
1401 724 1531 782 caelestia
1558 721 1750 782 tabernacula
1777 720 1866 779 debe·

138 812 221 868 mino
236 808 315 866 liber
330 805 498 863 assisteret.
516 803 578 860 lloo
594 820 662 878 ergo
679 807 799 866 sitiebat
814 811 912 868 animo
926 811 985 869 Da·
1040 823 1152 885 rentur,
1169 822 1197 874 et
1212 832 1302 889 quem
1317 814 1390 872 aula
1406 813 1532 888 potentis
1552 816 1733 886 exspectaret
1761 810 1866 871 introi.

138 899 328 970 Vidsfliistffl
352 909 484 966 ¹¹⁰¹¹Pel
513 891 616 960 fidem,
641 895 782 952 sedsaeie
811 898 846 953 ad
879 900 983 958 taciem
1039 891 1699 979 tus.Deniqueillamsolamomnibusregni
1725 903 1772 960 sui
1800 900 1866 976 opi·

138 989 233 1046 Deum
250 987 363 1042 Videtssi
379 1001 386 1052 3
404 999 459 1040 ¹¹0⁰
475 979 576 1038 solum
593 985 829 1058 peregrinaretur
844 1005 860 1044 a
882 1006 983 1062 corpo·
1039 996 1095 1052 bus
1110 995 1294 1070 preferebat,
1311 993 1463 1064 sicutipse
1478 990 1651 1049 testificatus
1666 996 1710 1049 est
1723 991 1794 1048 alibi
1819 991 1865 1048 di-

141 1095 183 1146 re,
203 1077 255 1133 sed
272 1090 395 1146 corpore
420 1070 598 1130 solveretur.
628 1071 752 1131 Dissolvi
767 1077 843 1133 enim
861 1081 889 1133 et
916 1095 983 1135 oum
1039 1101 1127 1142 cens:
1146 1085 1272 1142 «Unam
1289 1081 1359 1156 petii
1373 1098 1390 1137 a
1406 1079 1539 1149 Domino,
1554 1080 1631 1137 hanc
1642 1081 1790 1156 requiram
1808 1097 1815 1138 :
1831 1086 1867 1138 ug

137 1166 330 1223 chrisme&
345 1161 441 1218 mu¹i⁰
458 1159 568 1217 melius
586 1175 593 1215 ²
611 1161 775 1235 quiajusp,
793 1166 866 1222 morl
881 1172 925 1223 cst
939 1167 983 1223 lu·
1038 1175 1202 1233 inhabitem
1218 1175 1249 1229 in
1265 1174 1353 1228 domo
1368 1167 1484 1226 Domini
1500 1185 1603 1227 omnes
1617 1170 1680 1228 dies
1694 1170 1759 1228 vitae
1789 1188 1863 1228 meaa

136 1253 405 1324 crumlltgrande
427 1246 684 1323 quidemlucrum
715 1269 820 1309 carere
850 1259 980 1327 peccato,
1037 1264 1245 1319 etutvideem
1263 1256 1487 1317 delectationem
1502 1258 1648 1316 Domini»
1672 1261 1758 1334 (Paul.
1786 1278 1865 1327 xxvr,

139 1341 315 1400 deiiiwluffl
334 1339 480 1396 illesseblifl
500 1356 560 1408 11011
579 1339 700 1395 moveri.
718 1341 788 1406 Quin*
805 1345 884 1399 enim
897 1362 983 1401 mun·
1037 1353 1076 1424 la).
1092 1352 1252 1408 Delectatio
1268 1347 1386 1406 Domini
1399 1345 1430 1401 in
1445 1347 1572 1406 Ecclesia
1584 1354 1629 1407 est
1644 1367 1651 1407 ε
1667 1349 1796 1408 Ecclesia
1819 1355 1866 1409 est

138 1433 194 1488 dus
208 1447 226 1487 a
241 1429 341 1498 sorde,
359 1429 478 1500 quando
493 1444 548 1482 neo
566 1427 653 1482 unlus
676 1429 733 1483 diei
761 1429 821 1486 vila
850 1431 981 1489 bominis
1037 1439 1136 1514 imago
1151 1439 1317 1497 coelestium
1335 1435 1463 1505 ;etenim
1478 1441 1634 1511 postquam
1659 1440 1765 1497 umbra
1790 1456 1864 1513 pm.

136 1520 357 1576 intersecaret
373 1515 547 1574 delictorum
565 1515 771 1589 contagione?
787 1518 918 1576 Viveudo
935 1539 980 1576 er·
1037 1528 1126 1598 teriit,
1142 1529 1241 1600 imago
1256 1523 1413 1583 successit.
1429 1523 1538 1583 Umbra
1565 1529 1719 1604 synagoga
1733 1532 1777 1586 est
1794 1545 1800 1584 :
1832 1529 1863 1587 in

137 1603 518 1683 ss⁰d³ffl¹¹⁸⁰⁰¹¹ifflhim¹¹³
537 1602 730 1671 ῑΰῦθῡθῡῐίω,
764 1610 860 1662 morte
890 1609 981 1665 finem
1038 1617 1144 1672 umbra
1169 1617 1225 1687 lex,
1240 1617 1271 1671 in
1287 1611 1443 1689 Evangelio
1459 1615 1572 1674 veritas.
1590 1619 1657 1676 ldco
1671 1618 1702 1675 in
1717 1619 1864 1693 Evangelii

136 1695 245 1754 erroris
262 1692 466 1772 adipiscimur.
487 1691 611 1748 lucrum
632 1709 708 1766 ergo
725 1698 822 1749 morte
850 1695 983 1767 acquiri·
1038 1700 1151 1759 lumine
1166 1702 1299 1761 ueritatis
1324 1700 1422 1772 imago
1446 1704 1621 1777 resplendet.
1649 1707 1750 1766 Flebat
1773 1707 1865 1782 igitar

136 1785 388 1852 tumultuantem
408 1783 614 1852 usutanquam
642 1781 770 1838 miseris
795 1782 984 1840 debitoribus
1040 1788 1186 1864 Propheta
1202 1811 1209 1861 ;
1225 1787 1865 1871 quiadifferebanturpleuagratimbonaet

137 1871 268 1932 usurarii
282 1867 411 1926 nominis
422 1867 458 1924 ad
470 1872 581 1925 reatum
592 1868 693 1928 loenus
705 1874 848 1944 augetur.
862 1871 896 1926 itt
906 1871 986 1928 bone
1041 1878 1148 1936 referta
1161 1880 1279 1937 letitiae.

138 1963 203 2022 sitit
217 1961 327 2026 anima,
339 1973 403 2031 qua
418 1955 535 2014 festinat
549 1957 584 2014 ed
599 1958 728 2030 iontem,
746 1977 808 2016 uon
839 1977 924 2034 aqum
942 1959 986 2014 is·
1366 1967 1480 2029 CAPUT
1507 1974 1552 2031 111,

138 2053 211 2120 tius,
227 2051 278 2110 sed
293 2048 358 2104 vitm
370 2051 492 2116 mierum,
509 2045 544 2102 de
558 2064 615 2120 quo
629 2066 725 2123 supra
741 2048 821 2106 dixit
838 2067 844 2105 :
862 2071 876 2100 «
908 2049 987 2114 QUO·
1042 2057 1102 2111 llloo
1116 2060 1221 2114 mirum
1235 2055 1532 2132 eioavtdtajmotm
1543 2066 1635 2133 mutis,
1651 2065 1718 2121 etsi
1737 2065 1865 2122 consota-

140 2143 220 2199 niam
236 2140 314 2212 apud
329 2141 358 2194 te
372 2139 417 2192 ast
432 2137 496 2192 lons
511 2135 584 2205 vitm,
601 2141 629 2192 et
643 2137 677 2193 iu
695 2137 816 2194 lumine
832 2141 883 2194 tuo
900 2137 983 2193 vide·
1077 2128 1152 2215 tione
1164 2143 1217 2183 ³¹⁴⁰
1230 2126 1345 2207 minime
1358 2138 1479 2218 cariati,
1491 2135 1624 2218 ‚iuriam
1651 2139 1698 2193 iii·
1722 2153 1784 2192 ⁶⁰0²
1806 2137 1865 2207 1’1110

138 2231 240 2288 bimus
254 2228 355 2284 lumen
370 2226 455 2299 (Psot.
471 2242 554 2296 xxxv,
571 2225 627 2297 10).
640 2247 655 2275 n
673 2227 782 2284 Merito
799 2243 870 2300 ergo
887 2226 984 2283 David
1079 2199 1205 2253 mmm
1219 2211 1268 2265 (μ’
1282 2203 1394 2256 'mmm
1406 2205 1506 2262 “timii
1527 2208 1724 2275 voluntarium,
1754 2209 1864 2263 iterium

140 2318 315 2395 properabat
331 2313 482 2388 pervenire
496 2317 524 2369 et
539 2329 681 2385 apparere
691 2321 761 2370 aute
778 2317 856 2372 (m
871 2315 982 2370 faciem
1076 2269 1865 2422 igiffjowoss‘ffiffi'gigiffgfflssrlmpffi

141 2408 205 2477 Dei,
221 2407 307 2478 cujus
322 2403 420 2459 vultus
444 2401 544 2458 lumen
572 2407 639 2470 est;
665 2403 737 2475 quia
763 2419 871 2461 omnes
902 2420 981 2476 quos

1076 2406 1189 2466 dicerit
1206 2404 1220 2458 ‘l

141 2495 287 2556 Dominus
300 2495 422 2567 spectat,
439 2490 596 2547 illuminat.
1074 2499 1122 2555 40,
1141 2492 1276 2568 Denique
1288 2503 1316 2557 et
1330 2503 1359 2560 iu
1374 2508 1582 2579 posterioribus
1596 2511 1685 2569 dieta:
1702 2532 1717 2563 a
1733 2510 1794 2567 flou
1806 2524 1864 2578 me,

176 2589 205 2654 7,
222 2608 237 2636 a
254 2587 383 2640 Fuerunt
397 2580 531 2654 lacryma
545 2595 615 2635 mee
645 2579 717 2636 mibi
745 2598 838 2654 panes
863 2583 912 2639 die
942 2598 976 2638 ao
1035 2581 1575 2673 quiaincolatusmeusprolongatus
1603 2604 1648 2658 est
1671 2601 1758 2673 (Psoi.
1787 2615 1864 2666 cxm,

143 2681 240 2743 nocte,
252 2675 323 2730 dum
339 2670 446 2728 dicitur
461 2669 532 2725 mihi
542 2667 673 2740 quotidie
689 2686 695 2724 :
710 2669 764 2727 Ubi
778 2677 824 2729 est
835 2672 915 2728 Deos
928 2675 975 2727 tu·
1031 2675 1062 2745 5)
1082 2677 1090 2732 1
1110 2700 1124 2726 n
1145 2671 1185 2729 Et
1200 2673 1261 2734 ideo
1277 2679 1478 2757 interpellabat
1489 2689 1658 2758 Dominum,
1673 2689 1744 2762 quia
1757 2687 1793 2745 ad
1804 2703 1865 2744 me·

145 2757 894 2838 usil’eot.xt1,4‘l»lbibenelacrymmpanessunt,
921 2759 972 2818 ubi
1029 2763 1112 2823 liora
1136 2769 1325 2839 properabat.
1343 2774 1374 2830 lu
1404 2776 1475 2850 ipsis
1501 2781 1599 2837 tamen
1628 2776 1866 2836 altlictationibus

146 2851 410 2924 esuriturjustltia.
422 2848 501 2904 lieati
512 2847 589 2904 euim
601 2846 649 2919 qui
669 2849 806 2905 esuriunt
815 2855 844 2906 et
867 2850 975 2907 sitiunt
1029 2856 1141 2913 saeculi
1156 2873 1264 2932 magna
1273 2867 1349 2919 esset
1360 2866 1518 2924 consolatio
1528 2867 1728 2942 presentium,
1741 2865 1867 2940 speetu.

148 2937 459 3018 iustitiam,quouiam
469 2936 526 3010 ipsi
536 2936 757 2994 saturabuntur.
782 2939 857 2995 Sunt
882 2938 975 3011 igitur
1029 2945 1193 3005 tusorum.
1207 2949 1277 3017 Quis
1286 2953 1365 3011 enim
1377 2971 1435 3012 non
1446 2956 1570 3030 erigeret
1580 2957 1723 3024 animum,
1737 2954 1788 3030 qui
1798 2972 1865 3029 pos·

151 3034 286 3107 lacryma
298 3046 363 3102 qum
376 3044 465 3103 panes
478 3027 557 3093 snut,
569 3029 598 3080 et
614 3024 850 3085 confirmantem
875 3027 976 3084 humi·
1032 3037 1216 3109 setsperare
1225 3039 1253 3096 iu
1263 3043 1449 3102 tabernaculo
1461 3045 1569 3103 caelesti
1579 3044 1723 3104 beatailla
1733 3045 1867 3104 sibicou-

148 3120 267 3181 nis.Cui
278 3114 471 3192 disputationi
483 3114 571 3170 etiam
582 3112 653 3168 illud
665 3113 980 3172 Ecclesiasticumcon·
1033 3125 1133 3182 sortia
1149 3128 1228 3185 042
1244 3135 1393 3191 reservari.
1410 3135 1465 3193 Sed
1486 3136 1557 3209 quia
1571 3136 1680 3194 inllmm
1708 3135 1867 3195 conditioni

148 3210 352 3269 venitdiotum
364 3205 483 3262 :ulilitte
495 3218 600 3276 panem
612 3203 883 3261 tuumautelaciem
895 3221 978 3278 aqum
995 3191 1017 3257 G
1036 3209 1219 3287 plerumque
1235 3220 1333 3280 lutura
1347 3225 1432 3283 taedio
1447 3229 1525 3295 sunt,
1542 3226 1697 3300 prasentia
1711 3224 1866 3294 vexationi;

148 3288 981 3375 (aerearumquetuipsniaeoetesttaubiaquagratia;
1036 3298 1104 3357 ideo
1130 3308 1161 3359 et
1189 3311 1283 3366 sancti
1312 3314 1461 3388 Propheta
1486 3315 1709 3392 insurgentibus
1736 3316 1867 3391 corporis

149 3386 293 3464 quoniam
303 3387 379 3441 reete
391 3381 541 3456 accipiunt
551 3377 753 3436 substantiam
762 3380 854 3448 verbi,
865 3386 894 3437 et
904 3398 982 3454 mys·
1038 3384 1182 3446 fluetibus
1196 3395 1296 3454 anima
1309 3401 1492 3460 turbabatur·

149 3479 216 3536 tica
225 3473 348 3531 rationis
358 3471 547 3536 alimentum,
561 3466 669 3538 quibus
681 3465 805 3524 llumina
825 3485 906 3542 aquae
917 3470 983 3524 vitm
1077 3477 1123 3531 11.
1139 3478 1213 3534 Nolo
1228 3485 1308 3542 enim
1322 3491 1439 3546 mireris
1449 3491 1474 3547 si
1487 3491 1632 3566 Propheta
1640 3496 1770 3554 animam
1780 3511 1866 3554 suam

150 3569 188 3625 de
199 3568 299 3622 ventre
312 3561 463 3618 labuntur.
473 3555 617 3614 Similiter
628 3571 747 3628 quoque
762 3555 803 3612 ibi
825 3557 912 3631 panis
937 3557 986 3613 hic
1039 3560 1113 3619 dicit
1126 3581 1192 3620 esse
1207 3572 1397 3645 exagitatam,
1413 3594 1480 3634 eum
1502 3579 1608 3640 dixerit
1635 3586 1698 3658 ipae
1725 3584 1870 3642 Dominus

151 3651 311 3721 vivus,ubi
322 3647 619 3723 aqualaerymarum,
632 3647 660 3701 et
677 3649 819 3702 tletusest
844 3647 984 3720 paenitcn·
1040 3651 1129 3707 tesus
1146 3670 1152 3709 :
1169 3676 1184 3702 α
1200 3656 1285 3715 Nunc
1300 3664 1401 3720 aalma
1415 3683 1480 3721 mea
1494 3671 1613 3729 turbata
1626 3678 1672 3732 est
1694 3679 1788 3745 (ioan.
1818 3691 1869 3744 ¹11,

152 3745 212 3802 tim.
224 3740 359 3798 Siceuim
372 3737 514 3810 scriptum
527 3739 589 3791 est:
603 3757 617 3785 a
630 3735 662 3789 ln
676 3732 746 3790 lietu
758 3734 902 3803 exierunt,
918 3741 946 3792 et
956 3735 986 3791 in
1040 3739 1098 3810 27).
1118 3761 1132 3788 a
1148 3741 1203 3807 Qui
1218 3747 1297 3802 enim
1314 3752 1444 3825 suscepit
1458 3753 1645 3818 infirmitates
1667 3766 1793 3833 nostras,
1823 3780 1873 3820 no·

155 3824 695 3892 consolationcrevooaboeos(Jerem.
706 3841 783 3889 xxxx,
803 3824 842 3897 9).
869 3847 882 3874 a
907 3823 988 3881 Beati
1043 3833 1138 3884 strum
1156 3847 1274 3906 quoque
1289 3841 1421 3912 suscepit
1436 3841 1584 3917 allectum,
1600 3849 1630 3906 in
1653 3867 1711 3922 qno
1726 3855 1756 3906 at
1778 3851 1872 3910 tristia

157 3937 229 3996 ergo
242 3933 369 3993 quorum
380 3915 515 3988 lacrymae
527 3929 628 3986 pauca,
638 3912 688 3984 qui
700 3911 795 3968 ridere
807 3917 987 3982 meruerunt,
1043 3920 1106 3974 erat
1121 3935 1214 3989 usque
1229 3924 1266 3979 ad
1284 3931 1420 3999 mortem,
1433 3947 1491 3986 non
1501 3939 1622 4009 propter
1631 3941 1755 3994 martem
1772 3963 1779 4008 ;
1793 3957 1874 3998 mors

160 4009 234 4085 qnia
246 4007 324 4063 bessii
339 4003 390 4077 ‘lui
406 4001 490 4060 fletis·
1045 4004 1125 4060 enim
1141 4007 1309 4073 voluntaria
1324 4017 1495 4074 mestitiam
1508 4019 1617 4081 babere
1630 4040 1689 4082 nou
1703 4029 1827 4098 poterat,
1843 4027 1874 4086 iu

199 4097 227 4152 8.
247 4116 260 4144 u
275 4093 385 4151 Horum
401 4106 524 4160 memor,
540 4089 648 4162 inquit,
662 4087 751 4144 alludi
766 4105 854 4162 super
869 4106 916 4146 mc
931 4089 990 4145 ani·
1044 4094 1642 4183 qualuturaeratuniversorumlatitta,
1672 4114 1875 4175 universorum

161 4201 245 4244 mam
260 4179 457 4252 meamll'tal.
475 4179 616 4250 xu1,5).·
645 4181 768 4234 Sanctus
795 4177 906 4252 colligit
934 4179 990 4251 (98)
1046 4184 1173 4242 relectio.
1192 4187 1232 4243 De
1247 4206 1307 4261 qua
1322 4193 1435 4250 etalibi
1451 4195 1525 4254 dixit
1542 4218 1549 4256 :
1569 4202 1629 4258 «bt
1642 4202 1765 4273 surrexi,
1782 4208 1811 4262 et
1836 4206 1876 4263 vi·

160 4275 201 4332 ab
217 4272 264 4329 his
278 4288 343 4344 qum
359 4268 429 4325 loris
445 4271 525 4337 suut,
543 4270 571 4323 et
586 4283 677 4340 supra
692 4283 723 4322 se
738 4267 841 4322 alludit
860 4267 990 4324 animam
1045 4273 1086 4338 di,
1102 4277 1132 4330 et
1147 4292 1271 4333 somnus
1286 4279 1383 4346 duleis
1398 4283 1493 4341 iaetus
1509 4292 1555 4344 est
1569 4290 1643 4346 mihi
1658 4291 1768 4365 (ierem.
1796 4310 1873 4363 xxxr,

162 4377 252 4420 suam
265 4378 272 4429 ;
283 4364 314 4415 ut
329 4357 429 4413 anima
444 4372 534 4429 supra
549 4370 655 4426 corpus
671 4354 763 4409 allusu
788 4355 990 4412 infirmitatem
1045 4362 1102 4433 26).
1119 4385 1132 4410 n
1150 4367 1247 4421 Bonus
1264 4383 1387 4426 somnus
1399 4372 1450 4444 qui
1466 4373 1536 4432 iecit
1549 4394 1606 4434 nou
1624 4379 1875 4441 esurireesurien·

162 4449 264 4508 carnis
280 4445 451 4512 abscondat,
468 4448 547 4518 tegat
559 4441 690 4516 corporis
711 4441 766 4514 (99)
782 4443 817 4497 ad
848 4443 992 4514 poeniten·
1047 4455 1100 4518 tes,
1118 4469 1175 4508 non
1192 4455 1273 4510 sitire
1303 4457 1449 4528 sitientes,
1480 4464 1593 4534 quibus
1622 4475 1873 4532 sacramentorum

164 4541 254 4606 aiam,
265 4535 394 4592 etvirtus
406 4531 514 4604 ubique
525 4531 630 4588 animm
643 4530 808 4602 mentisque
820 4532 991 4602 praetendat.
1009 4561 1032 4625 D
1048 4538 1233 4596 dulcedinem
1250 4546 1432 4615 praeparauit.
1450 4547 1601 4611 Quomodo
1616 4571 1685 4630 ergo
1700 4559 1799 4617 anima
1809 4562 1873 4633 ejus

146 4627 252 4696 ¹Unde
268 4629 296 4683 et
311 4624 339 4679 ln
355 4620 567 4697 posterioribus
583 4619 672 4675 dic-it:
692 4641 705 4669 a
717 4619 869 4675 Effundam
884 4621 913 4676 in
924 4638 992 4678 oon·
1049 4628 1154 4685 timore
1169 4631 1287 4685 turbata
1302 4635 1356 4698 est,
1375 4635 1425 4706 qui
1442 4636 1509 4693 iecit
1523 4641 1649 4700 aliorum
1672 4646 1787 4706 animas
1815 4668 1873 4708 non

167 4720 272 4791 spectu
288 4714 353 4784 ejus
368 4709 529 4768 orationem
546 4724 642 4765 meam
656 4709 741 4780 (Psoi.
758 4711 883 4783 cxt1,2).
903 4733 915 4758 n
941 4711 994 4767 Ubi
1051 4717 1176 4774 timeret
1192 4719 1299 4774 Tristis
1314 4737 1383 4793 ergo
1399 4740 1492 4796 usque
1508 4729 1543 4785 sd
1554 4737 1690 4805 mortem,
1701 4735 1792 4794 donec
1803 4756 1874 4795 con-

171 4803 335 4865 effunditur
347 4801 450 4869 oratio,
466 4799 505 4855 ibi
523 4803 640 4872 peccata
656 4801 725 4853 sunt
749 4801 834 4854 tecta.
865 4800 994 4864 Quorum
1050 4811 1250 4862 summaretur
1264 4808 1358 4879 gratia
1375 4827 1382 4864 ε
1399 4813 1476 4883 qood
1498 4817 1641 4887 probatur
1669 4822 1763 4895 ipsius
1791 4825 1873 4882 testi-

168 4899 272 4952 autem
288 4905 447 4947 memorem
463 4905 494 4944 se
509 4886 580 4943 dicit
595 4887 609 4941 ‘l
624 4887 730 4943 Dorum
748 4887 847 4960 utiquc
864 4904 927 4960 qum
949 4889 996 4944 de-

168 4981 329 5045 siderabat,
347 4983 379 5035 ot
393 4978 503 5034 veniret
517 4980 545 5032 et
560 4979 711 5048 appareret
724 4977 920 5051 inconspectu
933 4977 994 5044 Dei,

171 5072 286 5144 atejus
302 5068 399 5126 aulam
416 5065 496 5122 illam
510 5064 619 5121 videret
633 5067 779 5132 aeternam,
796 5067 826 5120 in
857 5083 917 5138 qua
945 5085 995 5140 pa-

172 5155 626 5228 aiebaturanimoetprasnmpto
638 5151 837 5210 delectabatur
847 5155 994 5227 ingressu.

209 5251 236 5305 9.
253 5269 267 5298 a
283 5245 426 5322 Quoniam
439 5241 595 5316 ingrediar,
611 5239 716 5312 inquit,
733 5241 763 5296 in
776 5241 873 5298 locum
899 5244 996 5300 tabor-

212 5424 270 5497 (98)
285 5421 371 5492 ladit,
385 5421 500 5477 Sanctus
514 5433 570 5476 esse
583 5418 696 5488 colligit.
714 5417 820 5476 Melius
834 5436 904 5476 mss.
932 5439 995 5479 sarr-

172 5503 237 5556 ctus
251 5495 367 5567 colligit,
383 5492 631 5565 mompsuestenum,
647 5505 710 5562 quae
725 5506 779 5546 vox
789 5492 923 5564 sequenti
938 5512 995 5552 rar·

175 5584 213 5628 so
228 5583 261 5624 ex
286 5565 413 5622 rimitur.

214 5583 361 5712 (scindit.
377 5651 487 5703 omnes,
501 5635 779 5705 lepatcorpus;mss.
796 5637 908 5703 contra,
925 5638 996 5713 tepet

1051 4898 1148 4951 monio
1163 4894 1287 4951 dicentis
1303 4896 1339 4951 de
1354 4903 1446 4955 morte
1461 4918 1515 4959 sua
1530 4920 1537 4960 :
1551 4928 1565 4955 u
1577 4908 1758 4981 baptismate
1781 4912 1875 4971 habeo

1050 4984 1202 5059 baptizari,
1219 4989 1247 5039 et
1261 4986 1408 5056 quomodo
1432 5004 1533 5063 angor,
1550 4998 1730 5067 usquedum
1745 5002 1876 5072 perficia-

1050 5076 1099 5129 tur
1114 5075 1189 5146 (Luc.
1205 5090 1256 5139 xm,
1276 5072 1348 5144 5o)t
1363 5095 1377 5123 o

1088 5164 1130 5218 12.
1147 5162 1294 5217 Turbatus
1309 5160 1399 5235 igitur
1412 5165 1502 5221 David
1517 5167 1640 5228 lubricis
1655 5175 1754 5233 saculi
1780 5178 1875 5253 hujus

1051 5249 1243 5320 anfractibus,
1260 5247 1333 5305 dixit
1348 5266 1355 5304 :
1370 5273 1384 5301 u
1401 5252 1496 5317 Quare
1511 5255 1605 5315 tristis
1619 5277 1662 5333 es,
1678 5263 1779 5323 anima
1791 5283 1875 5339 mea3

1051 5434 1183 5504 corporis,
1200 5427 1390 5502 subintellige
1405 5432 1603 5502 infirmitatem.

1086 5505 1127 5572 (1)
1142 5503 1185 5557 ltu
1202 5516 1275 5555 mss.
1292 5504 1386 5557 etvet.
1403 5503 1471 5560 edit.
1500 5505 1583 5564 Rom.
1613 5526 1690 5583 vero,
1716 5517 1779 5572 sont
1804 5519 1876 5590 sesto

1051 5575 1223 5631 celebrantia.
1242 5572 1308 5641 Quis
1320 5587 1376 5628 nott
1389 5577 1505 5644 eriperet
1514 5580 1641 5639 ocimum
1654 5587 1704 5657 qut
1713 5595 1801 5659 pomae
1813 5604 1874 5661 ape.

1051 5663 1115 5704 rore
1138 5646 1170 5702 in
1194 5645 1370 5700 tabernaculo
1393 5648 1494 5704 comte
1518 5649 1597 5709 teate
1610 5656 1663 5713 etta
1688 5659 1743 5715 stoi
1764 5675 1873 5720 consor·
