4159 6184
109 347 168 412 765
637 348 752 416 elaea
773 351 824 414 eu
845 349 1039 416 NABUTHE
1061 350 1315 417 vetustatum.
1775 355 1835 422 76ss

108 484 165 544 ctia
179 483 213 543 ia
230 501 266 544 eo
281 489 412 545 tractatu
426 503 482 545 non
498 501 592 561 pauca
606 485 801 560 disseritque
816 487 851 543 ad
870 484 1104 548 consolationem
1129 503 1231 544 eorum
1254 489 1423 557 coeternum
1448 494 1479 547 et
1502 505 1575 564 quos
1599 489 1675 565 (cap.
1693 492 1720 559 i,
1736 509 1767 548 u.
1782 490 1834 549 tet

106 593 131 632 c.
147 577 178 646 6,
196 594 228 633 n.
245 578 299 646 29;
316 595 342 634 c.
359 578 404 647 ii,
421 595 448 634 n.
463 579 513 646 60;
530 595 554 634 c.
573 578 618 646 te,
634 596 664 634 n.
680 578 716 631 67
730 582 758 632 et
773 577 847 648 seq.)
864 575 976 631 ibidem
992 576 1234 649 locupletioribus
1258 595 1316 634 non
1339 582 1456 635 tantum
1472 584 1578 652 euitat,
1604 581 1654 638 sed
1674 581 1765 636 etiam
1780 596 1833 634 an·

106 667 234 740 teponit,
253 671 358 742 utpote
374 667 513 724 feliciores
528 667 558 722 in
575 685 631 723 sua
646 667 796 732 tenuitate,
813 682 846 721 ac
863 665 923 721 Deo
940 664 996 736 ipsi
1012 666 1201 737 acceptiores.
1218 664 1357 724 Caeterum
1375 667 1543 740 exemplum
1558 668 1613 725 hoc
1628 668 1769 742 pauperis
1791 683 1836 723 re·

105 757 161 830 gisa
178 757 339 829 cupiditati
356 774 413 812 non
430 757 619 829 obsequentis
634 756 793 813 admodum
811 754 960 826 placuisse
976 752 1047 810 huic
1062 758 1163 810 nostro
1177 755 1288 810 ‹tocinri
1307 773 1364 812 non
1380 757 1476 812 sctum
1491 775 1554 829 quic
1569 757 1616 813 hic
1639 758 1782 832 leguntur
1796 757 1840 810 in-

104 846 186 902 dicio
201 850 286 913 sunt,
301 863 405 902 verum
420 845 507 901 etiam
524 846 601 917 quod
616 847 676 914 iam
692 845 794 902 eodem
808 844 860 900 illo
876 841 1010 916 exemplo
1027 861 1101 900 usus
1117 843 1223 909 lucrat,
1241 851 1273 898 ut
1287 862 1319 900 se
1334 846 1397 918 ipae
1412 848 1598 903 confirmaret
1609 848 1839 918 stimularetquc

106 935 143 990 ed
160 935 368 990 resistendum
384 933 560 1006 imperatori,
578 950 668 1005 aqam
684 933 806 989 iustiuae
822 931 967 988 instinctu
983 931 1205 988 Catholicorum
1229 933 1351 990 ecclesia
1376 936 1491 991 tradere
1514 936 1630 992 Arianis
1646 937 1814 1010 jubebatur
1831 953 1839 991 :

106 1023 236 1079 Nabutbc
252 1025 322 1078 uites
337 1040 414 1091 suas,
430 1022 524 1094 inquit
539 1021 657 1094 (Contra
673 1027 744 1082 tiva.
762 1021 802 1076 De
817 1021 917 1092 lensii.)
932 1022 976 1076 act
988 1025 1104 1095 proprio
1119 1035 1217 1076 cruam
1230 1021 1360 1096 desemiit.
1376 1025 1409 1080 Si
1434 1025 1483 1080 alic
1507 1026 1614 1082 citream
1634 1044 1694 1082 non
1722 1024 1841 1081 tradidit

108 1129 197 1180 suom,
214 1128 267 1167 nos
283 1113 423 1168 trademus
439 1113 586 1167 Ecclesiam
602 1111 704 1168 Christi
710 1115 756 1166 t...
768 1110 799 1165 Si
817 1111 865 1165 itte
877 1115 992 1182 patrum
1006 1111 1198 1169 nareiacum
1213 1113 1406 1177 contradidit,
1420 1114 1705 1184 epotrodameristi
1719 1114 1840 1170 heredi·

110 1205 208 1258 littera?
223 1201 300 1256 Ataia
320 1209 352 1256 ut
367 1201 478 1256 tradam
494 1199 681 1256 hereditatem
695 1199 869 1270 patrum,hoc
883 1207 922 1254 eat
936 1199 1129 1256 liaercrtitoteu
1150 1201 1292 1271 Oiairysii.
1306 1207 1361 1256 etc.

147 1290 286 1347 llocloco
303 1289 556 1345 dissimulandum
576 1306 634 1344 non
659 1293 703 1344 cst
726 1289 915 1344 Ambrosium
941 1305 976 1344 ex
1001 1288 1160 1345 Basilianis
1190 1288 1328 1357 homiliis,
1354 1292 1392 1347 lle
1418 1294 1546 1360 ceadda,
1564 1300 1591 1348 et
1617 1297 1647 1351 ln
1674 1293 1842 1351 ditescentes

112 1379 256 1439 nonnulla
272 1383 443 1436 mutuatum
455 1395 527 1434 esse.
542 1377 617 1434 Illud
634 1377 740 1434 evincit
754 1376 797 1433 vel
815 1377 878 1433 sola
893 1377 1026 1434 affinitas
1037 1377 1149 1447 (basil,
1166 1379 1241 1432 liora.
1257 1379 1290 1434 dc
1305 1381 1398 1446 siaiu,
1412 1382 1524 1447 Amba..
1550 1399 1613 1454 cap.
1638 1385 1667 1451 5,
1693 1398 1779 1437 num.
1804 1386 1837 1440 21

112 1477 141 1528 et
158 1471 231 1543 seq.)
247 1467 536 1542 elegantissimorum
553 1484 653 1524 earum
669 1467 903 1538 descriptionum
919 1467 1032 1539 quibus
1048 1467 1126 1538 apud
1141 1471 1309 1538 utrumque.
1324 1469 1417 1540 patris
1432 1471 1586 1540 cujusdam
1605 1489 1700 1526 unmn
1719 1489 1735 1526 c
1757 1471 1841 1530 libris

113 1563 149 1617 ad
166 1559 289 1616 alendos
305 1557 517 1625 alios,vendere
533 1555 817 1635 coacti,dnloratque
832 1561 922 1612 estus
937 1560 1001 1612 tam
1018 1555 1163 1611 concitato
1175 1556 1289 1612 dicendi
1300 1573 1405 1629 genere
1417 1561 1537 1630 tamque
1550 1561 1585 1614 ad
1599 1561 1764 1617 movendos
1776 1565 1839 1620 aui-

113 1666 179 1706 mos
204 1648 311 1704 idoneo
326 1647 540 1718 exprimuntur.
557 1645 586 1702 Si
610 1646 680 1718 quid
692 1649 831 1717 preterea
850 1660 885 1700 ex
900 1643 1012 1700 basilio
1029 1644 1220 1715 desumptum
1237 1645 1284 1699 hic
1301 1645 1452 1716 reperitur,
1466 1646 1495 1701 id
1518 1647 1636 1718 quidam
1653 1648 1750 1706 terme
1765 1651 1838 1711 nihil

112 1737 194 1794 aliud
209 1740 255 1793 est
270 1735 326 1792 nisi
343 1751 442 1808 peuce
457 1733 615 1802 sententie,
632 1751 706 1806 quas
721 1733 790 1789 binc
806 1734 874 1790 iude
886 1736 1043 1806 excerptas
1057 1736 1178 1787 sanctus
1201 1738 1301 1787 noster
1316 1750 1375 1786 sue
1397 1733 1524 1789 materie
1540 1737 1786 1796 accommodavit.
1802 1744 1839 1800 ut

111 1828 167 1883 hoc
183 1841 302 1882 omnem
319 1829 401 1880 extra
415 1823 639 1880 controversiam
655 1839 788 1880 essenon
805 1823 858 1878 ibit
873 1819 1058 1891 inficias,qui
1073 1819 1300 1875 consideraverit
1315 1823 1433 1876 beatum
1449 1821 1589 1879 Basiliam
1601 1842 1659 1880 nou
1671 1827 1730 1882 nisi
1746 1829 1840 1888 obiter

111 1916 149 1972 de
163 1913 264 1971 hobab
281 1917 309 1968 et
323 1911 458 1968 Nabuthe
472 1910 562 1982 loqui,
579 1911 613 1967 de
630 1910 743 1982 psalmo
759 1915 857 1966 autem
873 1927 948 1966 axxv
964 1925 1090 1982 prorsus
1105 1913 1209 1977 tacere,
1226 1908 1378 1981 inquibus
1394 1915 1492 1968 tamen
1509 1912 1664 1985 potissima
1680 1933 1750 1988 pars
1768 1921 1838 1976 hm·
1859 1941 1868 1950 ·

110 2004 259 2061 bresiane
273 1999 531 2058 commentationis
546 2000 641 2071 posita
656 2005 710 2056 cst.

147 2092 271 2150 Nrrllum
287 2106 374 2164 porro
389 2107 421 2145 ea
437 2089 527 2160 hujus
542 2088 638 2160 operis
654 2087 779 2144 lectione
793 2089 1007 2160 argumentum
1020 2100 1122 2140 eruere
1138 2086 1243 2156 possis,
1260 2087 1337 2142 unde
1352 2085 1464 2160 liquido
1485 2090 1618 2161 eJusdem
1634 2096 1708 2150 etas
1728 2112 1837 2170 cogno·

113 2188 225 2241 scatur.
243 2183 379 2238 Attamen
395 2195 452 2234 non
469 2175 541 2232 nihii
557 2177 592 2231 ad
610 2176 684 2232 hanc
698 2193 760 2232 rem
786 2175 1027 2248 investigandam
1052 2173 1167 2228 videtur
1190 2173 1355 2246 praelucere,
1369 2178 1446 2251 quod
1463 2177 1522 2235 illic
1536 2180 1611 2252 (cap.
1628 2183 1673 2251 tt,
1691 2202 1773 2242 num.
1788 2187 1836 2254 et,

113 2278 140 2330 ei
157 2290 183 2329 c.
201 2273 228 2338 5,
247 2287 330 2326 num.
346 2269 381 2323 20
395 2271 423 2324 et
442 2266 517 2338 seq.)
533 2269 668 2321 narratur
682 2266 718 2322 de
733 2265 911 2338 potentium,
926 2260 1099 2326 consulum,
1115 2261 1281 2335 principum
1305 2269 1393 2336 atque
1416 2267 1591 2339 optimatum
1606 2273 1753 2330 avaritia:
1770 2292 1836 2348 que

112 2362 235 2436 quidem
251 2377 285 2416 eo
301 2356 425 2414 feritatis
437 2371 489 2428 per
503 2355 563 2410 hec
577 2358 709 2426 tempora
724 2354 890 2420 devenerat,
909 2358 942 2408 ot
958 2367 1104 2424 pauperes
1120 2351 1339 2408 advertendum
1355 2353 1462 2422 solum,
1479 2356 1658 2416 descrendos
1681 2364 1834 2437 coniuges,

111 2452 224 2509 liberos
238 2464 276 2504 ne
291 2449 369 2504 lame
383 2446 414 2500 in
430 2444 522 2518 patria
537 2460 591 2499 sua
605 2442 741 2515 perirent,
758 2443 949 2499 abducendos
965 2445 1151 2512 cogerentur.
1168 2440 1321 2498 Enimvero
1336 2444 1485 2515 Paulinus,
1502 2463 1591 2518 aquo
1607 2450 1695 2507 nobis
1711 2453 1837 2510 Ambro-

111 2541 148 2598 sii
165 2539 232 2594 Vita
249 2535 424 2594 transmissa
438 2539 492 2602 est,
508 2533 579 2588 dum
595 2536 758 2604 postremas
776 2532 851 2588 beati
869 2529 1007 2604 presulis
1024 2527 1153 2583 actiones
1170 2535 1323 2599 memorat,
1340 2532 1380 2588 ita
1396 2531 1526 2606 loquitur
1543 2553 1550 2591 :
1568 2537 1767 2609 lapemiscebat
1789 2558 1836 2597 ue-

111 2631 255 2686 hementer
269 2642 332 2682 oum
347 2623 449 2680 uideret
461 2621 580 2677 sardicam
593 2621 728 2676 matonam
741 2623 867 2678 ornatum
881 2620 1034 2676 autiritiam
1047 2616 1197 2686 pullulare,
1210 2633 1273 2689 qua
1295 2636 1382 2691 acque
1403 2623 1492 2692 copia,
1507 2640 1595 2696 acque
1620 2628 1716 2700 inopia
1741 2632 1834 2686 minui

107 2721 212 2792 potest,
225 2717 315 2787 inopis
328 2714 470 2784 inopiaque
485 2725 601 2767 crescere
617 2711 645 2765 ia
660 2711 827 2778 bominibus,
842 2715 868 2766 et
883 2709 1009 2764 muciano
1030 2708 1061 2760 in
1084 2706 1120 2759 iis
1143 2707 1191 2776 pai
1212 2708 1243 2760 in
1264 2710 1440 2778 potestatibus
1460 2719 1538 2767 erant
1561 2717 1722 2781 ccirsta'tuti;
1738 2720 1778 2773 ito
1802 2723 1834 2773 ut

109 2803 317 2863 interveniendi
330 2801 405 2874 apsari
420 2801 674 2870 ittospraoissimus
688 2799 766 2854 tobei·
780 2807 855 2866 essct,
872 2801 922 2872 qui
937 2796 1033 2854 emnia
1046 2796 1136 2865 pretio
1149 2794 1348 2853 distrahebant.
1363 2800 1432 2868 Qum
1454 2816 1497 2856 res
1519 2803 1611 2870 prime
1632 2821 1715 2862 cinric
1729 2808 1834 2863 matam

108 2897 221 2953 iniexit
233 2892 337 2956 italie,
352 2895 379 2946 et
392 2888 491 2946 eaiude
505 2889 600 2943 cannia
616 2891 729 2956 carpunt
743 2890 774 2944 in
787 2890 874 2960 pejus,
890 2892 942 2944 etc.
958 2883 1087 2957 (Paulin.
1104 2882 1134 2938 in
1153 2886 1211 2940 Vita
1230 2886 1257 2942 S.
1275 2888 1431 2959 Ainbrcsii).
1456 2889 1559 2946 Totius
1582 2896 1682 2950 autem
1707 2894 1830 2967 hujusce

108 2985 166 3043 loci
183 2999 252 3039 cum
269 2982 305 3037 iis
320 2997 385 3052 quaa
399 2978 430 3032 iu
446 2980 570 3032 tractatu
587 2976 622 3030 dc
638 2992 695 3048 qao
711 2976 838 3049 egimus,
854 2978 1008 3040 dicuntur,
1024 2972 1120 3040 major
1134 2975 1178 3026 cst
1198 2977 1364 3046 consensio,
1380 2993 1469 3049 quem
1494 2982 1527 3034 ut
1550 2980 1586 3035 ad
1612 2997 1647 3038 ea
1672 2983 1835 3057 respexisse

109 3073 255 3132 Paulinus
268 3086 326 3127 non
338 3069 481 3124 videatur.
498 3068 532 3122 ut
547 3064 681 3136 quamvis
697 3064 774 3120 idem
791 3065 839 3122 ille
855 3069 958 3122 auctor
974 3063 1004 3117 in
1022 3058 1186 3117 scribendis
1200 3063 1348 3122 Ambrosii
1364 3066 1456 3139 gestis
1472 3066 1595 3124 minime
1610 3075 1730 3129 secutus
1745 3073 1832 3129 suerit

108 3165 282 3220 accuratam
297 3162 464 3230 temporum
482 3155 634 3218 rationem,
646 3153 717 3209 satis
731 3157 830 3210 tamen
846 3151 1043 3225 intelligimus
1059 3149 1120 3206 hec
1135 3166 1168 3206 eo
1182 3150 1239 3208 loci
1255 3155 1291 3211 ab
1306 3155 1370 3227 ipso
1386 3171 1450 3211 esse
1466 3161 1719 3232 memorata,quod
1732 3178 1832 3218 revera

108 3253 233 3310 illorum
249 3262 402 3322 procerum
418 3244 563 3317 cupiditas
579 3258 731 3314 nunquam
745 3245 886 3300 exarserit
901 3238 1104 3315 impotentius,
1121 3255 1211 3312 quam
1227 3245 1283 3300 sub
1298 3249 1461 3302 extremum
1475 3244 1630 3304 Theodosii
1648 3249 1746 3324 Magni
1774 3251 1829 3307 im·
1858 3287 1865 3299 ·

110 3341 231 3416 perium
249 3355 255 3394 :
272 3353 341 3394 com
357 3334 489 3390 videlicet
504 3332 653 3399 Rufinum,
670 3332 854 3405 Eutropium,
877 3333 1010 3403 aliosque
1036 3329 1187 3400 praelectas
1211 3332 1357 3392 Cesareos
1378 3334 1409 3390 in
1435 3339 1552 3392 tantum
1576 3338 1716 3396 invidiam
1742 3344 1830 3413 atque

28 3413 34 3424 ⁵
110 3431 218 3488 odium
234 3444 288 3487 sue
302 3425 424 3482 adduxit
438 3421 593 3495 rapacitas,
608 3425 641 3476 ut
655 3421 754 3476 Patres
770 3421 885 3477 concilii
899 3417 1141 3489 carthaginensis
1152 3418 1188 3474 ab
1204 3420 1432 3497 imperatoribus
1443 3429 1556 3496 propter
1566 3430 1750 3500 afflictionem
1757 3447 1830 3502 pap.

108 3509 224 3593 perum,
241 3519 414 3589 cogerentur
429 3517 525 3585 petere
540 3513 569 3565 at
583 3511 737 3580 defensores
758 3513 798 3565 eis
821 3510 951 3566 adversus
973 3508 1107 3580 potentias
1119 3508 1238 3566 diuitum
1251 3529 1313 3568 cum
1326 3515 1513 3594 episcoporum
1532 3519 1687 3586 provisione
1705 3518 1830 3590 delapsa

108 3613 160 3664 tar
176 3607 275 3677 (Cone.
292 3603 442 3676 Certhnrg.
458 3619 500 3668 ru,
517 3599 680 3673 quibasdam
695 3616 721 3665 v,
737 3615 799 3654 cara.
815 3599 853 3670 st).
871 3600 932 3655 Non
949 3601 994 3654 est
1009 3595 1133 3652 dubium
1149 3597 1221 3667 quin
1237 3607 1304 3658 anic
1318 3601 1399 3673 ipsos
1413 3602 1585 3659 Ambrosius
1601 3623 1718 3679 quoque
1740 3625 1826 3664 suam

107 3698 142 3754 in
159 3699 325 3754 causabam
342 3693 390 3765 pia
403 3691 575 3747 charitatem
592 3687 802 3756 nobilitaverim
819 3689 897 3744 uude
912 3686 987 3744 nihil
1004 3685 1132 3758 prolecto
1147 3686 1283 3746 videmus
1298 3691 1411 3757 obesse,
1428 3691 1589 3760 quominus
1604 3693 1658 3748 hoc
1674 3694 1738 3767 ipso
1756 3698 1828 3754 torte

107 3783 239 3844 consilio
254 3782 391 3840 eumdem
406 3780 513 3836 librum
529 3795 606 3834 enno
620 3778 682 3844 395,
699 3781 751 3832 eut
765 3776 823 3832 alio
839 3778 982 3849 proximo,
998 3771 1143 3846 scriptum
1158 3775 1293 3837 dicamus
1310 3797 1317 3835 ι
1335 3780 1405 3834 adeo
1421 3777 1494 3834 belle
1510 3780 1539 3834 in
1556 3781 1583 3836 id
1600 3784 1699 3839 omnia
1718 3801 1824 3840 conve·

739 4453 1026 4511 ntabtotnu'attsts
1047 4455 1206 4513 EPlSCOPl

384 4617 491 4745 tit]
555 4613 963 4744 aaudiat
1024 4614 1562 4744 JEleAllhl'ih

766 4851 921 4935 uranu
954 4849 1110 4937 uuus
1130 4839 1183 4936 tt.

337 5101 412 5156 asa
433 5098 548 5155 CAPUT
569 5097 723 5154 PRIMUM.
997 5095 1253 5170 quotidiauatluis
1265 5098 1343 5152 esaim
1360 5098 1483 5154 divitum
1500 5114 1557 5152 non
1574 5096 1705 5167 quotidie
1716 5113 1823 5152 concu-

109 5171 254 5245 Q¹⁴0¹⁷⁸0d0
268 5172 391 5242 m’illim
404 5171 528 5225 Mitule
542 5173 568 5224 ⁶2
586 5169 677 5225 ffllflb
698 5185 831 5240 l’stul's'l'ssi
852 5171 941 5239 'limi'
997 5185 1083 5258 piscit
1097 5185 1210 5240 aliena?
1235 5185 1306 5248 Quis
1331 5185 1624 5256 opulentissimorum
1652 5200 1709 5239 nou
1725 5190 1822 5241 extur-

150 5245 198 5300 dic
220 5261 238 5298 a
260 5243 393 5298 diuitibus
416 5243 623 5322 opprimantur:
641 5257 702 5294 cum
725 5244 818 5294 tornea
840 5249 943 5294 tratura
997 5274 1230 5330 bapecdnlessdit
1245 5290 1259 5328 a
1282 5273 1438 5330 ellulosuo
1483 5290 1518 5328 au
1541 5289 1619 5328 mm
1648 5276 1677 5328 at
1701 5290 1735 5328 ue
1759 5273 1825 5331 ino-¹

150 5331 246 5372 omues
269 5315 390 5388 epactes
412 5313 583 5384 produceret.
599 5315 624 5366 et
646 5312 801 5383 sepulcrum
824 5311 942 5381 epitritos
1262 5291 1281 5347 ‘0⁷
1461 5292 1480 5346 P
1521 5291 1539 5345 P
1624 5315 1630 5341 ν
1679 5290 1697 5345 ‘l

151 5387 272 5458 accipiat
286 5403 295 5440 :
310 5384 446 5458 paudere
461 5384 617 5439 Ambrosius
631 5383 734 5452 fastum
749 5397 782 5436 uc
794 5381 943 5436 stultitiam
998 5379 1063 5436 ΡΒῙΥ1
1076 5363 1144 5418 “Viti
1169 5363 1246 5416 suris
1268 5360 1420 5416 efiffiiflaffl
1440 5360 1566 5417 fissfblffl?
1582 5361 1652 5427 0⁰5⁸
1667 5365 1822 5419 0⁰¹12⁰¹¹il¹⁸

151 5459 271 5514 ‹iiuitum
287 5459 445 5511 insectatur.
997 5455 1043 5508 est
1056 5453 1129 5508 suoi
1144 5453 1233 5522 Cujus
1246 5466 1302 5504 non
1319 5449 1482 5504 inilammct
1500 5450 1598 5505 divitis
1622 5450 1756 5508 animum
1779 5452 1821 5507 vi·

150 5551 178 5604 l.
209 5544 342 5600 Nabuthe
375 5543 498 5600 historia
527 5547 657 5615 tempore
691 5543 772 5596 votus
801 5545 854 5606 est,
886 5556 941 5596 usu
997 5536 1629 5613 cinaposscssiothnigiturunusttchab
1654 5546 1740 5598 natus
1765 5546 1820 5611 est,

163 5693 194 5758 1)
208 5687 342 5760 Scriptus
358 5689 430 5744 torte
446 5688 514 5743 circ.
531 5702 579 5746 an.
595 5683 659 5743 395.
