4159 6184
182 365 185 374 .
245 293 306 367 tat
716 351 719 359 .
977 295 1010 364 S.
1031 295 1219 366 eueaosu
1887 301 1950 369 892

247 435 465 512 ausoriptornm
478 428 624 507 omnium,
640 449 674 492 ac
688 430 874 509 superiorum
888 431 1050 492 editionum
1067 435 1281 505 onowritatorn,
1298 433 1328 490 in
1342 431 1417 492 duos
1430 436 1574 494 tractatus
1587 448 1651 494 ease
1665 433 1806 504 dicisum,
1821 451 1949 510 quoram

246 525 321 583 ulter
335 529 464 599 priscum
479 523 600 580 titulum
616 523 758 596 Aperopia
771 523 858 580 llooid
872 522 1003 591 retinuit,
1020 522 1094 581 alter
1107 528 1227 597 accepta
1241 540 1317 582 nova
1330 523 1523 598 inscriptione
1537 525 1573 582 ad
1609 527 1809 587 enarrationes
1824 527 1858 584 iu
1872 527 1950 599 psal·

246 631 311 671 mos
326 613 503 670 amandatus
518 616 573 670 est.
590 612 663 670 Huic
678 629 795 686 qnoque
811 611 947 669 divisioni
963 613 1126 686 refragetur
1139 612 1244 670 beatus
1256 613 1440 688 Augustinus
1456 630 1464 684 ;
1479 613 1506 670 is
1520 613 1599 671 enirn
1612 613 1675 687 (lib.
1705 633 1745 682 rr,
1776 615 1855 673 Cant.
1885 616 1950 673 door

245 704 325 777 epist.
342 703 447 772 Pelop,
464 717 527 774 cap.
545 702 588 766 ll,
605 705 634 758 et
648 701 699 757 lib.
717 719 738 757 ιι
755 701 832 758 Cant.
845 702 902 758 lot.
916 703 1023 774 Peiup„
1038 718 1103 775 cap.
1118 702 1147 775 7)
1162 702 1366 759 testimonium
1380 719 1416 760 ex
1429 703 1612 762 enarratione
1641 703 1748 777 psalmi
1776 722 1802 761 ι..
1823 704 1950 777 petitum

246 791 398 866 proferens
409 789 482 846 illud
494 806 551 847 non
568 789 626 846 alic
642 791 697 846 sub
712 789 798 846 titulo
813 806 901 863 quam
917 790 1053 863 Apolopiae
1067 789 1154 846 Dauid
1167 788 1278 847 laudat.
1293 790 1357 847 Non
1373 795 1513 864 putamus
1528 791 1616 848 etiarn
1632 791 1802 866 quempiam
1812 793 1950 860 inveniri,

248 881 295 938 oui
311 885 361 937 ant
375 879 502 936 inductae
515 879 552 935 ab
566 879 699 950 ejusdem
715 877 853 936 editionis
869 876 1025 942 ἐπιμεληταῖς
1043 880 1074 934 ιιι
1090 878 1219 935 auctoris
1233 883 1346 936 textum
1361 878 1581 937 immutationes
1594 882 1805 954 approbentur,
1821 886 1877 938 ant
1889 898 1950 938 ver-

246 971 350 1026 borum
367 968 475 1042 quibus
490 967 580 1040 hujus
596 968 818 1036 lucubrationis,
835 985 923 1041 quam
940 966 1061 1024 omnino
1076 984 1166 1024 unam
1180 984 1246 1024 esse
1261 973 1386 1040 oportet,
1402 971 1500 1040 partes
1515 968 1592 1025 inter
1606 985 1637 1025 ee
1653 970 1859 1040 nectebantur,
1874 971 1951 1026 tacta

246 1057 384 1116 detractio
401 1073 458 1112 non
479 1056 642 1129 displiceat.
658 1057 797 1120 Quocirca
811 1074 826 1112 e
843 1057 1022 1130 scriptorum
1038 1056 1173 1114 codicum
1188 1074 1222 1113 ac
1237 1060 1369 1114 ratarum
1382 1056 1545 1114 editionum
1559 1057 1615 1114 ilde
1639 1058 1950 1122 omniarestituimua.

246 1151 279 1203 ut
294 1146 357 1204 suis
368 1145 441 1202 locis
457 1146 687 1202 submonuimus
702 1147 738 1202 ad
754 1145 864 1203 calcem
879 1145 1064 1220 paginarum.

279 1234 452 1293 Ambrosius
467 1233 621 1290 conciones
636 1233 745 1307 quibus
759 1232 806 1290 hio
819 1237 962 1290 tractatus
977 1234 1173 1307 componitur,
1188 1250 1268 1290 more
1282 1251 1336 1290 suo
1352 1234 1381 1290 in
1394 1234 1524 1292 Ecclesia
1537 1235 1735 1308 pronuntiavit
1751 1240 1820 1309 post
1844 1234 1950 1292 recita·

243 1328 307 1383 tum
323 1322 518 1396 evangelium,
535 1322 784 1394 quemadmodum
800 1327 898 1394 aperte
913 1323 1082 1395 significant
1094 1339 1130 1379 ea
1143 1323 1232 1379 uerba
1249 1341 1256 1378 ε
1273 1328 1305 1378 ut
1319 1323 1403 1380 bodie
1416 1324 1516 1380 lectiam
1527 1326 1568 1379 est
1581 1323 1655 1397 (cap.
1673 1327 1701 1390 5,
1716 1325 1869 1392 numm),
1880 1326 1950 1395 quod

243 1414 322 1471 bomo
336 1412 450 1484 paidom
463 1429 524 1468 cam
539 1411 613 1468 dines
628 1420 706 1479 esset,
723 1413 792 1469 obiit
806 1413 837 1467 ia
851 1413 989 1484 regionem
1006 1413 1192 1484 turpionem,
1214 1416 1268 1468 etc.
1293 1414 1370 1482 (tuo.
1385 1410 1456 1484 xix).
1472 1411 1529 1468 Sed
1545 1428 1597 1469 nec
1625 1411 1725 1468 minus
1754 1410 1948 1469 manifestum

242 1507 287 1561 est
302 1501 331 1558 id
347 1501 479 1559 evenisse
495 1516 552 1556 non
568 1500 608 1556 ita
624 1499 797 1571 muitopost
812 1500 942 1557 Gratiani
958 1501 1145 1573 imperatoris
1159 1502 1278 1568 credam,
1292 1501 1410 1575 quando
1425 1516 1491 1557 eam
1514 1499 1564 1557 ille
1578 1500 1658 1558 bisce
1673 1501 1795 1558 vocibus
1809 1499 1949 1558 lamenta·

243 1595 291 1648 tur
305 1593 380 1664 (cap.
396 1593 425 1650 6.
442 1606 524 1646 ιιιιιιι.
539 1590 584 1660 27)
601 1606 607 1644 :
625 1589 711 1658 Quom
725 1592 814 1661 proci,
831 1588 938 1662 inquit,
954 1589 1044 1645 edicc
1058 1591 1161 1646 luimus
1175 1590 1312 1658 vestime,
1325 1607 1410 1664 quom
1420 1590 1531 1663 publico
1545 1589 1662 1663 qwdom
1676 1593 1763 1646 totius
1776 1591 1855 1648 orbas
1868 1592 1947 1663 (one-

245 1697 274 1739 re
287 1683 404 1755 oppetiti
417 1695 510 1736 aecem
523 1680 595 1750 repis
610 1680 775 1736 casotumus
791 1685 800 1734 ι
814 1683 869 1734 etc.
886 1677 972 1734 Plana
987 1678 1042 1735 hoc
1056 1679 1143 1736 modo
1158 1678 1240 1752 loqui
1255 1682 1376 1736 senatus
1388 1677 1512 1737 antistes
1526 1694 1585 1735 non
1602 1681 1716 1752 poterat
1744 1678 1804 1735 nisi
1833 1684 1888 1736 aut
1913 1680 1948 1736 de

241 1770 391 1836 Gratiano,
408 1772 458 1825 ant
473 1768 508 1824 de
523 1767 726 1823 Valentiniano
738 1767 865 1838 juniore,
882 1783 950 1822 cnm
965 1765 1025 1822 illis
1037 1767 1222 1840 temporibus
1236 1783 1289 1840 per
1301 1765 1362 1824 vim
1376 1765 1477 1825 nullus
1492 1767 1653 1839 imperator
1670 1771 1777 1840 prater
1790 1767 1848 1825 boa
1875 1769 1947 1824 duos

237 1857 356 1932 juvenis
371 1856 459 1913 luerit
473 1842 635 1912 exstinctus
652 1873 658 1924 ;
672 1859 702 1912 at
717 1871 781 1927 quae
795 1856 935 1928 adjuncta
949 1853 1009 1911 illic
1023 1855 1191 1912 referuntur
1204 1854 1315 1928 optime
1330 1855 1361 1912 in
1375 1854 1535 1912 violentum
1547 1855 1678 1912 Gratiani
1693 1856 1863 1925 interitum,
1893 1857 1946 1914 rni-

241 1946 322 2004 nime
336 1961 402 2002 vero
417 1943 447 2000 ιιι
463 1943 656 2001 Valentiniani
673 1943 817 2017 quadrare
833 1943 905 2000 satis
920 1946 1044 2000 montet.
1059 1944 1200 2000 Preterea
1214 1943 1269 2000 hac
1283 1943 1349 2016 ipsa
1361 1941 1502 2018 Apologia
1516 1943 1623 2001 citatur
1636 1943 1667 2000 in
1681 1945 1909 2002 commentariis
1918 1945 1947 2004 in

239 2032 428 2108 Evangelinm
442 2031 604 2089 secundum
621 2033 728 2088 Lucam
743 2032 784 2104 (in
800 2048 864 2104 cap.
880 2032 919 2104 3),
936 2049 999 2105 qua
1015 2031 1132 2089 circiter
1146 2049 1258 2089 annum
1272 2034 1327 2090 385
1341 2032 1450 2106 scripta
1464 2049 1529 2092 csse
1544 2033 1726 2106 probabilius
1740 2037 1836 2100 est,ac
1849 2034 1947 2108 parin-

240 2122 339 2180 dadin
357 2126 424 2178 ante
439 2137 539 2178 necem
552 2119 759 2178 Valentiniani.
771 2121 973 2193 Colligendum
990 2120 1090 2193 itaque
1102 2122 1378 2181 commentationem
1394 2122 1470 2180 bano
1484 2125 1552 2196 poet
1565 2138 1696 2179 mensem
1711 2125 1882 2198 Augustum
1896 2141 1947 2182 aa·

125 2213 128 2221 ’
240 2211 270 2268 ιιι
285 2212 348 2279 383,
365 2226 423 2284 quo
438 2209 603 2266 trucidatus
619 2210 674 2266 luit
687 2210 855 2278 Gratianus,
870 2213 899 2266 et
916 2214 984 2266 onte
999 2226 1111 2267 annum
1123 2211 1186 2280 385,
1202 2227 1261 2284 quo
1276 2215 1440 2270 memorata
1453 2211 1665 2269 commentaria
1677 2210 1838 2270 lucubrata
1867 2220 1945 2281 aunt,

240 2301 271 2358 in
286 2299 381 2357 lucem
397 2299 551 2370 prodiisse,
568 2315 644 2356 anno
659 2298 802 2365 videlicet,
818 2303 933 2356 atvero
946 2298 1063 2356 videtur
1077 2299 1220 2369 similius,
1233 2300 1297 2355 38⁴.

275 2387 371 2446 Codex
384 2388 553 2458 Thuaneua,
569 2391 634 2446 aute
651 2387 732 2445 mille
742 2403 846 2451 annos.
862 2393 895 2444 ut
908 2388 1091 2445 characteres
1106 2387 1248 2456 indicant,
1264 2392 1412 2455 exaratus,
1439 2393 1468 2446 et
1491 2387 1542 2445 alii
1569 2387 1681 2462 aliquot
1709 2389 1842 2463 probata
1873 2395 1945 2447 nota

240 2478 316 2535 hanc
331 2477 465 2534 eamdem
482 2474 607 2548 opellam
622 2475 759 2533 exhibent
773 2477 815 2534 ita
829 2475 1001 2549 inscriptam
1019 2494 1025 2533 :
1043 2477 1180 2533 irrotatur
1194 2475 1222 2532 S.
1239 2476 1382 2534 Ambrosii
1393 2476 1427 2533 de
1439 2475 1571 2550 Apologia
1582 2478 1718 2551 propbeta
1731 2477 1824 2534 David
1836 2478 1875 2534 od
1884 2479 1946 2534 lte·

239 2566 364 2624 adoriam
378 2570 538 2635 Αιιριιιιιιιιι.
554 2565 610 2622 Sed
640 2566 712 2622 sorte
735 2566 905 2638 suspicetur
919 2565 1025 2639 aliquis
1041 2568 1190 2638 postrema
1202 2567 1291 2622 verba
1305 2566 1397 2624 luisse
1411 2567 1448 2623 ab
1462 2565 1606 2639 imperitis
1621 2565 1803 2640 quibusdam
1818 2566 1867 2624 rel
1894 2585 1943 2624 au·

239 2654 352 2712 daoulis
368 2653 566 2727 superaddita,
583 2669 649 2710 carn
662 2654 845 2712 Theodosius
860 2655 985 2728 Magnus
1000 2670 1059 2726 quo
1072 2657 1204 2729 tempore
1217 2655 1336 2713 eosdem
1351 2671 1502 2713 sermones
1517 2654 1633 2712 habitos
1646 2671 1712 2712 esse
1726 2655 1943 2713 demonstran-

238 2761 317 2814 mus‚
333 2761 391 2802 non
407 2741 534 2816 potuerit
546 2759 611 2800 essa
626 2743 793 2812 Mediolani,
810 2760 899 2817 quam
915 2744 945 2799 in
961 2743 1064 2800 urbem
1080 2743 1198 2800 nonnisi
1213 2743 1326 2818 aliquot
1341 2747 1408 2819 poet
1421 2742 1509 2800 anais
1532 2760 1600 2801 oum
1616 2744 1652 2800 da
1679 2742 1810 2801 Maximo
1840 2745 1946 2801 trium

238 2835 368 2908 phasset,
385 2849 449 2890 sese
464 2831 600 2897 contulit,
615 2835 817 2889 verumtamen
833 2831 906 2888 nihil
922 2832 1083 2889 admodum
1097 2836 1176 2890 vetat
1188 2832 1347 2907 quominus
1362 2837 1482 2891 mactus
1498 2831 1605 2906 praesul
1618 2832 1784 2891 Theodosio
1800 2849 1867 2891 ase
1896 2834 1947 2890 ali·
2048 2900 2049 2905 η

238 2939 326 2995 quem
342 2938 358 2976 e
372 2921 436 2978 suis
451 2919 536 2976 libris
551 2918 660 2992 petenti
675 2920 754 2976 huno
767 2919 877 2992 ipsum,
893 2918 963 2976 licet
976 2923 1044 2978 ante
1058 2939 1152 2980 annos
1166 2939 1225 2978 noa
1241 2938 1350 2995 paucos
1365 2923 1573 2998 compositum,
1587 2926 1686 2979 minen
1702 2921 1790 2995 quasi
1819 2923 1949 2979 maxime

237 3008 457 3068 convenientem
473 3009 510 3065 ob
525 3007 634 3080 regiam
650 3023 780 3081 persona
795 3009 833 3064 da
865 3025 925 3082 qua
940 3008 1049 3066 ibidem
1064 3009 1163 3084 agitur
1175 3011 1362 3085 dignitatem,
1379 3007 1567 3084 potissimum
1587 3010 1746 3068 tribuerit:
1778 3015 1833 3069 aut
1859 3012 1948 3070 edam

238 3099 364 3174 ipsemet
378 3102 481 3170 sponte
496 3113 551 3153 sua
564 3096 660 3153 eidem
676 3096 800 3171 principi
816 3097 888 3154 forte
903 3101 969 3170 post
983 3098 1089 3156 iactam
1104 3098 1411 3158 ‘thessalonicensium
1424 3103 1563 3176 stragem,
1578 3105 1803 3175 propterquam
1819 3101 1878 3174 ipsi
1895 3119 1947 3174 pu-

238 3188 345 3245 blicam
361 3185 592 3244 satisfactionem
608 3184 723 3265 indixit,
739 3184 915 3242 mittendum
933 3188 1087 3260 putaverit,
1102 3192 1135 3244 ut
1149 3187 1234 3246 illurn
1248 3187 1280 3245 in
1295 3188 1471 3261 penitentia
1486 3190 1618 3246 tirmaret
1644 3187 1807 3262 proposito.
1839 3190 1950 3264 Reipsa

237 3277 314 3334 iuter
328 3275 457 3350 plurima
471 3271 608 3346 preclare
623 3271 700 3329 diota
715 3289 780 3346 quae
794 3274 926 3347 legentur
940 3274 969 3330 in
985 3275 1042 3332 hoo
1053 3280 1190 3346 tractatu,
1206 3275 1349 3334 nonnulla
1362 3277 1452 3334 etiam
1466 3277 1619 3335 observare
1634 3282 1680 3334 est
1694 3293 1757 3350 quar
1787 3277 1951 3336 videantur

236 3383 270 3423 eo
283 3369 425 3438 spectare.
441 3363 506 3420 Hac
521 3361 694 3418 ambrosius
708 3363 859 3435 scriptioni
875 3381 934 3420 suae
950 3367 1109 3436 antequam
1124 3364 1207 3422 illam
1230 3365 1361 3423 mitteret
1380 3364 1418 3422 ad
1446 3365 1663 3439 imperatorem,
1692 3365 1801 3422 addere
1829 3366 1943 3440 potuit.

238 3455 319 3522 Quod
335 3452 360 3508 si
377 3452 418 3508 ita
432 3451 480 3517 sit,
497 3449 653 3522 predicare
667 3467 828 3523 possumus
842 3452 897 3508 hoo
912 3468 987 3524 opus
1002 3457 1152 3526 postrema
1163 3453 1293 3512 auctoris
1306 3470 1378 3511 cura
1390 3453 1553 3528 perlectum
1567 3456 1597 3510 et
1611 3453 1798 3529 recognitum
1823 3455 1863 3512 ad
1893 3472 1948 3513 nos

237 3557 414 3615 pervenisse.

633 3832 994 4000 SANCTI
1058 3832 1554 4004 AMBROSII

854 4101 1148 4162 MEDIOLANENSIS
1166 4103 1324 4162 EPISCOPI

476 4264 899 4403 APOLOGlA
947 4267 1410 4403 PROPHETAE
1453 4271 1699 4474 bavit)

647 4503 719 4588 ιιι
750 4500 1148 4594 rnaonosrunr
1174 4505 1518 4598 ruousrun.
1584 4653 1588 4659 ι

428 4822 551 4881 ora-e
580 4822 698 4879 CAPUT
724 4821 883 4880 PRIMUM.
1121 4826 1342 4896 eliloruit;eed
1358 4827 1429 4901 quia
1442 4826 1575 4902 plerique
1602 4830 1753 4900 gestorum
1783 4828 1853 4899 ejus
1877 4827 1954 4883 lecta

235 4897 327 4966 Quare
341 4897 497 4968 opoapiom
511 4893 597 4950 David
610 4893 730 4950 scribae
744 4892 923 4966 eporediotcr
950 4895 1065 4953 Ambro-
1120 4916 1269 4982 ,grimm
1282 4915 1522 4991 inpmgppgpgffl
1536 4915 1597 4972 ,pm
1611 4912 1895 4988 &fipmffimmgp
1904 4931 1952 4971 οὗ.

269 4965 1066 5108 muti62252005223‘252022'lffimfflrfflefflgffifflffl
1120 5005 1202 5062 culta
1214 5006 1432 5079 mysteriorum,
1449 5005 1593 5062 mirantur
1606 5004 1755 5078 quomodo
1771 5009 1877 5064 tantus
1887 5022 1954 5079 pro

270 5113 315 5166 tro
330 5107 768 5179 r·croeticmloudom1u‚qoodia
783 5111 859 5164 touta
867 5112 997 5180 potcstnte
1010 5127 1065 5167 aon
1120 5093 1209 5167 l>heta
1223 5093 1358 5152 &dumi
1371 5093 1478 5168 lilim·
1495 5093 1603 5150 dssifld‘l
1629 5092 1784 5151 h⁰ffli⁰idfi
1812 5093 1952 5166 ⁰⁰¹¹¹⁸8³⁸

274 5182 359 5252 piare
366 5183 527 5253 peccauerit.
1119 5199 1179 5239 noa
1193 5181 1392 5240 declinaverit.

271 5270 296 5324 1.
313 5268 484 5343 apologiam
500 5269 647 5342 prophetae
662 5267 753 5324 David
770 5268 908 5340 presenti
937 5269 1066 5342 arripui·
1154 5271 1181 5328 2.
1199 5272 1267 5329 ldeo
1283 5270 1370 5328 nobis
1383 5271 1483 5329 studio
1498 5272 1555 5330 suit
1567 5273 1664 5345 ipsam
1685 5286 1840 5328 mocnaera
1854 5269 1950 5326 hieto

235 5358 554 5428 rnusstpbosoriborc,
580 5373 638 5414 non
666 5357 744 5429 quod
773 5354 824 5413 ille
849 5355 981 5431 indigeat
1008 5357 1064 5415 hoc
1119 5359 1285 5434 riam‚que
1301 5359 1433 5433 patuisse
1451 5366 1569 5433 peccato
1596 5359 1722 5416 videtur.
1750 5357 1892 5432 Namque
1920 5357 1952 5412 in

236 5446 430 5518 munerandi
448 5445 665 5504 tantiemeritie
695 5445 812 5516 enituit,
842 5445 1064 5519 virtutibusque
1119 5445 1952 5522 meandoRegumlegimuslibroiillleg.ammireo-b

271 5623 310 5696 (ι)
325 5623 439 5699 scripto
450 5625 523 5685 roris
538 5626 615 5684 erres
630 5597 677 5684 an.
693 5627 757 5683 aar.
