4159 6184
254 359 313 419 rte
980 322 1011 418 εξ
1037 357 1223 420 auertisset
1263 362 1265 365 ·
1789 377 1805 393 ⁴
1875 365 1923 425 teo

255 487 315 544 ulla
329 485 537 543 deliberatione
562 487 700 557 reterens,
725 504 782 560 quo
805 491 952 546 tentantes
978 490 1073 563 magis
1090 492 1112 558 Α
1164 491 1209 547 39.
1227 491 1388 548 Possumus
1404 495 1433 548 et
1445 491 1544 563 ipsum
1564 489 1720 549 Dominum
1741 489 1868 564 accipere,
1882 495 1921 566 qui

253 577 315 649 ipse
328 576 525 634 concluderet.
542 576 710 633 Dicentibus
726 576 822 634 enim:
841 599 855 630 a
871 578 902 633 ln
924 594 981 651 qua
996 584 1075 652 pote·
1132 577 1206 636 525
1226 597 1311 636 suam
1331 574 1557 650 carnemnebis
1577 581 1667 646 dedit,
1697 581 1771 636 sicut
1794 581 1850 654 ipse
1874 583 1922 640 ait:

253 665 653 722 statehasclacis‘l»nonad
682 667 805 738 quesita
832 669 992 740 respondit,
1023 669 1074 725 sed
1131 669 1400 742 «Egosnmpanis
1419 671 1492 726 vite.
1518 670 1617 726 Patres
1641 668 1728 725 vestri
1755 670 1921 725 manducave·

253 753 341 812 etiam
358 755 420 828 ipse
434 755 593 828 proposuit,
611 755 758 811 dicens:«
776 755 962 828 Interrogata
979 762 1007 813 et
1023 773 1076 828 ego
1133 753 1554 826 runtm'annaiadeserto,et
1577 758 1684 814 mortui
1716 762 1801 814 sunt:
1831 758 1926 815 hioest

254 859 305 902 vos
323 860 415 901 unum
429 845 568 900 verbum:
584 844 660 915 quod
677 845 702 899 si
719 844 849 901 dixeritis
868 846 951 912 mihi,
975 851 1004 902 et
1024 863 1077 918 ega
1132 852 1230 903 autem
1250 847 1334 919 panis
1354 849 1405 920 qui
1424 850 1460 904 de
1479 847 1548 904 coelo
1568 847 1729 915 descendit,
1744 852 1777 903 ut
1794 846 1816 903 si
1835 847 1927 919 quiser

254 933 337 991 iobis
360 933 454 989 dicam
478 933 508 988 in
534 948 592 1006 qna
615 937 760 1006 potestate
782 934 843 990 baeo
874 934 947 991 facio
972 935 1078 1007 (Meliti)
1133 954 1166 992 eo
1186 937 1413 1002 manducaverit,
1430 954 1489 992 non
1505 936 1647 993 moriatur
1662 937 1752 1006 (toea.
1767 953 1803 1003 vr,
1817 936 1930 1006 leena»

254 1021 311 1089 xxi,
342 1023 397 1090 at).
428 1023 536 1077 lteram
565 1021 747 1080 dicentibus:
777 1046 791 1073 «ι
822 1023 902 1078 Licet
934 1023 1078 1079 tributum
1134 1024 1639 1098 Etncquisputaretquiadebac
1664 1029 1756 1081 morte
1786 1024 1850 1080 dicit
1878 1041 1928 1096 qua

255 1112 317 1168 dari
340 1111 456 1177 cesari,
486 1127 523 1167 au
549 1128 607 1167 non
638 1111 740 1185 (lleltb.
770 1129 839 1179 xxn,
871 1111 944 1179 lili
974 1135 987 1162 a
1019 1114 1077 1168 ait:
1133 1131 1185 1186 per
1200 1115 1305 1170 anime
1321 1120 1350 1170 et
1364 1113 1495 1187 corporis
1511 1104 1707 1170 secessionem
1731 1113 1815 1182 venit,
1843 1114 1933 1185 etjure

255 1221 270 1251 a
295 1199 369 1265 Quid
391 1215 436 1256 me
464 1201 594 1268 tentatis,
624 1201 805 1274 hypocritae?
830 1201 980 1258 Ostendite
1006 1201 1079 1256 mihi
1133 1203 1340 1273 dubitct‚oum
1360 1204 1435 1260 sciat
1468 1208 1584 1260 sanctos
1614 1201 1759 1274 apostolos
1789 1201 1932 1258 heemorte

255 1292 405 1348 numisma
418 1307 524 1347 census
539 1291 618 1362 (thid.
635 1291 689 1362 18).
706 1313 719 1340 »
741 1292 775 1346 ut
797 1291 949 1348 atterentes
972 1290 1078 1347 iterum
1133 1309 1197 1348 esse
1213 1293 1376 1361 deiunctae,
1394 1292 1527 1348 addidit:
1545 1316 1559 1343 «
1577 1291 1636 1365 ugo
1660 1307 1726 1349 sum
1758 1291 1837 1364 panis
1855 1291 1932 1358 vivus,

254 1380 658 1456 interrogavit:«tlujusest
685 1379 782 1451 imago
811 1384 838 1435 et
869 1379 1078 1453 superscriptio
1135 1379 1934 1453 quidocoelodescendl.Siquismanducaveriterboc,

256 1467 656 1545 (totaeottlnicanteiz
683 1467 808 1524 Ce’seris.
840 1468 881 1524 lbi
911 1467 1002 1541 igitur
1030 1484 1080 1524 eos
1134 1470 1209 1526 vivet
1224 1471 1253 1525 in
1270 1475 1410 1526 aternum
1426 1469 1505 1541 (ibid.
1521 1470 1646 1542 51,52):
1676 1469 1732 1525 hoc
1761 1471 1879 1536 estnon
1906 1468 1934 1522 de

254 1561 499 1634 ligavitipsorum
518 1557 712 1626 sermonibus,
743 1557 874 1629 ipsorum
905 1555 1081 1629 obligatione
1136 1559 1287 1630 temporali
1300 1557 1423 1614 vitodiui
1436 1575 1535 1630 supra,
1548 1558 1647 1614 necde
1663 1561 1756 1614 morte
1778 1556 1858 1613 istius
1873 1557 1932 1620 vite.

256 1649 438 1706 constrinxit.
456 1649 536 1703 Tune
557 1647 597 1702 ait
622 1646 699 1702 illis:
732 1669 745 1697 a
775 1646 896 1701 Reddite
923 1662 990 1718 ergo
1016 1661 1080 1717 qnae
1136 1649 1296 1719 quostiam
1312 1647 1336 1702 si
1354 1647 1563 1718 quismortuns
1580 1645 1676 1714 luerit,
1692 1645 1828 1702 tamensi
1851 1660 1936 1718 panem

168 1769 171 1792 t
258 1743 328 1796 sunt
341 1739 472 1805 Caesaris,
487 1736 601 1802 Caesari,
614 1741 644 1792 et
659 1753 722 1807 quae
749 1739 819 1791 sunt
847 1734 905 1802 Dei,
927 1735 985 1790 Deo
1001 1733 1079 1805 (tuat.
1136 1735 1707 1808 mcumacceperit,vivetineeternum.
1726 1733 1936 1792 llleenimecci·

257 1829 312 1900 at),
330 1831 394 1883 »at
421 1830 522 1882 contra
544 1825 633 1896 verba
661 1841 715 1881 sua
743 1824 840 1880 venire
867 1840 924 1879 non
950 1827 1080 1895 possent.
1137 1827 1188 1898 pit,
1207 1826 1542 1898 quiseipsumprebat:
1560 1825 1727 1899 quiantem
1761 1823 1867 1897 accipit,
1891 1839 1935 1878 non

260 1917 388 1991 Denique
399 1915 497 1972 mirati
512 1915 648 1972 abierunt
662 1915 698 1970 ab
713 1930 756 1970 ee.
769 1914 825 1969 Sed
842 1929 900 1969 non
915 1915 958 1968 est
973 1911 1081 1966 mirum
1137 1915 1278 1970 morietur
1293 1913 1452 1986 peccatoris
1468 1919 1572 1984 morte,
1589 1914 1659 1987 quia
1674 1913 1760 1987 panis
1787 1913 1832 1969 bic
1854 1912 1936 1968 remis-

258 2008 283 2065 si
297 2021 382 2066 secus
397 2006 485 2079 pedes
501 2003 706 2078 respondebat,
721 2002 771 2075 qui
797 2005 863 2058 ante
889 2001 977 2074 pedes
1002 2001 1082 2056 vide·
1136 2005 1179 2060 sio
1195 2007 1379 2075 peccatorum
1392 2008 1446 2059 est.

258 2097 317 2153 bat.
924 2156 928 2162 ¹
1173 2093 1216 2145 lo.
1233 2092 1346 2163 Moyses
1361 2107 1475 2163 quoque
1497 2090 1695 2165 pulcherrime
1724 2090 1896 2165 prophetavit
1917 2089 1939 2144 in

294 2186 338 2241 36.
355 2184 496 2258 Exposuit
511 2184 625 2256 Moyses
640 2182 787 2238 evidenter
804 2181 879 2236 hanc
899 2179 1082 2252 prophetiam
1138 2180 1392 2236 benedictionibus
1407 2181 1470 2236 suis
1486 2180 1605 2237 dicens:
1624 2203 1639 2232 «
1653 2179 1827 2237 Benedictus
1852 2196 1868 2234 a
1888 2177 1941 2233 tiliis

259 2274 349 2331 Jacob
364 2272 459 2329 sancti
473 2288 538 2329 esse
554 2272 588 2327 de
599 2269 724 2326 Christo.
742 2269 789 2326 Sic
803 2269 882 2326 enim
909 2269 967 2324 ait:
993 2291 1007 2318 a
1030 2268 1082 2324 Be·
1137 2273 1218 2336 Aser,
1240 2274 1269 2324 et
1284 2268 1339 2324 erit
1353 2273 1489 2342 aceeptus
1504 2286 1521 2325 a
1536 2268 1676 2333 tratribus
1692 2269 1768 2334 suis,
1788 2271 1816 2325 et
1840 2267 1942 2339 intinget

260 2363 393 2420 nedictus
408 2362 458 2435 qui
474 2360 625 2434 ampliavit
649 2359 720 2415 Gad.
752 2358 833 2414 Sicut
859 2357 903 2414 leo
929 2356 1082 2430 requievit,
1138 2359 1168 2415 in
1182 2358 1245 2414 oleo
1259 2359 1363 2430 pedem
1384 2376 1483 2426 suum,
1514 2363 1543 2414 et
1570 2359 1678 2414 terrum
1716 2362 1745 2414 et
1778 2359 1941 2413 aramentum

261 2451 447 2525 confringens
462 2449 583 2507 brachia
597 2453 626 2506 et
640 2448 796 2522 principes,
813 2454 841 2504 ct
857 2447 930 2503 vidit
944 2447 981 2502 ab
1001 2445 1083 2501 initio
1138 2452 1182 2504 est
1197 2447 1427 2504 calceamentum
1443 2449 1517 2519 ejus.
1534 2449 1570 2503 nt
1584 2448 1661 2504 sicut
1675 2447 1742 2504 dies
1758 2447 1800 2503 tui
1824 2449 1895 2513 suot,
1911 2443 1942 2499 sic

175 2535 179 2543 ’
260 2539 559 2614 suoquidibidivisa
580 2542 624 2594 ost
651 2542 729 2594 terra
753 2537 918 2610 principum
948 2533 1083 2591 collecte·
1139 2541 1226 2593 crunt
1242 2537 1362 2592 virtutes
1387 2541 1444 2592 tuoe
1478 2539 1543 2610 (19).
1564 2537 1627 2593 Non
1647 2540 1693 2591 est
1714 2533 1943 2609 quisquamsicut

262 2647 325 2688 rum
338 2630 427 2688 simul
442 2647 507 2686 eum
526 2627 706 2700 principibus
723 2625 909 2698 populorum.
931 2623 1083 2681 iustitiam
1138 2631 1183 2682 est
1204 2631 1277 2680 Dens
1297 2631 1366 2681 tuns
1385 2624 1415 2681 in
1437 2625 1519 2694 cmlo,
1541 2626 1657 2697 adjutor
1683 2630 1767 2693 tuus,
1786 2629 1815 2681 et
1839 2635 1945 2695 magnus

261 2721 329 2779 tecit
344 2720 496 2787 Dominus,
509 2717 654 2791 judicium
670 2732 738 2772 cum
759 2713 847 2771 lsrael
872 2715 960 2785 (Dect.
984 2728 1083 2778 xxmn,
1140 2716 1281 2773 Dominus
1297 2716 1495 2771 tirmamenti:
1517 2719 1545 2772 et
1560 2719 1720 2788 protegens
1738 2722 1767 2771 te
1786 2715 1858 2771 Deus
1875 2709 1944 2775 initii,

260 2813 306 2880 20,
322 2810 378 2881 at).
397 2831 412 2859 »
697 2871 699 2878 Ι
1140 2809 1168 2861 et
1186 2821 1238 2877 per
1256 2804 1331 2860 vires
1351 2805 1539 2860 brachiorum
1559 2803 1727 2877 potentium
1747 2803 1830 2876 ejecit
1854 2819 1869 2859 a
1890 2797 1945 2856 laete

299 2899 343 2954 st.
359 2895 553 2969 Agnoscimus
581 2895 680 2966 itaque
709 2892 775 2965 quis
806 2889 981 2962 requieverit
1005 2887 1084 2944 sicut
1141 2898 1192 2950 tua
1211 2893 1365 2949 inimicam
1385 2897 1483 2961 tuum,
1502 2893 1623 2949 dicens:
1642 2892 1755 2949 Pereat.
1771 2893 1807 2948 ut
1820 2889 1944 2946 inhabita-

262 2985 400 3058 leo,quis
433 2982 605 3056 confregerit
636 2981 757 3038 brachia
789 2975 1087 3052 potentiamquiaa
1139 2983 1183 3038 bit
1203 2983 1291 3039 lsrael
1312 2983 1405 3038 fidens
1433 2980 1515 3038 solus
1544 2998 1634 3055 super
1660 2987 1793 3038 terrem:
1819 2980 1900 3036 Jacob
1923 2975 1945 3030 in

262 3074 405 3149 principio
439 3072 597 3129 divisiones
630 3069 806 3127 tentantium
841 3067 912 3124 vidit
945 3065 1013 3139 (48).
1042 3066 1084 3122 lbi
1140 3070 1656 3139 trumenteetvino;etcoelumtibi
1678 3065 1946 3127 cumncbularoris

262 3164 354 3238 igitur
367 3161 466 3218 hiatus
481 3164 526 3217 est
541 3165 634 3226 terre,
651 3159 701 3232 qui
723 3156 878 3214 absorbeat
902 3154 1086 3211 calumnian-
1141 3161 1195 3218 erit
1206 3163 1294 3234 (peut,
1312 3178 1411 3230 mm,
1427 3161 1535 3231 2423),

263 3259 317 3320 tes,
332 3251 382 3308 ubi
397 3251 518 3307 tentatio
533 3247 711 3323 perfidorum
726 3262 780 3303 esa.
1100 3232 1122 3299 C
1468 3267 1585 3324 CAPUT
1603 3268 1636 3323 x·

583 3354 699 3412 CAPUT
719 3352 764 3409 IX·
1141 3357 1360 3413 benedictionem
1390 3355 1559 3427 septicam,
1593 3355 1724 3427 fideliam
1756 3357 1869 3416 cbristo,
1898 3361 1947 3431 taa-

265 3450 301 3510 ne
318 3449 499 3507 benedictione
523 3449 597 3513 Aser,
614 3461 668 3516 que
695 3442 795 3498 Christi
821 3441 951 3513 pauperis
979 3441 1086 3495 (lieltiae
1176 3445 1258 3500 qttem
1276 3430 1326 3483 viti
1338 3429 1479 3500 palmites,
1500 3427 1677 3497 terentium,
1696 3436 1722 3484 ct
1737 3428 1832 3483 mortis
1848 3422 1948 3481 cirrrnlu

321 3540 352 3580 ac
366 3520 536 3593 multiplicia
552 3520 580 3572 ia
600 3517 722 3572 tornines
736 3515 808 3570 dono
818 3514 1022 3586 exprimentur.
1175 3501 1360 3556 exsolutorum
1375 3500 1524 3570 intooinom
1537 3515 1603 3554 esse.

294 3633 339 3689 38.
356 3632 427 3686 Aser
442 3625 560 3701 pinguis
575 3624 638 3695 ejus
654 3622 748 3694 penis,
767 3626 795 3678 et
811 3621 873 3694 ipse
888 3619 970 3675 dabit
987 3634 1085 3674 escam
1176 3609 1249 3663 tt«
1281 3605 1448 3679 Nepthalim
1481 3605 1549 3662 vitis
1583 3606 1721 3676 remissa,
1756 3607 1899 3680 porrigens
1922 3601 1945 3656 in

257 3719 439 3795 principibus
454 3715 530 3788 (Gen.
550 3729 623 3782 xcix,
651 3711 741 3783 20).n
770 3715 843 3766 Aser
871 3707 1084 3779 interpretatio·
1138 3698 1270 3770 germine
1289 3697 1422 3751 decorem
1442 3698 1520 3763 (Dea.
1540 3712 1615 3763 xcix,
1645 3696 1706 3768 sl).
1736 3719 1750 3747 a
1781 3696 1946 3752 Sarmentum

257 3809 413 3868 neLetina
436 3803 581 3878 significat
614 3800 740 3856 divitias.
774 3799 845 3863 Quis
875 3797 964 3870 igitur
992 3795 1082 3863 dives,
1138 3786 1206 3842 vitis
1224 3784 1304 3842 alind
1325 3787 1504 3856 amputatur,
1531 3786 1609 3857 quod
1639 3785 1761 3842 videtur
1788 3782 1948 3847 inutilem

256 3899 312 3956 nisi
329 3897 381 3954 ubi
397 3894 520 3952 altitudo
535 3889 704 3946 divitiarum
721 3892 767 3944 cst
781 3886 931 3958 sapientia
947 3890 975 3940 et
989 3885 1082 3951 scien-
1138 3891 1222 3930 cussa
1240 3874 1306 3929 vitis
1327 3878 1541 3929 sarmentorum
1554 3873 1609 3945 (ἳο)
1630 3875 1811 3931 exultatione
1820 3869 1945 3928 luxunet:

255 3988 301 4044 tiss
319 3985 394 4042 Dei‘t
408 3983 479 4050 Quis
490 3980 569 4036 dives
585 3977 641 4033 nisi
656 3976 798 4032 Dominus
813 3979 911 4044 lesus,
924 3973 974 4046 qui
991 3972 1082 4029 abun·
1137 3969 1166 4021 et
1184 3963 1263 4019 aliud
1283 3961 1431 4035 paulisper
1450 3961 1596 4018 recidetur
1615 3980 1649 4018 aa
1669 3964 1845 4031 remittetur,
1856 3958 1946 4017 ultru-

256 4077 307 4133 dat
322 4089 447 4146 semper,
464 4075 492 4127 et
508 4081 659 4140 nunquam
685 4064 805 4120 deficit?
820 4063 935 4135 Pauper
955 4062 1078 4117 venitin
1137 4057 1217 4110 ctum
1236 4053 1348 4120 atterat,
1368 4053 1454 4122 cujus
1472 4052 1561 4107 decus
1581 4051 1611 4106 in
1630 4054 1822 4125 generatione
1840 4045 1948 4124 porrigi·

169 4138 173 4145 ¹
257 4166 335 4221 bunc
350 4162 505 4226 mundum,
526 4161 554 4214 et
576 4153 713 4213 omnibus
737 4152 906 4223 abundavit,
930 4150 1081 4207 universes
1136 4146 1199 4211 tun
1221 4142 1291 4214 quta
1309 4138 1380 4196 dum
1400 4141 1435 4196 ed
1456 4156 1584 4212 superna
1603 4156 1634 4196 se
1649 4140 1792 4214 subrigit,
1803 4139 1888 4194 vitem
1897 4149 1947 4191 am·

259 4252 387 4326 replevit.
406 4252 538 4318 Quantus
562 4248 605 4302 est
631 4245 661 4300 in
685 4241 806 4310 divitiis,
831 4241 881 4314 qui
910 4244 1082 4314 paupertate
1135 4231 1282 4304 plectitur,
1302 4234 1331 4286 et
1349 4230 1384 4285 sd
1404 4229 1540 4285 vorticem
1560 4231 1737 4298 ascendens,
1744 4230 1812 4304 Jagi
1831 4225 1948 4302 quadam

259 4359 313 4399 sua
327 4356 428 4397 omnes
444 4338 547 4394 divites
557 4335 643 4392 lecitt
662 4332 717 4390 Sed
739 4347 850 4407 pauper
872 4332 991 4402 propter
1016 4347 1080 4396 nos,
1135 4319 1210 4377 eolla
1227 4319 1331 4376 vitium
1347 4318 1465 4392 pretiosi
1480 4317 1609 4390 palmitis
1624 4319 1699 4374 vesti
1720 4317 1833 4375 monili.
1857 4316 1903 4371 Est
1920 4312 1945 4365 et

259 4431 340 4487 dives
354 4445 421 4485 eum
451 4428 545 4482 Patre.
575 4425 688 4496 Pauper
699 4420 757 4489 ille,
774 4425 806 4476 ut
838 4437 891 4476 nos
916 4420 951 4474 ab
980 4418 1080 4491 inopia
1133 4409 1182 4466 ille
1201 4410 1291 4465 decus
1309 4408 1339 4463 in
1359 4406 1555 4481 generatione,
1576 4411 1647 4480 quia
1665 4406 1765 4481 plenis
1794 4402 1949 4482 palmitibus

259 4511 685 4585 vindicaret,sioutapestolus
707 4511 791 4566 docet
824 4509 975 4566 dicens:«
1006 4507 1080 4571 Deio
1134 4497 1521 4556 multosfructusexundet.
1901 4577 1906 4590 ¹

260 4611 379 4684 proptor
392 4621 443 4660 ves
460 4618 570 4676 pauper
584 4605 629 4656 est
661 4600 848 4666 lactus‚eum
881 4597 961 4653 dives
990 4599 1118 4664 esset,1)
1170 4591 1213 4643 42.
1235 4588 1378 4644 Decorum
1401 4585 1466 4653 boc,
1496 4585 1547 4642 scd
1577 4584 1670 4641 multo
1696 4584 1773 4641 illud
1802 4581 1947 4680 pulchrius.

260 4704 293 4756 ut
306 4695 386 4752 illius
401 4691 563 4764 iuopiavos
577 4687 744 4744 ditaremini
760 4686 800 4760 (ll
824 4689 888 4744 Cor.
912 4702 973 4754 vm,
1000 4684 1038 4756 9).
1067 4706 1081 4735 »
1136 4678 1214 4751 quod
1234 4679 1390 4734 herentem
1411 4674 1562 4748 palmitem
1580 4674 1632 4731 viti
1652 4673 1803 4748 significat
1826 4664 1948 4744 spiritali,

260 4788 350 4860 Cujus
362 4783 460 4855 inopia
475 4780 558 4846 ditat,
597 4783 681 4834 sanat
709 4775 837 4841 fimbria,
867 4776 963 4831 lomes
983 4774 1080 4841 satiat,
1136 4769 1222 4840 cujus
1237 4785 1289 4824 nos
1305 4770 1487 4823 sarmentum
1507 4781 1621 4832 sumus,
1648 4767 1677 4821 ‘et
1704 4765 1835 4820 fructum
1863 4757 1949 4816 anem

260 4871 485 4936 mersvivilrcat,
502 4867 654 4941 sepultura
668 4865 832 4921 resuscitat.
849 4864 900 4919 llic
921 4880 988 4936 ergo
1003 4862 1083 4918 dives
1137 4874 1305 4932 possumus,
1325 4857 1349 4912 si
1371 4871 1544 4910 maneamus
1564 4854 1593 4909 in
1608 4853 1666 4910 vite
1679 4870 1686 4909 ε
1699 4854 1747 4910 sin
1769 4857 1947 4921 autemmo-

260 4970 306 5024 est
317 4963 485 5027 thesaurus,
501 4959 592 5029 hujus
607 4955 727 5030 pinguis
753 4952 847 5026 panis.
871 4953 904 5008 ut
927 4953 1000 5008 bene
1019 4950 1082 5024 pin·
1138 4947 1274 5005 cidimer.

259 5056 325 5129 guis
341 5068 429 5126 quem
445 5048 495 5122 qui
510 5043 739 5108 manducaverit,
756 5041 867 5098 esurire
886 5057 943 5096 non
966 5041 1082 5113 poterit.
1174 5037 1218 5093 te.
1236 5036 1343 5091 Saulus
1360 5032 1524 5106 patriarcba
1548 5032 1738 5105 Nephthelim
1769 5034 1830 5087 erat
1852 5024 1948 5100 palmes

261 5145 343 5198 llunc
358 5157 462 5213 panem
476 5137 556 5194 dedit
572 5132 721 5207 apostolis
735 5137 767 5187 ut
791 5132 951 5186 dividerent
977 5127 1084 5202 populo
1140 5126 1304 5182 abundans.
1325 5123 1406 5178 Unde
1426 5122 1539 5194 Moyses
1558 5121 1647 5177 dicit:
1667 5144 1681 5171 e
1703 5118 1886 5192 Nephtbalim
1909 5127 1947 5165 sa·

221 5254 241 5288 x
261 5229 463 5296 credentium;
479 5227 619 5297 tradisque
632 5224 682 5278 dat
699 5220 782 5276 nobis
805 5236 884 5285 earm,
910 5235 997 5292 quem
1023 5218 1086 5290 ipse
1139 5218 1226 5270 tietas
1245 5212 1461 5285 accipientium,
1483 5210 1642 5282 replebitur
1655 5207 1857 5266 benedictione
1874 5220 1890 5257 a
1905 5200 1949 5255 Do·

262 5317 391 5390 quotidie
407 5318 541 5372 sacerdes
555 5317 705 5370 consecrat
720 5310 784 5367 suis
805 5309 912 5365 verbis.
938 5308 989 5364 llic
1017 5322 1085 5380 ergo
1141 5304 1232 5374 mino,
1258 5317 1337 5358 mare
1361 5305 1390 5358 et
1410 5300 1539 5356 iliricum
1559 5297 1721 5372 possidebit
1750 5299 1837 5370 (Dect.
1860 5301 1947 5350 xxxin,

263 5406 348 5480 panis
364 5405 457 5462 lactus
472 5411 515 5462 est
528 5420 594 5460 esee
608 5406 786 5460 sanctorum.
1140 5395 1196 5466 23),
1214 5416 1227 5444 a
1244 5407 1390 5466 exponens
1405 5390 1459 5446 hoc
1474 5391 1552 5462 qued
1574 5390 1663 5445 Jacob
1687 5388 1811 5450 dixerat,
1831 5380 1895 5455 quid
1916 5374 1948 5430 sit

301 5547 625 5624 (lolliditetquidam
641 5561 726 5614 mss,
742 5543 887 5600 divisiones
903 5541 1089 5598 tantationum
1143 5541 1214 5610 tepet
1225 5539 1252 5592 te
1266 5535 1503 5618 Deiprincipetas.
1608 5603 1636 5616 ..

269 5621 347 5680 valta
1177 5610 1222 5668 20.
1238 5607 1309 5666 Μεε.
1324 5605 1445 5682 aliquot,
1460 5620 1571 5664 necata
1585 5606 1649 5664 vitu
1665 5604 1875 5664 sarmentorum,
1891 5594 1946 5664 oto·

300 5692 356 5780 llil)
372 5689 456 5752 Rom.
482 5688 563 5758 edit,
581 5689 646 5746 crit
667 5687 801 5776 (ortttallo
825 5690 883 5748 lea.
902 5727 908 5746 .
928 5727 934 5746 .
953 5687 1001 5747 ‚et
1026 5697 1089 5760 pro·
