4159 6184
231 321 292 388 '135
963 321 995 384 S.
1020 320 1209 389 auaaosu
1878 325 1944 388 'tarr

231 459 299 516 Dei:
318 479 332 510 a
346 458 386 514 be
401 456 481 529 liguo
496 453 576 524 cuod
590 454 637 511 est
650 449 778 512 scientie
793 449 863 512 boni
877 455 906 512 et
921 451 1058 516 malinou
1072 454 1232 530 Aviditas
1246 471 1311 516 esee
1325 453 1454 528 nudum
1466 451 1537 531 quia
1543 451 1753 520 indumentum
1764 455 1844 532 qnod
1851 453 1945 518 habe

230 543 406 605 comedetis:
423 561 481 617 qua
496 543 543 601 die
557 545 655 600 autem
680 543 926 601 manducaveritis
950 561 985 602 ex
1009 563 1053 614 oo,
1110 547 1170 614 bat,
1181 545 1571 604 amiserat.ludiebusenim
1582 546 1761 619 jejuniorum
1770 553 1940 608 vestromm

230 639 323 694 morte
338 632 503 691 moriemini
519 632 596 705 (Gerr.
611 650 643 698 n,
655 632 710 704 ll).
733 653 745 684 s
771 633 811 688 lio
841 649 934 706 usque
957 639 1055 690 autem
1111 659 1125 685 a
1139 635 1260 706 orietur,
1273 635 1381 709 inquit,
1397 634 1449 692 tibi
1464 634 1642 692 matutinum
1652 635 1709 708 (t0)
1723 635 1824 692 lumen
1840 641 1943 700 tuum.

228 726 314 796 (illst.
330 728 359 782 at
373 741 438 798 cap.
459 723 574 790 iisdem,
595 721 610 794 ,ξ
631 723 668 778 b'o
690 721 784 794 rapae)
809 738 894 778 nemo
918 723 1054 795 pravari-
1110 728 1139 780 ot
1152 723 1264 782 sanitae
1278 729 1331 781 tua
1344 727 1460 781 matura
1474 723 1593 791 orictrn,
1613 728 1641 780 et
1663 725 1808 798 precedet
1823 732 1894 782 aate
1915 733 1945 782 tc

229 815 428 882 carincverat‚
441 817 474 870 ut
487 812 658 868 adhucorta
681 828 740 867 non
763 815 850 880 esset,
870 828 935 884 que
958 811 1056 885 prima
1105 813 1233 884 justitia,
1249 818 1279 870 et
1298 812 1493 873 circumdabit
1513 817 1543 870 te
1565 813 1704 885 majestas
1727 814 1847 870 Domini
1870 817 1942 884 (lea.

229 912 274 965 est
297 903 481 980 prevaricata
503 901 648 958 indictum
673 901 867 958 abstinentiae.
892 901 950 957 Lex
976 904 1015 971 (8)
1035 919 1054 958 a
1110 918 1188 970 nvnr,
1202 903 1241 975 8).
1258 925 1273 952 »
1289 904 1402 960 Bonum
1415 903 1623 961 vestimentum
1638 901 1698 958 lux.
1719 903 1869 977 Scriptum
1894 911 1944 960 est

228 997 350 1054 Domino
365 993 433 1057 Dec,
450 990 645 1064 praevaricatio
667 989 740 1062 legis
764 1007 781 1046 a
804 988 941 1046 diabolo:
966 990 1053 1064 culpa
1107 991 1206 1048 euim:
1223 1013 1237 1043 a
1254 990 1458 1048 circumdatus
1473 990 1538 1050 luce
1552 990 1630 1046 sicot
1648 991 1822 1048 vestimento
1846 991 1942 1064 (Prot.

226 1087 278 1158 per
292 1083 400 1148 cibum,
416 1080 530 1138 latebra
545 1083 611 1153 poet
626 1079 735 1136 cibum.
751 1078 883 1152 Cognitio
896 1079 1051 1137 infirmita·
1107 1095 1166 1144 cru,
1181 1079 1221 1152 2).
1240 1102 1253 1129 »
1270 1080 1382 1136 Bonum
1398 1080 1616 1148 vestimentum,
1630 1079 1747 1152 quando
1770 1079 1945 1138 circumdat

225 1173 264 1232 tis
293 1173 322 1228 in
352 1171 426 1239 cibo,
453 1171 547 1227 virtus
571 1168 719 1224 firmitatis
739 1167 767 1222 in
779 1167 903 1239 jejuno.
920 1167 1052 1241 Denique
1107 1168 1249 1226 Dominus
1263 1173 1292 1226 ct
1304 1169 1586 1243 operitJejunantae.

226 1263 355 1337 quandiu
369 1260 533 1318 interdictis
550 1258 727 1326 abstinuere,
744 1256 914 1312 nesciebant
933 1273 998 1314 esse
1019 1274 1051 1314 se
1430 1284 1547 1342 ggpgp
1565 1285 1599 1340 v,

224 1358 336 1412 nudos:
354 1354 545 1424 posteaquam
564 1347 815 1404 manducaverunt
836 1347 871 1402 de
895 1346 1051 1446 interdicta
1104 1374 1161 1430 Noe
1172 1375 1244 1447 qm
1267 1375 1527 1447 mmmm,
1547 1375 1581 1430 ob
1602 1375 1794 1444 iwanum
1816 1390 1944 1431 mm·

224 1443 336 1508 arbore,
354 1440 481 1496 nudatos
496 1453 562 1494 csse
576 1453 607 1493 se
628 1439 834 1508 cognoverunt.
857 1436 959 1492 Mento
979 1452 1049 1508 ergo
1140 1450 1204 1502 rur:
1219 1451 1245 1504 ρ)
1259 1461 1323 1520 aaa
1344 1447 1420 1505 Νι)
1442 1463 1480 1502 03
1499 1448 1561 1502 vim·
1580 1461 1631 1502 m
1658 1448 1726 1503 „m
1746 1447 1814 1517 m,
1834 1462 1944 1519 we

223 1531 330 1590 mulier
353 1529 404 1586 ubi
424 1527 517 1601 culpe
543 1525 661 1600 agnovit
688 1529 847 1592 auctorem,
869 1526 1049 1598 interrogata
1139 1518 1209 1574 bena
1227 1535 1262 1576 aa
1283 1517 1405 1574 e'aaaen
1425 1518 1603 1584 abstinentia,
1630 1518 1776 1589 troposilit
1800 1520 1944 1590 “tritaque

222 1619 391 1695 rospondit:
407 1639 421 1670 a
437 1619 562 1689 Serpens
578 1614 724 1688 persuasit
738 1613 821 1682 mibi,
838 1618 867 1670 et
886 1614 1048 1671 manduca·
1138 1591 1270 1662 ‘mpii'
1334 1589 1451 1645 imm·
1481 1660 1486 1674 .

221 1711 340 1782 vi(Gcn.
363 1726 407 1777 ur,
429 1708 474 1777 13)
496 1729 510 1757 n
534 1709 659 1777 Serpens
682 1703 782 1776 gulam
806 1702 921 1770 suadet,
944 1701 1046 1758 Domi·
1137 1705 1181 1760 10.
1211 1704 1346 1762 Nudatus
1368 1708 1431 1764 erat
1453 1705 1513 1761 Noe
1534 1704 1653 1777 quando
1677 1703 1840 1762 inebriatus
1874 1708 1940 1775 est,

222 1819 279 1862 nus
291 1801 427 1874 Jejunara
440 1794 568 1864 decernit
582 1793 667 1866 (bist.
684 1797 713 1849 et
730 1809 794 1865 cap.
811 1791 925 1860 iisdem,
942 1791 957 1865 §
983 1790 1045 1848 Ser·
1101 1794 1172 1851 texit
1196 1811 1264 1852 curu
1286 1795 1381 1868 pictae
1404 1793 1543 1850 tiliorum.
1564 1794 1622 1850 Sed
1640 1793 1771 1851 nudatus
1792 1797 1854 1852 erat
1881 1811 1942 1867 per

219 1891 308 1964 pena).
325 1888 456 1960 Denique
478 1886 541 1959 ipse
564 1883 623 1940 ait:
647 1905 660 1934 a
685 1882 821 1954 JeJunute
845 1885 873 1938 et
896 1885 986 1951 orate,
1009 1897 1047 1936 ne
1086 1881 1308 1956 ignorantiam,
1342 1899 1400 1942 non
1438 1899 1489 1955 per
1525 1881 1801 1956 intemperantiam
1831 1881 1942 1940 adhuc

221 1979 335 2038 intretis
350 1974 585 2034 intentationem
600 1973 703 2045 (Metita
724 1987 800 2039 xxvr,
826 1971 881 2042 41).
908 1991 922 2018 »
946 1969 1047 2042 ltaque
1100 1972 1180 2034 euim
1195 1973 1296 2030 uuum
1311 1971 1505 2032 nesciebatur.
1521 1974 1553 2032 Ia
1569 1971 1713 2046 principio
1736 1971 1850 2046 geuerb
1875 1971 1940 2028 bu·

221 2069 340 2145 gulade
364 2064 501 2141 paradiso
525 2065 696 2136 regnantem
720 2058 842 2133 expulit,
867 2057 1047 2119 abstinentia
1101 2061 1180 2116 mani
1205 2060 1395 2133 ignorabatur
1420 2059 1547 2119 ebrietas
1569 2059 1653 2132 (bist.
1680 2060 1726 2129 35,
1750 2075 1814 2132 cap.
1839 2060 1940 2118 Sexto

221 2161 257 2218 ad
273 2157 443 2235 paradisum
459 2152 603 2212 revocavit
616 2154 774 2209 errantem.
1100 2148 1159 2216 die,
1174 2148 1232 2223 §la
1244 2150 1405 2224 principio).
1421 2148 1537 2208 Primus
1550 2148 1613 2221 ipse
1627 2147 1770 2221 plantavit
1787 2147 1913 2206 vineam
1930 2169 1937 2206 :

242 2251 283 2306 .8,
299 2250 335 2306 Et
348 2246 422 2304 dixit
436 2245 531 2301 Deus:
547 2264 561 2293 a
577 2246 648 2298 Ecce
661 2239 753 2297 Adam
772 2238 867 2295 fectus
890 2242 935 2294 eat
960 2235 1046 2310 quasi
1100 2238 1181 2295 dedit
1201 2243 1350 2310 naturam,
1374 2239 1426 2298 sed
1452 2237 1596 2314 ignoravit
1627 2237 1798 2310 potentium.
1822 2238 1939 2312 ltaque

220 2355 299 2396 unus
314 2354 348 2394 ex
357 2335 442 2394 nobis
451 2333 529 2405 (Gerr.
539 2331 649 2403 111,22).
665 2349 678 2382 n
696 2327 823 2385 lrrideus
835 2327 936 2399 utique
956 2329 1045 2397 Deus,
1098 2326 1200 2384 viuum
1215 2344 1269 2385 nac
1289 2345 1343 2386 suo
1370 2327 1501 2402 pepercit
1527 2325 1648 2384 auctori
1665 2326 1740 2392 Quid
1766 2326 1880 2384 mirum
1910 2329 1938 2386 si

220 2444 278 2485 non
293 2426 459 2499 approbans
474 2421 556 2489 dicit,
571 2420 701 2476 horest:
725 2415 851 2472 Putabas
865 2419 893 2472 te
916 2413 1045 2471 similem
1099 2433 1167 2476 cum
1182 2417 1325 2476 Dominus
1347 2417 1412 2492 ipse
1434 2420 1585 2475 creaturas
1605 2432 1675 2474 suae
1699 2415 1875 2485 laudaverit,
1905 2424 1938 2473 et

219 2519 281 2574 fare
295 2515 405 2572 nostri:
421 2513 472 2572 sed
489 2507 692 2584 quiavcluisti
706 2505 863 2578 essequod
885 2521 943 2561 nou
967 2519 1043 2572 arae,
1099 2505 1154 2562 iste
1169 2505 1374 2564 miratueeett
1397 2506 1501 2579 ltaque
1519 2522 1589 2562 cum
1611 2521 1678 2562 eum
1699 2503 1856 2562 delectaret
1885 2523 1935 2562 re-

220 2604 358 2664 deatitisti
373 2619 437 2661 esse
452 2601 530 2675 quod
545 2615 629 2656 eras:
645 2597 723 2656 lutra
736 2599 764 2653 te
779 2612 853 2664 eras,
865 2597 894 2650 et
907 2594 978 2650 dum
994 2609 1044 2650 su·
1098 2593 1173 2667 perti
1186 2593 1318 2652 muneris
1340 2594 1447 2669 gratia,
1474 2592 1597 2652 tentavit
1621 2592 1819 2652 vehementior
1840 2609 1937 2652 crea·

219 2699 313 2770 prate
328 2691 522 2752 eeseattectae
537 2690 587 2762 (9),
602 2686 678 2743 inira
702 2690 731 2742 te
750 2701 816 2742 esse
840 2682 963 2756 caepisti.
990 2682 1044 2738 lle·
1098 2687 1165 2740 tura
1180 2682 1312 2742 insuetas
1337 2682 1417 2748 esuis
1440 2687 1535 2752 artus,
1568 2682 1697 2739 turbarit
1726 2699 1801 2740 nova
1830 2683 1936 2755 potio.

218 2785 308 2859 nique
328 2782 442 2841 vestivit
465 2795 529 2838 eum
557 2777 657 2834 tunica
686 2773 806 2848 pellicea
833 2771 925 2844 prius,
951 2776 979 2825 ct
1001 2769 1045 2826 sic
1098 2794 1113 2823 a
1139 2771 1386 2845 Dormitaverunt,
1407 2769 1515 2845 inquit,
1538 2771 1590 2848 qni
1615 2772 1810 2830 ascenderunt
1830 2787 1936 2845 equos

218 2875 274 2936 alt:
290 2897 305 2926 ⁴.
328 2871 402 2930 poce
422 2869 526 2938 Adam,
550 2887 564 2916 s
590 2863 675 2938 quasi
696 2861 793 2919 dicat:
818 2861 890 2916 llere
914 2855 1042 2914 amictus
1098 2862 1337 2933 (arctarant).
1355 2859 1665 2934 »ascanaiteorpnrie
1687 2859 1851 2934 voluptates
1879 2863 1935 2934 ju·

217 2968 299 3030 tuus,
314 2977 383 3017 ecce
397 2958 520 3032 dignum
535 2954 743 3010 indumentum
758 2955 856 3018 tuum,
871 2945 920 3004 bic
930 2949 958 3003 te
978 2963 1043 3003 ves·
1097 2954 1173 3020 etus,
1189 2955 1219 3007 et
1233 2948 1419 3009 obdormivit.
1435 2949 1492 3008 Sed
1508 2949 1588 3008 illius
1599 2949 1728 3007 ebrietas
1747 2947 1830 3007 nobie
1851 2965 1934 3006 eua-

217 3051 291 3109 titus
306 3049 396 3106 decet.
407 3045 461 3114 Qui
475 3043 575 3100 divina
585 3040 731 3106 affectant,
745 3037 796 3093 tali
806 3036 887 3109 digni
898 3035 1044 3092 habentur
1097 3039 1147 3096 det
1161 3038 1346 3098 sobrietatem
1361 3038 1447 3112 (uie.
1461 3041 1492 3096 et
1504 3054 1569 3112 cap.
1584 3036 1701 3103 iisdem,
1716 3037 1733 3112 ἓ
1756 3035 1808 3099 Scri
1821 3037 1933 3112 illisu).

217 3142 333 3196 ornatu.
347 3139 418 3194 dccc
433 3150 491 3207 quo
505 3135 533 3189 te
548 3127 696 3201 tuaculpe
720 3124 849 3194 deduxit,
873 3141 939 3184 ³000
965 3141 1043 3180 1¹11ssss
1096 3127 1193 3187 Semel
1206 3128 1285 3186 enim
1310 3128 1473 3190 inebriatas
1492 3134 1538 3186 cst
1551 3129 1621 3186 Noe.
1638 3128 1692 3186 Ubi
1719 3145 1787 3186 vero
1808 3128 1933 3186 malum

216 3230 247 3288 in
258 3229 313 3285 bac
328 3226 425 3284 tunica
437 3221 557 3298 pellicea
571 3225 713 3290 tanqum
728 3231 807 3272 uuus
819 3230 854 3271 ex
867 3213 951 3270 nobis
973 3231 1040 3287 aps·
1054 3203 1078 3271 C
1092 3216 1247 3275 ebrietatis
1261 3218 1389 3292 agnovit,
1414 3217 1564 3274 inventurn
1588 3233 1676 3274 suum
1699 3217 1736 3273 ad
1758 3217 1931 3277 remedium

216 3318 302 3378 ruisti
321 3315 431 3375 oculos.
454 3308 653 3382 Circumspice
681 3305 846 3379 diligenter,
873 3304 987 3361 nudum
1010 3307 1040 3359 te
1093 3307 1278 3381 temperavit,
1292 3324 1353 3364 non
1367 3303 1471 3364 effudit
1491 3306 1528 3362 ed
1550 3305 1665 3362 vitium.
1689 3305 1773 3362 Unda
1795 3310 1823 3361 et
1846 3312 1933 3381 Ape

216 3407 334 3480 aspicis,
350 3419 439 3478 quem
458 3401 597 3458 vestitum
613 3397 749 3471 putabas.
1094 3395 1190 3452 stolus
1201 3395 1259 3452 ait:
1275 3417 1290 3447 a
1302 3394 1420 3452 Modico
1437 3395 1507 3452 vino
1518 3396 1602 3460 atera
1616 3398 1735 3468 propter
1753 3395 1931 3471 frequentes

235 3532 237 3540 ·
250 3498 278 3552 9.
293 3494 370 3552 Gula
383 3507 452 3566 ergo
466 3490 563 3547 nudos
578 3488 657 3556 sarit,
669 3483 784 3559 jejunia
797 3483 935 3558 operiunt
950 3483 1038 3540 etism
1093 3485 1161 3540 tuas
1190 3481 1378 3540 infirmitates
1392 3484 1491 3556 (trra.
1505 3499 1534 3553 v,
1545 3483 1606 3554 23).
1622 3504 1637 3533 s

216 3589 329 3644 exutos.
346 3583 427 3641 Unde
441 3579 532 3636 David
548 3578 605 3636 ait:
622 3599 636 3628 a
662 3574 769 3649 Operui
792 3573 822 3630 in
842 3573 957 3647 iejunio
980 3572 1040 3628 ani·
1129 3571 1617 3645 11.atnnenatantaquamrinum
1640 3570 1829 3639 inveniretur,
1857 3590 1929 3632 om-

216 3691 295 3732 mam
309 3687 405 3730 meam
416 3670 503 3744 (Prot.
521 3685 615 3734 sxvnr,
631 3665 687 3737 11).
704 3687 719 3716 a
739 3664 853 3720 Βοιιιιιιι
875 3661 1039 3734 operimen-
1094 3660 1181 3719 nibus
1194 3661 1372 3721 inconcusse
1385 3660 1517 3729 libertas,
1532 3677 1618 3718 namo
1630 3661 1743 3720 sciebat
1756 3679 1773 3718 a
1786 3671 1929 3721 consorte

215 3769 290 3830 tum,
304 3761 382 3836 quod
398 3760 528 3816 animam
539 3756 621 3830 tegit,
637 3771 674 3812 ue
688 3770 705 3808 a
717 3757 861 3809 tentatore
876 3751 1038 3824 deprehen·
1094 3754 1204 3806 naturas
1218 3767 1279 3808 sure
1295 3750 1437 3823 obsequia
1450 3749 1600 3808 servitutis
1614 3750 1739 3823 exigere.
1759 3750 1822 3808 Non
1840 3757 1928 3809 esset

215 3854 311 3918 datur,
335 3867 370 3906 ne
393 3864 410 3905 a
432 3849 578 3904 tentatore
621 3843 760 3900 nudetur.
777 3841 890 3897 Bonum
905 3839 1038 3897 velamen
1093 3838 1179 3897 bodie
1194 3838 1330 3908 servitus,
1345 3839 1372 3896 ei
1387 3839 1584 3898 ebrietasuou
1605 3840 1721 3896 fuisset.
1744 3839 1927 3913 obrepserat

215 3941 293 4015 quod
306 3940 380 4014 tegit
396 3936 522 4010 culpam,
539 3932 610 4008 tegit
624 3930 812 3997 abstinentia,
836 3929 909 4003 tegit
932 3929 1036 4001 gratia.
1093 3927 1213 4000 quidem
1223 3927 1431 4000 jamtraterna
1445 3926 1623 4000 praelationis
1636 3926 1757 3996 invidia,
1782 3929 1927 3986 manebat

214 4030 295 4088 Beati
310 4028 389 4086 enirn
415 4041 541 4098 quorum
563 4021 692 4078 remissa
716 4023 787 4076 sunt
805 4017 986 4089 iniquitates,
1010 4021 1040 4074 et
1092 4019 1191 4075 tamen
1213 4016 1308 4074 adhuc
1336 4019 1463 4090 paternae
1497 4016 1614 4090 pietatis
1637 4016 1809 4074 reverentia.
1839 4018 1926 4075 Lesa

214 4135 340 4194 qnorum
351 4119 428 4172 tecta
441 4114 651 4185 suntpeccata.
668 4107 753 4181 'tegit
767 4106 871 4181 gratia,
896 4106 967 4162 dum
993 4122 1038 4162 re·
1092 4106 1254 4179 pietaseet,
1267 4106 1342 4164 ¹dum
1359 4105 1474 4164 ridetur
1487 4105 1623 4163 ebriatae.
1646 4104 1711 4162 Non
1733 4104 1793 4161 illis
1820 4105 1924 4179 itaque

214 4208 314 4274 mittit,
329 4209 358 4264 et
371 4219 490 4262 omnem
506 4199 601 4257 abolet
619 4212 764 4254 errorem:
790 4194 862 4268 tegit
887 4194 1038 4251 abstineri·
1092 4195 1164 4253 solie
1176 4199 1282 4254 uacent
1295 4195 1363 4252 vina
1375 4211 1451 4267 qaae
1463 4198 1587 4263 tenuat,
1601 4195 1655 4251 sed
1669 4198 1700 4251 et
1713 4193 1772 4252 illie
1791 4193 1922 4268 emplius

213 4299 265 4364 tia,
282 4296 353 4353 dum
377 4291 536 4350 obumbrat
561 4287 676 4353 vitium,
703 4289 732 4342 et
759 4288 863 4340 maesto
886 4283 1040 4341 abscondit
1092 4301 1218 4358 quorum
1233 4283 1328 4343 oculis
1344 4283 1507 4344 temulenta
1533 4282 1681 4344 ebriorum
1707 4284 1842 4341 membra
1862 4301 1921 4339 uu·

213 4371 1038 4455 ellectu,atquecatenuatpoeuitendo.EtenimjeJ'unium
1093 4373 1383 4433 manuacense
1396 4372 1712 4440 irrevereuenascitur‚
1732 4371 1803 4428 binc
1825 4371 1920 4429 libido

211 4479 243 4533 et
258 4472 334 4532 Μ
362 4470 548 4542 eleemosyna
569 4483 586 4522 a
612 4468 729 4537 peccato
752 4462 886 4520 liberant.
914 4461 1039 4534 Opertae
1093 4463 1311 4530 inflammatum
1326 4465 1361 4518 ut
1374 4461 1467 4518 multo
1481 4464 1593 4535 majone
1601 4461 1921 4519 temulentiaeoevina

213 4566 276 4622 erat
303 4560 395 4616 Adam
420 4557 562 4614 virtumm
586 4552 730 4610 velamine
764 4550 937 4625 priusquam
961 4567 1036 4623 pre·
1053 4577 1076 4642 υ
1092 4553 1275 4626 perturbent,
1284 4567 1411 4624 quorum
1421 4550 1688 4610 oculosscmentee
1699 4551 1916 4618 inebriaverint,

211 4651 399 4718 miraretur,
413 4648 463 4704 sed
483 4651 625 4718 tanquam
651 4645 756 4699 mutus
788 4639 1034 4714 prevaricatione,
1091 4657 1179 4713 quam
1195 4655 1321 4713 quorum
1335 4639 1470 4702 membra
1483 4639 1702 4713 prostraverint.

246 4814 286 4885 (8)
300 4811 363 4868 Vet.
379 4809 461 4878 edit,
477 4822 540 4880 aaa
553 4806 645 4878 prima
662 4803 868 4876 praevaricatio.
891 4801 1035 4860 indoctam
1109 4802 1160 4860 uid
1175 4802 1320 4860 omissam
1335 4817 1400 4866 asse
1414 4817 1451 4876 ap
1474 4805 1545 4871 aret,
1562 4803 1772 4874 preterquam
1800 4800 1831 4857 iu
1851 4801 1913 4857 cod.

207 4885 359 4958 jejuniam,
375 4881 547 4938 abstinentiae
563 4878 617 4942 lca,
631 4879 686 4932 etc.
703 4874 771 4932 Cod.
790 4873 862 4930 Vall.
882 4879 911 4932 et
934 4873 1033 4943 Mica„
1120 4873 1177 4931 ich.
1200 4876 1229 4930 et
1248 4871 1323 4931 Vall.
1350 4872 1380 4928 in
1413 4890 1451 4946 qu
1487 4889 1522 4930 us
1555 4871 1635 4944 lagae
1657 4872 1732 4930 eatis
1753 4871 1912 4937 commode,

211 4957 373 5030 perprimo
385 4953 571 5026 prevaricata
586 4947 720 5005 indictam
734 4947 874 5019 jejuniam
895 4944 1034 5001 abenner·
1089 4945 1161 5020 qaod
1173 4962 1243 5003 erar.
1256 4947 1297 5004 lta
1307 4945 1356 5017 qai
1368 4961 1453 5020 capro
1466 4949 1492 5001 tc
1505 4944 1724 5017 accensendas,
1740 4947 1796 5000 etc.

212 5031 270 5085 tia’.
287 5029 352 5094 baa,
368 5031 420 5082 etc.
439 5025 523 5080 Rom.
540 5019 610 5078 edit.
627 5023 654 5075 et
669 5017 733 5074 Vat.
750 5033 872 5086 unus...
896 5019 1035 5090 proeaori-
1125 5019 1182 5091 (10)
1197 5019 1282 5076 Rom.
1314 5032 1383 5072 oum
1420 5015 1570 5090 plerisque
1598 5031 1706 5071 mss...
1740 5016 1911 5079 motationis,

211 5102 273 5156 cata
289 5098 406 5155 edictam
430 5092 606 5151 Abstinentiae
625 5091 679 5157 lec,
704 5093 760 5146 etc.
786 5089 946 5146 Nobiscum
968 5106 1035 5148 vero
1089 5092 1119 5145 et
1145 5106 1214 5146 oum
1241 5087 1393 5156 nonnulis,
1410 5128 1484 5144 .....
1497 5095 1614 5146 mamre.
1649 5090 1712 5143 Vct.
1748 5086 1818 5142 edit.
1847 5099 1909 5141 cum

212 5170 323 5227 iaciunt
336 5168 461 5236 Thoan,
478 5166 590 5230 Germ,
605 5162 691 5226 vna,
708 5161 800 5218 Laud.
816 5163 845 5216 et
857 5160 937 5218 Golb.
960 5161 1034 5218 Rur·
1090 5177 1163 5218 mes.
1187 5161 1319 5218 aliie...
1352 5176 1545 5231 magnam...
1583 5165 1703 5218 matura
1727 5158 1815 5217 Porro
1833 5155 1910 5212 neus

212 5257 264 5297 sue
280 5241 330 5297 uhi
345 5240 443 5314 plures
463 5255 535 5294 mss.
560 5251 594 5291 ac
619 5249 722 5290 omues
745 5233 826 5298 edit,
848 5233 954 5287 latebra
975 5242 1036 5305 post
1090 5236 1135 5288 est
1148 5231 1326 5304 quibusdem
1334 5229 1404 5287 viris
1413 5230 1507 5288 doctis
1518 5229 1565 5286 hic
1575 5226 1656 5286 locus
1666 5246 1732 5285 esee
1742 5232 1906 5301 corruptum

212 5313 315 5378 citare,
331 5316 456 5383 quatuor
471 5325 543 5366 mss.
565 5305 682 5378 optime
709 5309 795 5372 note,
819 5303 947 5360 illecebra
973 5309 1036 5376 port
1090 5320 1159 5360 cum
1174 5303 1224 5361 ubi
1240 5303 1350 5361 habeut
1362 5301 1540 5379 exemplaria
1553 5305 1663 5367 nostra,
1678 5303 1718 5358 Et
1729 5302 1838 5358 sanitae
1849 5303 1910 5358 roa:

211 5383 315 5438 cibam.
1090 5375 1182 5443 aera,
1197 5376 1282 5449 var.
1298 5378 1328 5431 at
1350 5375 1425 5448 Aug.
1455 5373 1594 5440 scribant,
1623 5373 1658 5429 st
1681 5373 1841 5429 occimense
1862 5370 1907 5422 tna

248 5453 287 5524 (l)
301 5453 363 5508 Vct.
380 5452 462 5517 edit..
483 5449 553 5522 qaod
579 5465 651 5506 eras.
680 5450 775 5518 ltaque
801 5444 867 5502 dam
892 5461 977 5518 capra
1011 5452 1036 5504 te
1089 5448 1174 5504 citior
1188 5449 1324 5505 amca.
1340 5445 1394 5503 Ubi
1411 5445 1602 5502 manifestum
1612 5447 1723 5500 esteos
1742 5460 1800 5501 nou
1822 5449 1906 5511 taam

212 5524 402 5652 {camellariae
425 5523 524 5648 Bitiis
539 5537 657 5648 eiiii?
670 5517 813 5648 cciiiiii
835 5518 1036 5663 zaeffljeupaffilig
1091 5519 1242 5648 {adgressas
1254 5517 1371 5592 legisse.
1393 5517 1429 5574 lit
1453 5517 1528 5575 torte
1544 5533 1603 5574 uon
1623 5514 1710 5573 aliter
1732 5513 1833 5588 legerit
1849 5511 1907 5582 ipse

237 5613 424 5652 o.xuno
506 5635 512 5648 .
638 5631 645 5646 .
995 5608 1004 5646 ι
1118 5607 1274 5650 mroerue.

212 5665 292 5732 huic,
308 5667 414 5738 partim
429 5662 489 5720 illis
504 5663 655 5732 accedunt,
677 5661 708 5717 in
730 5660 839 5736 quibus
859 5665 957 5720 tamea
982 5661 1037 5718 ali·
