4159 6184
295 320 357 395 ati
825 344 830 356 -
1027 314 1063 381 a
1084 312 1275 383 iumoaii
1438 297 1448 307 '
1908 330 1956 395 ω

298 474 392 519 serere
406 470 481 531 qnos
495 450 586 515 tantis
599 450 753 514 hanelloils
766 449 829 513 auli
838 464 932 527 usque
947 448 984 510 cd
999 450 1123 526 pramis
1135 468 1164 539 Α
1177 452 1251 509 ratio
1265 450 1377 511 arbitra
1390 449 1548 527 meionis,
1563 466 1652 525 qum
1665 452 1762 527 pneiio
1779 463 1955 531 :praemunt

295 551 467 623 prosecutus
482 548 550 605 esti
564 546 644 603 inter
657 547 701 601 tot
716 542 857 601 hereticis
885 540 937 599 Del
961 556 1033 599 num
1058 556 1120 597 ma·
1175 556 1234 614 que
1247 542 1460 615 quodjudioat‚
1481 555 1573 617 quani
1601 544 1679 617 qnod
1700 543 1806 617 judicio
1825 550 1956 623 entim

294 640 411 695 tuendas
424 640 494 694 aunt
508 634 613 707 aliquae
628 632 807 691 accusatoris
822 630 959 689 inaidlai
980 630 1036 689 sed
1052 630 1120 702 quin
1175 634 1230 686 att.
1247 630 1347 703 Neque
1360 630 1442 688 enim
1458 628 1525 689 llari
1540 634 1646 705 potest,
1666 634 1814 693 ntratinnn
1825 637 1955 699 sitnelinn

294 727 401 785 audeat
414 740 553 783 accusare
567 738 641 795 quoe
655 721 762 780 electos
776 721 877 778 divino
893 716 1121 790 cernitjudioiot
1175 719 1255 790 quod
1271 723 1317 776 aet
1334 719 1546 777 irrationabile.
1562 720 1656 779 liniis
1678 737 1748 796 erqo
1768 723 1796 780 in
1809 740 1839 782 aa
1853 742 1958 787 ramma

294 818 370 876 llum
385 814 463 873 Deus
477 814 562 871 Pater
576 813 639 885 ipss
654 811 704 885 qui
719 809 853 879 eontulit,
866 812 960 882 potest
974 808 1121 864 donnana
1174 807 1318 865 rationem
1333 824 1419 867 suani
1434 810 1488 883 qni
1502 807 1637 883 seqnitur
1647 810 1762 881 laum,
1772 817 1799 869 at
1809 813 1837 871 iu
1849 830 1896 873 ino
1906 818 1958 875 ilc·

294 905 469 968 rescindere,
485 904 514 959 et
528 916 601 974 qiios
616 901 773 973 adoptione
792 898 931 971 suscepit,
946 912 998 954 eoa
1026 911 1044 952 a
1067 910 1119 968 pa·
1174 899 1225 952 ctu
1244 897 1399 969 premium
1410 901 1439 954 at
1451 899 1578 971 gratiam
1591 915 1598 954 :
1613 898 1729 956 etiamsi
1742 900 1812 959 iluna
1837 905 1958 974 anemae,

292 992 366 1051 terni
381 992 501 1050 allectus
516 988 772 1063 grstiarelegare‘i
798 988 855 1045 Sed
882 991 979 1044 metus
1009 988 1056 1041 eet
1082 998 1120 1039 na
1172 982 1277 1041 heatus
1290 989 1390 1043 tumui
1406 986 1680 1056 eatinismorihue,
1700 988 1799 1046 δοοὶιιι
1811 989 1878 1064 ipaia
1898 996 1955 1066 peri·

288 1082 379 1155 judex
389 1079 515 1137 savarini
529 1078 578 1136 eit.
589 1080 748 1137 Considera
760 1075 986 1148 quemjudieem
996 1073 1117 1130 habene.
1173 1073 1259 1142 culis,
1273 1075 1353 1132 siout
1365 1076 1508 1134 hominm
1526 1076 1668 1145 definivit,
1684 1076 1801 1135 dicent:
1817 1100 1829 1131 ι
1843 1080 1910 1137 liciti
1921 1084 1960 1154 qui

290 1169 400 1240 Nempe
409 1168 524 1224 Christo
538 1167 619 1223 dedit
634 1170 718 1222 Pater
730 1181 816 1221 omne
828 1162 987 1235 judicium.
1013 1160 1120 1220 Poterit
1172 1165 1405 1236 persecutionum
1417 1166 1572 1239 patiuntur
1584 1169 1702 1239 propter
1716 1166 1855 1237 justititia
1874 1170 1957 1239 (loct.

290 1261 319 1313 te
332 1270 401 1331 ergo
416 1256 466 1313 ille
480 1257 630 1325 damnare,
652 1270 741 1328 quein
761 1252 918 1309 redemite
937 1255 1042 1319 morte,
1066 1264 1119 1318 pro
1173 1266 1201 1320 v,
1217 1252 1274 1323 10).
1289 1274 1304 1303 u

291 1360 349 1419 quo
362 1360 394 1402 sa
404 1344 522 1415 obtulit,
537 1344 623 1416 eujus
638 1343 726 1399 vitem
741 1358 801 1399 sue
824 1340 927 1398 mortis
954 1339 1118 1395 mercedem

291 1448 356 1493 esse
377 1433 550 1507 cognoscit?
575 1432 677 1489 Nonne
705 1432 797 1488 dicet:
820 1452 834 1481 n
850 1430 918 1494 Quia
946 1427 1059 1485 utilitas
1088 1427 1119 1482 in

290 1522 435 1598 sangnine
445 1538 511 1579 inae
521 1522 606 1593 (Pani.
619 1537 696 1589 xxix,
714 1522 766 1592 lo),
780 1540 793 1569 η
806 1518 946 1576 aidamno
957 1532 1046 1589 quein
1056 1516 1120 1589 ipae

289 1604 1119 1681 salvavi?Deindeconsideresjudioem,nnnconsiderat

289 1700 478 1759 advocatum.
492 1700 591 1756 Potest
606 1699 662 1755 isto
678 1698 828 1754 saniorem
841 1697 916 1753 lerra
931 1693 1118 1771 senteutiam,

289 1789 340 1862 qul
357 1784 543 1861 interpellem
558 1802 616 1843 non
626 1786 746 1855 decinit,
764 1789 796 1841 ut
812 1790 937 1857 paterne
950 1781 1119 1839 reconcilia·

289 1876 380 1934 tionis
393 1877 424 1932 ia
441 1890 496 1933 nos
510 1876 676 1933 conteratur
694 1873 816 1947 gratini

1208 1383 1254 1443 28.
1269 1383 1321 1443 liat
1333 1402 1403 1461 ergo
1422 1387 1508 1445 beata
1518 1385 1579 1444 vita
1594 1383 1624 1445 iii
1640 1386 1817 1456 hominihus,
1835 1388 1880 1446 sed
1895 1388 1961 1449 inhia

1174 1472 1286 1531 seilicet
1313 1474 1344 1533 in
1370 1474 1480 1547 quihus
1514 1474 1601 1533 tuerit
1626 1476 1754 1549 perlecta
1770 1475 1836 1533 sita.
1861 1476 1963 1536 Peiiaoti

1174 1567 1272 1621 autem
1288 1562 1348 1620 vita
1362 1580 1421 1620 non
1435 1563 1584 1623 sensibilis
1599 1564 1667 1633 ista,
1688 1566 1740 1622 sed
1752 1562 1802 1622 illa
1813 1566 1963 1625 rationabilii

1173 1652 1337 1710 secundum
1350 1653 1554 1711 tractationem
1570 1653 1693 1713 rationis
1706 1657 1736 1711 et
1756 1654 1858 1713 mentis
1881 1654 1962 1711 urici·

1172 1742 1282 1799 tatem:
1298 1741 1329 1797 in
1344 1758 1402 1817 quo
1417 1758 1476 1799 non
1487 1745 1533 1801 eet
1547 1738 1843 1817 poitiohominis,sed
1857 1742 1964 1816 perfectio

1133 1834 1157 1901 Β
1173 1846 1238 1902 qua
1253 1847 1312 1887 non
1326 1834 1387 1888 tani
1408 1832 1453 1889 est
1468 1830 1498 1887 in
1512 1830 1679 1889 conditione
1693 1830 1829 1900 hominis,
1843 1848 1921 1905 quain
1941 1828 1964 1889 in

607 1963 724 2021 CAPUT
738 1963 788 2020 vu
1171 1919 1351 1992 operatione.
1367 1918 1407 1977 lia
1420 1918 1498 1976 enim
1514 1918 1633 1979 boeium
1648 1919 1730 1977 iacit.
1742 1916 1813 1977 Huic
1834 1916 1965 1993 igitnriiro

289 2054 497 2113 mmm
511 2053 680 2109 mmm
706 2002 869 2109 minum
908 2051 938 2105 ut
962 2048 1051 2105 mnis
1070 2047 1118 2103 aa·
1171 2006 1302 2081 quidest
1319 2005 1440 2077 honum,
1456 2004 1965 2081 nlaiipsesibiquodhahet,ctadut

324 2128 440 2185 „mim
461 2124 568 2183 cmo
583 2140 751 2197 mmmm
767 2140 830 2179 mm
848 2092 907 2178 ,ἠὺ
926 2136 983 2177 ,m
1001 2122 1116 2176 mim,
1170 2093 1197 2154 ei
1213 2094 1268 2155 hoc
1281 2096 1404 2161 honum.
1415 2100 1444 2154 et
1457 2113 1547 2155 eausa
1557 2094 1584 2153 ei
1592 2098 1648 2155 erit
1656 2096 1822 2155 futurorum
1831 2094 1963 2155 honorum?

322 2203 370 2255 tor
385 2198 463 2255 hecto
490 2198 562 2255 vitu:
591 2198 698 2253 hactum
726 2197 803 2252 enim
821 2196 907 2251 otiam
938 2193 1059 2265 reperiri
1086 2192 1117 2246 ia
1171 2186 1212 2245 De
1227 2184 1285 2243 hoc
1303 2186 1380 2244 hono
1395 2184 1486 2243 dixit:
1502 2186 1660 2245 Salomon:
1676 2184 1966 2259 «Biheaquumdctuii

325 2266 492 2353 'tilmim'bl‘h
503 2266 740 2351 millitiswil
754 2267 959 2353 {timiditati
976 2265 1003 2317 θΐ
1019 2264 1048 2317 ῑη
1063 2276 1116 2333 l¹l⁰
1173 2274 1263 2344 vaula,
1274 2279 1302 2333 et
1313 2274 1348 2332 da
1363 2280 1519 2349 puteorum
1534 2280 1653 2335 tuorum
1668 2272 1968 2347 iontihue.liuperhuint

323 2340 381 2397 ΜΟ
403 2342 545 2396 mmm·
579 2342 705 2410 [ΜΨ
732 2352 826 2394 ”mm
852 2337 1004 2409 mmm
1031 2347 1116 2405 ‘m
1171 2360 1226 2421 tihi
1243 2379 1324 2437 aque
1340 2362 1376 2421 da
1395 2361 1555 2421 tuolonte:
1572 2362 1603 2421 iu
1618 2367 1685 2421 tuus
1702 2357 1966 2439 autemplatenedie

324 2427 404 2467 cuiue
419 2426 512 2467 omnes
526 2426 559 2465 cc
572 2424 783 2467 oerumancesce
794 2412 924 2481 potitum.
1343 2452 1349 2463 .
1419 2450 1456 2463 ..
1520 2453 1526 2464 .
1632 2452 1637 2463 .
1907 2448 1912 2459 .

312 2498 368 2555 Ἢ.
383 2498 439 2555 Sed
455 2497 508 2555 etsi
519 2512 578 2569 qua
596 2496 785 2553 imminerent
799 2494 909 2569 gravia,
926 2506 1115 2566 nequequam
1170 2456 1299 2552 wfnt'
1320 2452 1386 2553 ειμι
1397 2452 1458 2553 ,ιὼι
1473 2450 1529 2512 ⁸⁰¹¹
1545 2456 1724 2523 mmmm
1737 2456 1767 2554 οἳ
1782 2468 1864 2552 ῃῗαῗο
1881 2449 1968 2551 ΜΨ

1170 2545 1315 2620 particeps
1335 2540 1448 2600 sittibl.
1469 2542 1546 2603 Fons
1561 2557 1643 2615 aque
1663 2546 1723 2600 tues
1739 2546 1779 2601 sit
1796 2541 1847 2599 tihi
1859 2553 1969 2613 propitii

288 2579 1115 2659 mfflmmmmmwmmm
1583 2630 1694 2646 Ι..

287 2688 346 2734 non
356 2676 446 2733 etiam
461 2676 536 2733 dura
549 2679 578 2731 at
590 2677 696 2731 noarha
709 2673 880 2740 toleremus.
895 2671 947 2744 tlui
962 2686 1014 2743 pro
1028 2668 1115 2725 nohis
1169 2629 1263 2703 (va'
1278 2647 1306 2699 ν’
1324 2628 1432 2703 1548)
1450 2652 1465 2682 ’'
1480 2630 1566 2688 Uim
1581 2635 1672 2705 ¹ss¹t¹¹l
1685 2630 1888 2689 ¹⁰20P110b⁰⁰⁰
1908 2631 1956 2684 Μ·

286 2768 347 2822 lain
363 2765 485 2838 indigna
499 2763 649 2837 suscepit?
663 2764 790 2835 ideoque
804 2762 891 2820 dehet
905 2760 935 2815 in
950 2758 1035 2815 nohis
1050 2770 1116 2813 οοοο
1202 2763 1249 2819 30.
1270 2758 1485 2821 theudisclum
1504 2766 1605 2819 numni
1620 2764 1692 2821 hani
1712 2764 1805 2835 haina
1822 2760 1969 2827 mnlmcu,

288 2850 429 2919 charitas,
445 2859 479 2909 ut
490 2852 580 2909 nullis
592 2851 731 2925 perieulis
749 2864 928 2915 revocemur,
948 2863 966 2904 a
982 2846 1114 2925 phileto.
1168 2851 1308 2923 qnoniam
1323 2852 1374 2924 qui
1389 2850 1487 2922 hahet,
1507 2850 1567 2911 nlla
1584 2866 1644 2909 non
1662 2853 1801 2926 requirit.
1816 2851 1887 2920 outd
1908 2848 1970 2905 eain

289 2942 498 3014 scriptumest
512 2940 609 2997 euim:
627 2963 641 2991 u
667 2946 751 3011 equa
771 2938 869 2995 multa·
879 2932 1033 2993 excludere
1054 2948 1114 2989 non
1168 2938 1308 3012 requirat,
1341 2940 1393 3012 qul
1419 2939 1558 2997 interiora
1576 2939 1731 3014 despicit?
1754 2934 1971 2999 immanitates

289 3026 619 3102 poteritcharitatem‚at
631 3026 755 3083 flumina
765 3042 822 3083 non
833 3024 1009 3083 concludent
1021 3036 1088 3079 acm
1099 3042 1114 3072 ο
1167 3028 1268 3085 autem
1281 3026 1431 3097 inharnat,
1443 3028 1522 3086 sicut
1534 3029 1680 3103 eoiiptnm
1696 3034 1764 3087 eet:
1777 3020 1903 3087 «deme
1914 3021 1972 3082 imi·

288 3118 382 3192 (dcet.
397 3134 458 3185 viii,
471 3114 519 3189 i),
536 3115 606 3189 qula
627 3120 787 3173 torrentem
799 3114 906 3172 transit
921 3112 1020 3169 anima
1046 3110 1114 3166 dili·
1168 3112 1244 3173 uitta
1256 3120 1287 3174 at
1310 3116 1412 3189 pullus
1428 3117 1592 3191 gratiaram
1610 3114 1824 3177 amittutetni
1843 3116 1893 3172 titi
1907 3112 1972 3185 (ed.

288 3207 393 3282 gnatia
410 3204 678 3278 Nullatampestes,
692 3202 992 3277 nullnmprolunduiu
1003 3200 1116 3274 paiiou·
1130 3202 1154 3270 c
1172 3204 1227 3278 lt).
1247 3225 1259 3255 a
1275 3204 1519 3265 Amicitiuntem
1532 3206 1677 3280 mnnadat
1691 3212 1733 3279 te,
1747 3210 1843 3265 etuas
1850 3204 1973 3263 ailitem

287 3295 361 3367 lum,
377 3294 478 3352 nullus
493 3297 587 3351 terror
600 3292 704 3349 moitis
719 3297 770 3350 nat
784 3306 875 3365 pene
889 3292 949 3348 vim
962 3287 1116 3347 charitttis
1168 3293 1199 3350 lii
1210 3294 1295 3371 ‘omni
1311 3298 1450 3367 impote.
1470 3295 1644 3353 Baiiaenlni
1654 3296 1803 3353 virtutum
1815 3292 1974 3357 amicitiast

289 3382 450 3442 imminuit.
467 3378 503 3438 ln'
529 3382 576 3439 his
601 3381 681 3438 enini
706 3382 875 3454 probamur,
904 3380 934 3436 in
961 3378 1041 3436 m
1068 3376 1115 3434 hia
1168 3380 1601 3442 tummihunlohtritta.liihll
1615 3383 1720 3458 itaqua
1733 3380 1975 3456 illuderemur

290 3472 374 3529 heote
387 3472 514 3541 illaesi,
529 3471 645 3527 etiamsi
660 3470 763 3527 multis
778 3467 916 3543 periculis
929 3468 1100 3524 inundetur.
1168 3472 1262 3528 icotai
1274 3470 1333 3542 illa,
1348 3471 1405 3528 niel
1418 3469 1516 3531 salum
1530 3476 1561 3531 tt
1575 3468 1751 3544 praelamm
1767 3473 1876 3529 honum
1890 3509 1897 3523 .
1912 3465 1976 3524 dade

322 3560 368 3615 28.
383 3560 446 3617 licii
462 3559 541 3615 anim
556 3558 701 3633 inungitur
713 3559 832 3631 sapiens
846 3555 997 3615 doloribus
1011 3568 1114 3627 corpo·
1166 3562 1198 3617 et
1213 3560 1287 3617 dicit
1301 3576 1309 3617 :
1324 3579 1340 3611 o
1357 3554 1451 3618 Unam
1467 3560 1538 3633 petii
1552 3559 1721 3628 chemino,
1738 3561 1817 3617 hene
1831 3556 1975 3631 acquiram

289 3646 413 3720 aloiti),
430 3662 484 3705 nee
500 3652 622 3705 vexatur
640 3648 855 3705 incommodis:
883 3646 934 3704 aad
963 3645 1054 3701 eham
1082 3643 1113 3699 in
1167 3652 1200 3703 ul
1212 3647 1374 3705 inhabitam
1387 3649 1419 3705 ia
1432 3648 1833 3707 domolioininlamnesdiaa
1841 3647 1975 3708 utente.

288 3736 429 3794 arumnis
440 3737 543 3793 huntus
555 3740 663 3794 manet.
674 3736 775 3809 Neque
787 3736 865 3793 anim
877 3734 998 3791 adversa
1007 3746 1113 3805 corpo·
1166 3739 1197 3792 at
1208 3736 1324 3793 udam
1337 3736 1563 3795 delectationem
1581 3736 1701 3795 henaim
1730 3739 1819 3811 (rut
1834 3748 1907 3800 nti,
1920 3732 1975 3799 ll.»

288 3822 329 3882 rie
343 3825 407 3881 vite
423 3824 513 3881 beate
527 3840 637 3882 munus
652 3824 845 3891 imminuunt,
873 3836 967 3894 neque
990 3822 1026 3879 da
1046 3822 1112 3892 ejus
1166 3823 1341 3898 liquorem
1348 3820 1976 3901 tanquamauguatumiaopemquelaattdiii,

287 3913 430 3970 enaritate
440 3912 552 3985 aliquid
568 3913 709 3981 delibant,
726 3912 797 3986 quia
811 3926 869 3967 nnn
880 3912 911 3967 in
921 3910 1113 3967 delectatione
1166 3913 1236 3986 qnia
1255 3914 1345 3971 uulua
1358 3913 1428 3971 linui
1443 3914 1523 3972 velut
1533 3914 1666 3973 eolltatia
1680 3916 1824 3973 societate
1845 3912 1978 3970 mutentur

287 4001 418 4074 eorporis
432 4000 498 4058 vite
514 4002 666 4059 beatitudo
680 4004 735 4068 est,
749 4000 839 4057 eadin
855 3998 1114 4072 consolemlnpura
1166 4002 1216 4058 sit.
1232 4002 1329 4074 liniue
1353 4003 1433 4060 enirn
1460 4002 1592 4061 amicitie
1611 4002 1833 4071 circumdatus,
1854 3998 1979 4075 marinii

286 4089 418 4148 ahumai
435 4089 500 4147 laha
515 4090 635 4163 peccati,
650 4092 680 4146 et
693 4090 723 4145 in
738 4090 804 4161 ejus
816 4092 923 4154 niente.
940 4088 989 4161 qni
1005 4102 1113 4161 cogno-
1164 4089 1232 4148 cite.
1255 4091 1394 4148 thnndat
1418 4091 1499 4149 enim
1514 4092 1691 4164 huhtmodl
1712 4092 1779 4150 alio
1792 4091 1831 4148 nd
1844 4081 1980 4145 heatitudi-

286 4178 343 4235 scit
356 4177 427 4251 quia
446 4179 521 4250 quod
548 4176 658 4234 honum
680 4182 735 4243 est,
762 4176 817 4235 hoc
836 4175 971 4245 delectui,
995 4176 1112 4233 etiamsi
1165 4194 1233 4237 nem
1244 4183 1276 4236 at
1285 4181 1325 4237 ad
1337 4179 1555 4253 poesaasioneth
1574 4180 1644 4237 honi
1661 4196 1669 4249 ;
1685 4184 1720 4237 at
1737 4180 1808 4237 ideo
1830 4175 1901 4235 nihil
1918 4166 1981 4229 alind

285 4280 422 4340 ceperum
437 4267 486 4337 eit,
502 4267 581 4340 quod
596 4271 695 4323 eniam
710 4266 891 4334 indecorum,
905 4264 1023 4323 etiamsi
1041 4279 1114 4323 aua·
1164 4267 1324 4326 deciderat.
1341 4264 1421 4327 «m
1432 4268 1513 4327 ttihil
1525 4269 1602 4327 auita
1612 4270 1705 4341 qnasi
1716 4281 1831 4326 notum
1844 4260 1981 4335 eupsetet,

287 4368 331 4423 ia,
347 4372 407 4413 uon
417 4355 537 4413 mulcet.
557 4356 632 4429 llrgo
647 4368 736 4415 causa
750 4355 824 4412 hena
837 4352 951 4411 avendi
973 4368 1033 4410 non
1061 4353 1113 4410 da·
1164 4356 1215 4429 qui
1227 4357 1332 4413 omnic
1341 4357 1438 4415 hahet.
1450 4357 1529 4415 ltihll
1540 4361 1588 4415 ast
1600 4356 1682 4414 euim
1696 4358 1773 4415 honi
1787 4355 1867 4431 quod
1877 4348 1981 4410 authu

286 4442 402 4499 laetatio
416 4442 586 4516 corporalis,
603 4444 654 4500 sad
670 4444 778 4500 mentis
792 4442 947 4515 prudentia
961 4446 1028 4499 est:
1052 4456 1111 4498 non
1163 4445 1248 4502 lieet:
1268 4458 1322 4503 neo
1343 4446 1502 4518 nnpefflma
1525 4445 1700 4515 delectatur,
1730 4447 1785 4503 aed
1811 4434 1979 4501 necessariis.

286 4546 354 4587 caro
368 4548 433 4605 qne
447 4532 579 4606 subjecta
594 4535 638 4588 est
652 4528 849 4604 passioniped
864 4546 948 4589 mens
958 4531 1111 4605 quajudi·
1127 4537 1194 4633 net
1210 4550 1246 4591 au
1259 4535 1324 4607 ipso
1339 4535 1505 4592 ascensorio
1518 4535 1598 4609 quod
1616 4545 1679 4592 hoa
1696 4535 1770 4604 aihl,
1790 4532 1843 4593 tad
1856 4528 1933 4589 cami
1943 4522 1981 4581 ti·

286 4623 333 4676 cat
343 4618 414 4693 quia
427 4618 500 4676 nihil
520 4620 626 4677 melina
651 4617 785 4687 deleniat,
811 4636 900 4693 quam
919 4619 1111 4677 consiliorum
1164 4622 1287 4680 heronii
1300 4624 1360 4682 sihi
1375 4625 1577 4681 damnantium
1589 4624 1646 4681 alti
1665 4624 1762 4697 idque
1781 4620 1911 4693 indulget
1922 4607 1983 4689 qaod

286 4708 425 4766 honestas
440 4712 469 4765 et
484 4724 607 4783 operum
635 4708 834 4781 pulchritudo.
860 4709 900 4767 lla
913 4708 1004 4783 igitur
1017 4710 1111 4766 hesta
1164 4710 1366 4769 abinteiinria
1379 4709 1510 4769 homlma
1520 4711 1744 4786 propositouon
1757 4710 1913 4783 discrepet,
1922 4696 1985 4777 qnod

286 4797 431 4873 interpres
446 4802 491 4855 est
505 4796 581 4855 cita.
599 4795 701 4855 ldellnr
714 4800 761 4855 est
774 4798 851 4854 enim
881 4798 1038 4871 prudentia
1066 4795 1111 4855 val
1164 4798 1256 4857 meiat
1267 4804 1429 4874 utrumque
1444 4813 1551 4874 unum,
1571 4804 1603 4858 et
1634 4796 1813 4858 iaoeuclliet
1839 4794 1987 4854 interum

321 4930 364 5003 (οι

285 5002 320 5060 ..
337 4929 652 5061 ..tinctitiis
667 4931 1112 5060 titiitdiiiiieiiic
1165 4933 1415 5061 iuditii
1429 4931 1839 5061 ...,.3.....,3..3..
1853 4922 1988 5051 ...pp

284 5073 434 5158 religionis
447 5021 594 5148 dogmatis
608 5046 753 5157 nituntur,
768 5074 972 5159 verumetiam
984 5076 1111 5135 maxima
1165 5078 1240 5134 sent.
1256 5022 1287 5135 ξι
1306 5020 1703 5136 ἶῖιιίὀυζοὲξῗίἶῖιοοίῐιῖἰιιῗ
1716 5014 1987 5133 οἷοῃοιιῗῗοορῗορωοῦ·

283 5144 608 5229 οοωιρὴιιίοοορὴοουω
624 5145 740 5227 placitis
759 5151 944 5203 conveniunt.
957 5146 992 5205 lli
1002 5147 1111 5222 qnippe
1165 5146 1289 5218 aionem,
1305 5146 1342 5207 de
1355 5163 1415 5223 qua
1428 5146 1590 5223 loquimur,
1600 5143 1750 5221 pleninae
1793 5136 1989 5211 noscuiitltttt

283 5215 969 5301 beatitudiuemincorporisexterniavehonis,
988 5236 1053 5293 qua
1074 5234 1110 5276 ne
1164 5221 1377 5278 secundumae
1401 5220 1518 5280 tertiam
1533 5216 1634 5303 Queat.
1666 5220 1748 5277 Tnec.
1799 5212 1929 5277 iceronlu
1946 5200 1987 5285 ⁵05¹

283 5286 425 5369 honorum
442 5288 573 5373 quidem,
589 5290 1110 5347 sedtantumoommodorumnomi·
1164 5307 1223 5363 pre
1238 5292 1350 5349 ceteris
1377 5290 1638 5363 quintam,inqua
1676 5274 1989 5363 eraleganieroetcndit

284 5370 321 5439 nne
336 5358 609 5431 dignanturstoici,
630 5361 770 5443 haudque
792 5376 859 5445 uam
875 5360 1035 5444 copsistere
1052 5361 1110 5444 ini-
1164 5362 1342 5419 idrtntemod
1357 5361 1423 5419 teia
1438 5362 1587 5419 moenitum
1600 5363 1645 5419 sac
1731 5376 1786 5418 cce.
1814 5354 1895 5425 Quod
1978 5372 1987 5382 ·

284 5426 365 5510 rillce
386 5428 610 5515 demonstr-pun
633 5448 666 5489 uo
682 5448 765 5505 proin
789 5448 812 5515 e·
831 5447 891 5489 sive
907 5446 973 5505 ipsa
1000 5432 1108 5501 adsint,
1165 5437 1296 5491 mentum
1320 5432 1415 5505 magis
1439 5432 1646 5507 compendiose
1674 5377 1842 5491 ahoaodam
1864 5425 1990 5483 unatim

284 5500 466 5580 eivaflademt,
482 5503 602 5584 perinde
616 5503 725 5559 esscnd
737 5503 1035 5575 beatitudinemque
1051 5520 1111 5561 una
1163 5502 1194 5559 in
1208 5514 1243 5561 eo
1257 5498 1403 5578 paradoxo
1422 5506 1509 5578 cujus
1521 5499 1632 5563 lemma
1652 5508 1728 5563 eet:
1754 5514 1813 5563 ‘ou
1839 5505 1956 5569 οῠοᾰριοο
1975 5490 1991 5552 ⁴·

284 5585 314 5625 in
330 5575 439 5653 virtute
452 5576 546 5643 posita
561 5580 609 5629 eit.
626 5574 749 5630 Pulchre
764 5590 844 5642 eane,
861 5574 918 5631 nisi
944 5572 1110 5632 doctrinam
1162 5580 1240 5649 epact
1254 5584 1314 5649 πρὸς
1330 5579 1498 5649 otheninum.

285 5656 369 5697 auam
384 5657 441 5713 ipsi
456 5642 589 5700 doctores
604 5645 693 5701 animi
711 5648 826 5703 tumore
841 5650 928 5720 atque
942 5647 1111 5720 arrogantia
