<?xml version="1.0" encoding="UTF-8"?>
<!DOCTYPE html PUBLIC "-//W3C//DTD XHTML 1.0 Transitional//EN"
    "http://www.w3.org/TR/xhtml1/DTD/xhtml1-transitional.dtd">
<html xmlns="http://www.w3.org/1999/xhtml" xml:lang="en" lang="en">
 <head>
  <title>
</title>
<meta http-equiv="Content-Type" content="text/html;charset=utf-8" />
  <meta name='ocr-system' content='tesseract 3.04.00' />
  <meta name='ocr-capabilities' content='ocr_page ocr_carea ocr_par ocr_line ocrx_word'/>
</head>
<body>
  <div class='ocr_page' id='page_1' title='image "./patrologiaecurs31goog_0328.png"; bbox 0 0 4159 6184; ppageno 0'>
   <div class='ocr_carea' id='block_1_1' title="bbox 262 277 1925 379">
    <p class='ocr_par' dir='ltr' id='par_1_1' title="bbox 262 277 1925 379">
     <span class='ocr_line' id='line_1_1' title="bbox 262 277 1925 379; baseline 0.006 -10"><span class='ocrx_word' id='word_1_1' title='bbox 262 304 324 372; x_wconf 85' lang='lat' dir='ltr'><strong>au</strong></span> <span class='ocrx_word' id='word_1_2' title='bbox 782 340 784 347; x_wconf 25' lang='grc' dir='ltr'>ι</span> <span class='ocrx_word' id='word_1_3' title='bbox 992 302 1026 369; x_wconf 86' lang='lat' dir='ltr'><strong>a.</strong></span> <span class='ocrx_word' id='word_1_4' title='bbox 1047 303 1234 372; x_wconf 79' lang='lat' dir='ltr'><strong>aunnosu</strong></span> <span class='ocrx_word' id='word_1_5' title='bbox 1802 277 1808 295; x_wconf 88' lang='grc'><strong><em>’</em></strong></span> <span class='ocrx_word' id='word_1_6' title='bbox 1877 316 1925 379; x_wconf 84' lang='lat' dir='ltr'><strong>aa</strong></span> 
     </span>
    </p>
   </div>
   <div class='ocr_carea' id='block_1_2' title="bbox 165 435 1939 3084">
    <p class='ocr_par' dir='ltr' id='par_1_2' title="bbox 165 435 1939 3084">
     <span class='ocr_line' id='line_1_2' title="bbox 263 435 1927 517; baseline -0.001 -17"><span class='ocrx_word' id='word_1_7' title='bbox 263 446 343 507; x_wconf 89' lang='lat' dir='ltr'><strong>sunt,</strong></span> <span class='ocrx_word' id='word_1_8' title='bbox 359 438 436 512; x_wconf 88' lang='lat' dir='ltr'><strong>qued</strong></span> <span class='ocrx_word' id='word_1_9' title='bbox 448 438 597 510; x_wconf 85' lang='lat' dir='ltr'><strong>juniorem</strong></span> <span class='ocrx_word' id='word_1_10' title='bbox 612 436 707 495; x_wconf 89' lang='lat' dir='ltr'><strong>fllium</strong></span> <span class='ocrx_word' id='word_1_11' title='bbox 723 435 831 494; x_wconf 86' lang='lat' dir='ltr'><strong>seniori</strong></span> <span class='ocrx_word' id='word_1_12' title='bbox 845 437 1086 510; x_wconf 82' lang='lat' dir='ltr'><strong>pretuleriat.Si·</strong></span> <span class='ocrx_word' id='word_1_13' title='bbox 1099 442 1128 508; x_wconf 71' lang='lat' dir='ltr'>A</span> <span class='ocrx_word' id='word_1_14' title='bbox 1141 446 1196 513; x_wconf 86' lang='lat' dir='ltr'><strong>est,</strong></span> <span class='ocrx_word' id='word_1_15' title='bbox 1211 445 1241 497; x_wconf 89' lang='lat' dir='ltr'><strong>et</strong></span> <span class='ocrx_word' id='word_1_16' title='bbox 1254 441 1333 498; x_wconf 87' lang='lat' dir='ltr'><strong>sieut</strong></span> <span class='ocrx_word' id='word_1_17' title='bbox 1346 456 1441 514; x_wconf 87' lang='lat' dir='ltr'><strong>agnus</strong></span> <span class='ocrx_word' id='word_1_18' title='bbox 1455 438 1493 497; x_wconf 85' lang='lat' dir='ltr'><strong>ad</strong></span> <span class='ocrx_word' id='word_1_19' title='bbox 1508 440 1669 497; x_wconf 74' lang='lat' dir='ltr'><strong>victimam.</strong></span> <span class='ocrx_word' id='word_1_20' title='bbox 1689 438 1769 499; x_wconf 77' lang='lat' dir='ltr'><strong>tissa</strong></span> <span class='ocrx_word' id='word_1_21' title='bbox 1779 442 1819 499; x_wconf 82' lang='lat' dir='ltr'><strong>ael</strong></span> <span class='ocrx_word' id='word_1_22' title='bbox 1830 445 1927 517; x_wconf 74' lang='lat' dir='ltr'><strong>publiea</strong></span> 
     </span>
     <span class='ocr_line' id='line_1_3' title="bbox 214 524 1928 604; baseline 0.004 -17"><span class='ocrx_word' id='word_1_23' title='bbox 214 524 221 533; x_wconf 87' lang='grc'><strong><em>’</em></strong></span> <span class='ocrx_word' id='word_1_24' title='bbox 262 529 324 587; x_wconf 90' lang='lat' dir='ltr'><strong>mul</strong></span> <span class='ocrx_word' id='word_1_25' title='bbox 338 526 551 594; x_wconf 87' lang='lat' dir='ltr'><strong>cavendum,ne</strong></span> <span class='ocrx_word' id='word_1_26' title='bbox 566 527 633 599; x_wconf 91' lang='lat' dir='ltr'><strong>quis</strong></span> <span class='ocrx_word' id='word_1_27' title='bbox 648 525 719 582; x_wconf 91' lang='lat' dir='ltr'><strong>dum</strong></span> <span class='ocrx_word' id='word_1_28' title='bbox 735 540 835 583; x_wconf 90' lang='lat' dir='ltr'><strong>eorum</strong></span> <span class='ocrx_word' id='word_1_29' title='bbox 847 525 974 583; x_wconf 90' lang='lat' dir='ltr'><strong>intendit</strong></span> <span class='ocrx_word' id='word_1_30' title='bbox 988 544 1085 584; x_wconf 88' lang='lat' dir='ltr'><strong>exem·</strong></span> <span class='ocrx_word' id='word_1_31' title='bbox 1140 529 1264 601; x_wconf 87' lang='lat' dir='ltr'><strong>parenti,</strong></span> <span class='ocrx_word' id='word_1_32' title='bbox 1279 528 1324 585; x_wconf 91' lang='lat' dir='ltr'><strong>vel</strong></span> <span class='ocrx_word' id='word_1_33' title='bbox 1348 529 1467 603; x_wconf 91' lang='lat' dir='ltr'><strong>populo,</strong></span> <span class='ocrx_word' id='word_1_34' title='bbox 1492 532 1577 603; x_wconf 80' lang='lat' dir='ltr'><strong>cujus</strong></span> <span class='ocrx_word' id='word_1_35' title='bbox 1602 533 1704 603; x_wconf 77' lang='lat' dir='ltr'><strong>typum</strong></span> <span class='ocrx_word' id='word_1_36' title='bbox 1718 532 1835 604; x_wconf 85' lang='lat' dir='ltr'><strong>gerebat,</strong></span> <span class='ocrx_word' id='word_1_37' title='bbox 1848 534 1928 594; x_wconf 88' lang='lat' dir='ltr'><strong>cibam</strong></span> 
     </span>
     <span class='ocr_line' id='line_1_4' title="bbox 260 612 1927 695; baseline 0.003 -22"><span class='ocrx_word' id='word_1_38' title='bbox 260 617 319 691; x_wconf 88' lang='lat' dir='ltr'><strong>plo,</strong></span> <span class='ocrx_word' id='word_1_39' title='bbox 334 614 470 688; x_wconf 90' lang='lat' dir='ltr'><strong>iniquum</strong></span> <span class='ocrx_word' id='word_1_40' title='bbox 486 615 562 671; x_wconf 90' lang='lat' dir='ltr'><strong>inter</strong></span> <span class='ocrx_word' id='word_1_41' title='bbox 576 613 652 671; x_wconf 85' lang='lat' dir='ltr'><strong>illios</strong></span> <span class='ocrx_word' id='word_1_42' title='bbox 666 612 774 671; x_wconf 89' lang='lat' dir='ltr'><strong>habeat</strong></span> <span class='ocrx_word' id='word_1_43' title='bbox 784 614 942 685; x_wconf 89' lang='lat' dir='ltr'><strong>judicium,</strong></span> <span class='ocrx_word' id='word_1_44' title='bbox 959 620 992 671; x_wconf 91' lang='lat' dir='ltr'><strong>ut</strong></span> <span class='ocrx_word' id='word_1_45' title='bbox 1012 614 1085 673; x_wconf 88' lang='lat' dir='ltr'><strong>alte·</strong></span> <span class='ocrx_word' id='word_1_46' title='bbox 1139 617 1243 677; x_wconf 86' lang='lat' dir='ltr'><strong>utilem</strong></span> <span class='ocrx_word' id='word_1_47' title='bbox 1253 616 1417 691; x_wconf 83' lang='lat' dir='ltr'><strong>judicabat,</strong></span> <span class='ocrx_word' id='word_1_48' title='bbox 1434 620 1513 691; x_wconf 91' lang='lat' dir='ltr'><strong>qued</strong></span> <span class='ocrx_word' id='word_1_49' title='bbox 1529 620 1628 677; x_wconf 87' lang='lat' dir='ltr'><strong>futura</strong></span> <span class='ocrx_word' id='word_1_50' title='bbox 1641 622 1686 676; x_wconf 90' lang='lat' dir='ltr'><strong>est</strong></span> <span class='ocrx_word' id='word_1_51' title='bbox 1699 619 1823 677; x_wconf 74' lang='lat' dir='ltr'>remissio</span> <span class='ocrx_word' id='word_1_52' title='bbox 1845 638 1927 695; x_wconf 77' lang='lat' dir='ltr'><strong>peom-</strong></span> 
     </span>
     <span class='ocr_line' id='line_1_5' title="bbox 259 702 1249 777; baseline 0 -16"><span class='ocrx_word' id='word_1_53' title='bbox 259 723 327 763; x_wconf 92' lang='lat' dir='ltr'><strong>rum</strong></span> <span class='ocrx_word' id='word_1_54' title='bbox 345 704 591 777; x_wconf 88' lang='lat' dir='ltr'><strong>posthabendum.</strong></span> <span class='ocrx_word' id='word_1_55' title='bbox 617 702 690 758; x_wconf 90' lang='lat' dir='ltr'><strong>llinc</strong></span> <span class='ocrx_word' id='word_1_56' title='bbox 717 703 796 759; x_wconf 90' lang='lat' dir='ltr'><strong>enim</strong></span> <span class='ocrx_word' id='word_1_57' title='bbox 825 704 990 760; x_wconf 77' lang='lat' dir='ltr'>excitantur</span> <span class='ocrx_word' id='word_1_58' title='bbox 1018 704 1086 760; x_wconf 87' lang='lat' dir='ltr'><strong>odia</strong></span> <span class='ocrx_word' id='word_1_59' title='bbox 1139 710 1249 763; x_wconf 90' lang='lat' dir='ltr'><strong>torum.</strong></span> 
     </span>
     <span class='ocr_line' id='line_1_6' title="bbox 260 790 1930 870; baseline 0.003 -20"><span class='ocrx_word' id='word_1_60' title='bbox 260 795 397 862; x_wconf 87' lang='lat' dir='ltr'><strong>fraterna,</strong></span> <span class='ocrx_word' id='word_1_61' title='bbox 422 796 451 849; x_wconf 93' lang='lat' dir='ltr'><strong>et</strong></span> <span class='ocrx_word' id='word_1_62' title='bbox 474 793 510 849; x_wconf 92' lang='lat' dir='ltr'><strong>de</strong></span> <span class='ocrx_word' id='word_1_63' title='bbox 532 790 598 847; x_wconf 91' lang='lat' dir='ltr'><strong>vilis</strong></span> <span class='ocrx_word' id='word_1_64' title='bbox 621 791 800 848; x_wconf 87' lang='lat' dir='ltr'><strong>incremento</strong></span> <span class='ocrx_word' id='word_1_65' title='bbox 826 793 955 865; x_wconf 84' lang='lat' dir='ltr'><strong>pecunie</strong></span> <span class='ocrx_word' id='word_1_66' title='bbox 971 793 1085 849; x_wconf 89' lang='lat' dir='ltr'><strong>facinus</strong></span> <span class='ocrx_word' id='word_1_67' title='bbox 1174 795 1202 850; x_wconf 79' lang='grc'><strong>9.</strong></span> <span class='ocrx_word' id='word_1_68' title='bbox 1227 795 1295 851; x_wconf 89' lang='lat' dir='ltr'><strong>Ideo</strong></span> <span class='ocrx_word' id='word_1_69' title='bbox 1322 795 1428 853; x_wconf 86' lang='lat' dir='ltr'><strong>stolam</strong></span> <span class='ocrx_word' id='word_1_70' title='bbox 1456 794 1568 868; x_wconf 85' lang='lat' dir='ltr'><strong>aceepit</strong></span> <span class='ocrx_word' id='word_1_71' title='bbox 1591 796 1690 853; x_wconf 88' lang='lat' dir='ltr'><strong>fratris</strong></span> <span class='ocrx_word' id='word_1_72' title='bbox 1713 796 1767 865; x_wconf 90' lang='lat' dir='ltr'><strong>sui,</strong></span> <span class='ocrx_word' id='word_1_73' title='bbox 1782 797 1844 870; x_wconf 87' lang='lat' dir='ltr'><strong>quia</strong></span> <span class='ocrx_word' id='word_1_74' title='bbox 1862 799 1930 855; x_wconf 85' lang='lat' dir='ltr'><strong>senili</strong></span> 
     </span>
     <span class='ocr_line' id='line_1_7' title="bbox 260 878 1931 959; baseline 0.002 -19"><span class='ocrx_word' id='word_1_75' title='bbox 260 880 431 959; x_wconf 77' lang='lat' dir='ltr'><strong>parricidale</strong></span> <span class='ocrx_word' id='word_1_76' title='bbox 446 878 753 952; x_wconf 78' lang='lat' dir='ltr'><strong>componiturltadem</strong></span> <span class='ocrx_word' id='word_1_77' title='bbox 769 880 863 937; x_wconf 87' lang='lat' dir='ltr'><strong>foveat</strong></span> <span class='ocrx_word' id='word_1_78' title='bbox 876 880 988 953; x_wconf 89' lang='lat' dir='ltr'><strong>prolem</strong></span> <span class='ocrx_word' id='word_1_79' title='bbox 1005 897 1085 939; x_wconf 88' lang='lat' dir='ltr'><strong>men·</strong></span> <span class='ocrx_word' id='word_1_80' title='bbox 1138 883 1297 956; x_wconf 77' lang='lat' dir='ltr'><strong>praestabat</strong></span> <span class='ocrx_word' id='word_1_81' title='bbox 1315 884 1459 957; x_wconf 87' lang='lat' dir='ltr'><strong>sapientia</strong></span> <span class='ocrx_word' id='word_1_82' title='bbox 1475 900 1482 940; x_wconf 73' lang='grc' dir='ltr'>ι</span> <span class='ocrx_word' id='word_1_83' title='bbox 1498 884 1564 943; x_wconf 86' lang='lat' dir='ltr'><strong>ideo</strong></span> <span class='ocrx_word' id='word_1_84' title='bbox 1583 885 1686 956; x_wconf 81' lang='lat' dir='ltr'><strong>iunior</strong></span> <span class='ocrx_word' id='word_1_85' title='bbox 1708 884 1791 943; x_wconf 84' lang='lat' dir='ltr'><strong>irater</strong></span> <span class='ocrx_word' id='word_1_86' title='bbox 1810 887 1931 945; x_wconf 86' lang='lat' dir='ltr'><strong>seniorem</strong></span> 
     </span>
     <span class='ocr_line' id='line_1_8' title="bbox 259 966 1931 1047; baseline 0.001 -17"><span class='ocrx_word' id='word_1_87' title='bbox 259 986 329 1030; x_wconf 90' lang='lat' dir='ltr'><strong>sura</strong></span> <span class='ocrx_word' id='word_1_88' title='bbox 342 968 468 1043; x_wconf 87' lang='lat' dir='ltr'><strong>pietatis.</strong></span> <span class='ocrx_word' id='word_1_89' title='bbox 484 968 552 1025; x_wconf 74' lang='lat' dir='ltr'><strong>Esto</strong></span> <span class='ocrx_word' id='word_1_90' title='bbox 567 971 677 1035; x_wconf 87' lang='lat' dir='ltr'><strong>tamen,</strong></span> <span class='ocrx_word' id='word_1_91' title='bbox 693 972 726 1028; x_wconf 91' lang='lat' dir='ltr'><strong>ut</strong></span> <span class='ocrx_word' id='word_1_92' title='bbox 740 966 850 1041; x_wconf 90' lang='lat' dir='ltr'><strong>aliquid</strong></span> <span class='ocrx_word' id='word_1_93' title='bbox 874 968 931 1027; x_wconf 91' lang='lat' dir='ltr'><strong>sibi</strong></span> <span class='ocrx_word' id='word_1_94' title='bbox 955 966 1084 1041; x_wconf 87' lang='lat' dir='ltr'><strong>amplius</strong></span> <span class='ocrx_word' id='word_1_95' title='bbox 1139 972 1258 1028; x_wconf 90' lang='lat' dir='ltr'><strong>fratrem</strong></span> <span class='ocrx_word' id='word_1_96' title='bbox 1282 973 1372 1041; x_wconf 89' lang='lat' dir='ltr'><strong>exuit,</strong></span> <span class='ocrx_word' id='word_1_97' title='bbox 1389 974 1459 1046; x_wconf 87' lang='lat' dir='ltr'><strong>quia</strong></span> <span class='ocrx_word' id='word_1_98' title='bbox 1483 973 1551 1030; x_wconf 88' lang='lat' dir='ltr'><strong>fidei</strong></span> <span class='ocrx_word' id='word_1_99' title='bbox 1573 972 1692 1030; x_wconf 88' lang='lat' dir='ltr'><strong>emicuit</strong></span> <span class='ocrx_word' id='word_1_100' title='bbox 1713 974 1852 1047; x_wconf 88' lang='lat' dir='ltr'><strong>dignitate.</strong></span> <span class='ocrx_word' id='word_1_101' title='bbox 1867 975 1931 1033; x_wconf 87' lang='lat' dir='ltr'><strong>liano</strong></span> 
     </span>
     <span class='ocr_line' id='line_1_9' title="bbox 258 1054 1933 1135; baseline 0.004 -20"><span class='ocrx_word' id='word_1_102' title='bbox 258 1058 334 1117; x_wconf 88' lang='lat' dir='ltr'><strong>circa</strong></span> <span class='ocrx_word' id='word_1_103' title='bbox 352 1056 533 1116; x_wconf 75' lang='lat' dir='ltr'><strong>blandiorem</strong></span> <span class='ocrx_word' id='word_1_104' title='bbox 556 1060 609 1113; x_wconf 89' lang='lat' dir='ltr'><strong>aut</strong></span> <span class='ocrx_word' id='word_1_105' title='bbox 633 1054 804 1113; x_wconf 81' lang='lat' dir='ltr'><strong>similiorem</strong></span> <span class='ocrx_word' id='word_1_106' title='bbox 830 1058 926 1130; x_wconf 89' lang='lat' dir='ltr'><strong>rapiat</strong></span> <span class='ocrx_word' id='word_1_107' title='bbox 949 1058 1082 1125; x_wconf 87' lang='lat' dir='ltr'><strong>affectus,</strong></span> <span class='ocrx_word' id='word_1_108' title='bbox 1138 1059 1245 1117; x_wconf 86' lang='lat' dir='ltr'><strong>stolam</strong></span> <span class='ocrx_word' id='word_1_109' title='bbox 1274 1059 1408 1121; x_wconf 78' lang='lat' dir='ltr'><strong>licelesia</strong></span> <span class='ocrx_word' id='word_1_110' title='bbox 1430 1065 1500 1135; x_wconf 70' lang='lat' dir='ltr'><strong>typo</strong></span> <span class='ocrx_word' id='word_1_111' title='bbox 1525 1062 1653 1124; x_wconf 57' lang='lat' dir='ltr'><strong>&amp;beosa</strong></span> <span class='ocrx_word' id='word_1_112' title='bbox 1679 1061 1849 1134; x_wconf 62' lang='lat' dir='ltr'><strong>pmtulm-et</strong></span> <span class='ocrx_word' id='word_1_113' title='bbox 1868 1063 1933 1127; x_wconf 70' lang='lat' dir='ltr'><strong>dedit</strong></span> 
     </span>
     <span class='ocr_line' id='line_1_10' title="bbox 255 1144 1931 1226; baseline 0.004 -22"><span class='ocrx_word' id='word_1_114' title='bbox 255 1163 308 1221; x_wconf 90' lang='lat' dir='ltr'><strong>par</strong></span> <span class='ocrx_word' id='word_1_115' title='bbox 326 1144 414 1203; x_wconf 82' lang='lat' dir='ltr'><strong>debet</strong></span> <span class='ocrx_word' id='word_1_116' title='bbox 437 1144 515 1203; x_wconf 89' lang='lat' dir='ltr'><strong>circa</strong></span> <span class='ocrx_word' id='word_1_117' title='bbox 542 1161 645 1201; x_wconf 89' lang='lat' dir='ltr'><strong>omnes</strong></span> <span class='ocrx_word' id='word_1_118' title='bbox 669 1160 734 1203; x_wconf 90' lang='lat' dir='ltr'><strong>esse</strong></span> <span class='ocrx_word' id='word_1_119' title='bbox 758 1144 996 1218; x_wconf 81' lang='lat' dir='ltr'><strong>formsjustitiae.</strong></span> <span class='ocrx_word' id='word_1_120' title='bbox 1013 1145 1082 1203; x_wconf 91' lang='lat' dir='ltr'><strong>Plus</strong></span> <span class='ocrx_word' id='word_1_121' title='bbox 1138 1147 1199 1205; x_wconf 86' lang='lat' dir='ltr'><strong>filio</strong></span> <span class='ocrx_word' id='word_1_122' title='bbox 1224 1148 1335 1220; x_wconf 83' lang='lat' dir='ltr'><strong>juniori</strong></span> <span class='ocrx_word' id='word_1_123' title='bbox 1363 1149 1470 1213; x_wconf 84' lang='lat' dir='ltr'><strong>stolam</strong></span> <span class='ocrx_word' id='word_1_124' title='bbox 1491 1150 1607 1208; x_wconf 81' lang='lat' dir='ltr'><strong>Veteris</strong></span> <span class='ocrx_word' id='word_1_125' title='bbox 1634 1151 1818 1226; x_wconf 77' lang='lat' dir='ltr'><strong>Testmontl,</strong></span> <span class='ocrx_word' id='word_1_126' title='bbox 1843 1151 1931 1211; x_wconf 78' lang='lat' dir='ltr'><strong>stolam</strong></span> 
     </span>
     <span class='ocr_line' id='line_1_11' title="bbox 255 1232 1932 1314; baseline 0.002 -21"><span class='ocrx_word' id='word_1_127' title='bbox 255 1236 406 1293; x_wconf 76' lang='lat' dir='ltr'><strong>confertur</strong></span> <span class='ocrx_word' id='word_1_128' title='bbox 432 1234 549 1299; x_wconf 89' lang='lat' dir='ltr'><strong>dilecte,</strong></span> <span class='ocrx_word' id='word_1_129' title='bbox 569 1233 615 1291; x_wconf 91' lang='lat' dir='ltr'><strong>cui</strong></span> <span class='ocrx_word' id='word_1_130' title='bbox 644 1232 770 1291; x_wconf 90' lang='lat' dir='ltr'><strong>fratrum</strong></span> <span class='ocrx_word' id='word_1_131' title='bbox 797 1250 880 1291; x_wconf 91' lang='lat' dir='ltr'><strong>amor</strong></span> <span class='ocrx_word' id='word_1_132' title='bbox 909 1234 1080 1307; x_wconf 83' lang='lat' dir='ltr'><strong>queritur:</strong></span> <span class='ocrx_word' id='word_1_133' title='bbox 1136 1235 1339 1310; x_wconf 86' lang='lat' dir='ltr'><strong>propheticom</strong></span> <span class='ocrx_word' id='word_1_134' title='bbox 1354 1239 1383 1295; x_wconf 91' lang='lat' dir='ltr'><strong>et</strong></span> <span class='ocrx_word' id='word_1_135' title='bbox 1397 1238 1725 1307; x_wconf 83' lang='lat' dir='ltr'><strong>sacerdotalem,etolam</strong></span> <span class='ocrx_word' id='word_1_136' title='bbox 1739 1236 1816 1295; x_wconf 89' lang='lat' dir='ltr'><strong>illam</strong></span> <span class='ocrx_word' id='word_1_137' title='bbox 1825 1238 1932 1314; x_wconf 51' lang='lat' dir='ltr'><strong>Quem</strong></span> 
     </span>
     <span class='ocr_line' id='line_1_12' title="bbox 253 1320 1932 1399; baseline 0.002 -19"><span class='ocrx_word' id='word_1_138' title='bbox 253 1324 322 1399; x_wconf 90' lang='lat' dir='ltr'><strong>plus</strong></span> <span class='ocrx_word' id='word_1_139' title='bbox 341 1328 442 1381; x_wconf 89' lang='lat' dir='ltr'><strong>autem</strong></span> <span class='ocrx_word' id='word_1_140' title='bbox 460 1321 601 1382; x_wconf 80' lang='lat' dir='ltr'><strong>adimitur</strong></span> <span class='ocrx_word' id='word_1_141' title='bbox 628 1322 654 1379; x_wconf 93' lang='lat' dir='ltr'><strong>ei</strong></span> <span class='ocrx_word' id='word_1_142' title='bbox 683 1322 732 1397; x_wconf 94' lang='lat' dir='ltr'><strong>qui</strong></span> <span class='ocrx_word' id='word_1_143' title='bbox 762 1320 941 1395; x_wconf 86' lang='lat' dir='ltr'><strong>prelationis</strong></span> <span class='ocrx_word' id='word_1_144' title='bbox 964 1323 1081 1395; x_wconf 78' lang='lat' dir='ltr'><strong>injuste</strong></span> <span class='ocrx_word' id='word_1_145' title='bbox 1135 1323 1315 1395; x_wconf 90' lang='lat' dir='ltr'><strong>Davidicam,</strong></span> <span class='ocrx_word' id='word_1_146' title='bbox 1331 1325 1437 1383; x_wconf 87' lang='lat' dir='ltr'><strong>stolam</strong></span> <span class='ocrx_word' id='word_1_147' title='bbox 1465 1326 1641 1394; x_wconf 84' lang='lat' dir='ltr'><strong>Salomonis,</strong></span> <span class='ocrx_word' id='word_1_148' title='bbox 1665 1326 1841 1395; x_wconf 80' lang='lat' dir='ltr'><strong>llaechie,ot</strong></span> <span class='ocrx_word' id='word_1_149' title='bbox 1861 1326 1932 1384; x_wconf 82' lang='lat' dir='ltr'><strong>losio</strong></span> 
     </span>
     <span class='ocr_line' id='line_1_13' title="bbox 253 1410 1932 1489; baseline 0.002 -20"><span class='ocrx_word' id='word_1_150' title='bbox 253 1417 394 1473; x_wconf 88' lang='lat' dir='ltr'><strong>oneratur</strong></span> <span class='ocrx_word' id='word_1_151' title='bbox 408 1412 527 1469; x_wconf 88' lang='lat' dir='ltr'><strong>invidia.</strong></span> <span class='ocrx_word' id='word_1_152' title='bbox 544 1410 733 1468; x_wconf 84' lang='lat' dir='ltr'><strong>Minitabatur</strong></span> <span class='ocrx_word' id='word_1_153' title='bbox 758 1412 833 1468; x_wconf 77' lang='lat' dir='ltr'><strong>Esau</strong></span> <span class='ocrx_word' id='word_1_154' title='bbox 858 1412 936 1485; x_wconf 89' lang='lat' dir='ltr'><strong>quod</strong></span> <span class='ocrx_word' id='word_1_155' title='bbox 961 1410 1081 1470; x_wconf 88' lang='lat' dir='ltr'><strong>fratrem</strong></span> <span class='ocrx_word' id='word_1_156' title='bbox 1136 1428 1250 1486; x_wconf 85' lang='lat' dir='ltr'><strong>regum,</strong></span> <span class='ocrx_word' id='word_1_157' title='bbox 1266 1418 1296 1472; x_wconf 91' lang='lat' dir='ltr'><strong>et</strong></span> <span class='ocrx_word' id='word_1_158' title='bbox 1309 1415 1390 1472; x_wconf 91' lang='lat' dir='ltr'><strong>dedit</strong></span> <span class='ocrx_word' id='word_1_159' title='bbox 1401 1415 1509 1489; x_wconf 91' lang='lat' dir='ltr'><strong>populo</strong></span> <span class='ocrx_word' id='word_1_160' title='bbox 1523 1415 1699 1479; x_wconf 81' lang='lat' dir='ltr'><strong>Christiano.</strong></span> <span class='ocrx_word' id='word_1_161' title='bbox 1712 1415 1763 1489; x_wconf 87' lang='lat' dir='ltr'><strong>qui</strong></span> <span class='ocrx_word' id='word_1_162' title='bbox 1780 1416 1822 1480; x_wconf 88' lang='lat' dir='ltr'><strong>uti</strong></span> <span class='ocrx_word' id='word_1_163' title='bbox 1842 1418 1932 1481; x_wconf 78' lang='lat' dir='ltr'><strong>amima</strong></span> 
     </span>
     <span class='ocr_line' id='line_1_14' title="bbox 253 1498 1933 1579; baseline 0.003 -20"><span class='ocrx_word' id='word_1_164' title='bbox 253 1518 341 1559; x_wconf 89' lang='lat' dir='ltr'><strong>suum</strong></span> <span class='ocrx_word' id='word_1_165' title='bbox 362 1498 593 1572; x_wconf 76' lang='lat' dir='ltr'><strong>occideretiden.</strong></span> <span class='ocrx_word' id='word_1_166' title='bbox 610 1516 695 1569; x_wconf 81' lang='lat' dir='ltr'><strong>xxviv,</strong></span> <span class='ocrx_word' id='word_1_167' title='bbox 712 1500 767 1569; x_wconf 83' lang='lat' dir='ltr'><strong>tl),</strong></span> <span class='ocrx_word' id='word_1_168' title='bbox 783 1516 837 1556; x_wconf 89' lang='lat' dir='ltr'><strong>nec</strong></span> <span class='ocrx_word' id='word_1_169' title='bbox 861 1501 990 1557; x_wconf 89' lang='lat' dir='ltr'><strong>fraterna</strong></span> <span class='ocrx_word' id='word_1_170' title='bbox 1012 1516 1079 1555; x_wconf 91' lang='lat' dir='ltr'><strong>eum</strong></span> <span class='ocrx_word' id='word_1_171' title='bbox 1136 1502 1225 1558; x_wconf 88' lang='lat' dir='ltr'><strong>sciret</strong></span> <span class='ocrx_word' id='word_1_172' title='bbox 1248 1505 1380 1575; x_wconf 87' lang='lat' dir='ltr'><strong>accepto;</strong></span> <span class='ocrx_word' id='word_1_173' title='bbox 1403 1502 1542 1577; x_wconf 83' lang='lat' dir='ltr'><strong>quoniam</strong></span> <span class='ocrx_word' id='word_1_174' title='bbox 1563 1504 1690 1579; x_wconf 76' lang='lat' dir='ltr'><strong>papulae</strong></span> <span class='ocrx_word' id='word_1_175' title='bbox 1711 1503 1933 1570; x_wconf 75' lang='lat' dir='ltr'><strong>Judeammaam</strong></span> 
     </span>
     <span class='ocr_line' id='line_1_15' title="bbox 252 1586 1932 1667; baseline 0.003 -18"><span class='ocrx_word' id='word_1_176' title='bbox 252 1589 444 1665; x_wconf 74' lang='lat' dir='ltr'><strong>germanitas,</strong></span> <span class='ocrx_word' id='word_1_177' title='bbox 461 1605 514 1645; x_wconf 88' lang='lat' dir='ltr'><strong>nee</strong></span> <span class='ocrx_word' id='word_1_178' title='bbox 536 1593 690 1661; x_wconf 87' lang='lat' dir='ltr'><strong>parentum</strong></span> <span class='ocrx_word' id='word_1_179' title='bbox 707 1588 869 1645; x_wconf 87' lang='lat' dir='ltr'><strong>reverentia</strong></span> <span class='ocrx_word' id='word_1_180' title='bbox 882 1605 899 1645; x_wconf 89' lang='lat' dir='ltr'><strong>a</strong></span> <span class='ocrx_word' id='word_1_181' title='bbox 913 1586 1079 1663; x_wconf 85' lang='lat' dir='ltr'><strong>parricidali</strong></span> <span class='ocrx_word' id='word_1_182' title='bbox 1136 1588 1201 1646; x_wconf 88' lang='lat' dir='ltr'><strong>sine</strong></span> <span class='ocrx_word' id='word_1_183' title='bbox 1215 1607 1272 1647; x_wconf 92' lang='lat' dir='ltr'><strong>usu</strong></span> <span class='ocrx_word' id='word_1_184' title='bbox 1287 1591 1422 1659; x_wconf 87' lang='lat' dir='ltr'><strong>babebat,</strong></span> <span class='ocrx_word' id='word_1_185' title='bbox 1442 1596 1471 1650; x_wconf 93' lang='lat' dir='ltr'><strong>et</strong></span> <span class='ocrx_word' id='word_1_186' title='bbox 1492 1593 1626 1667; x_wconf 87' lang='lat' dir='ltr'><strong>proprios</strong></span> <span class='ocrx_word' id='word_1_187' title='bbox 1650 1593 1798 1654; x_wconf 83' lang='lat' dir='ltr'><strong>nesciebat</strong></span> <span class='ocrx_word' id='word_1_188' title='bbox 1813 1599 1932 1655; x_wconf 81' lang='lat' dir='ltr'><strong>ornatus</strong></span> 
     </span>
     <span class='ocr_line' id='line_1_16' title="bbox 252 1676 1935 1759; baseline 0.004 -24"><span class='ocrx_word' id='word_1_189' title='bbox 252 1678 351 1735; x_wconf 90' lang='lat' dir='ltr'><strong>furore</strong></span> <span class='ocrx_word' id='word_1_190' title='bbox 376 1679 548 1746; x_wconf 79' lang='lat' dir='ltr'><strong>revocabat3</strong></span> <span class='ocrx_word' id='word_1_191' title='bbox 571 1681 600 1733; x_wconf 90' lang='lat' dir='ltr'><strong>et</strong></span> <span class='ocrx_word' id='word_1_192' title='bbox 625 1676 742 1733; x_wconf 91' lang='lat' dir='ltr'><strong>dolebat</strong></span> <span class='ocrx_word' id='word_1_193' title='bbox 766 1678 823 1733; x_wconf 90' lang='lat' dir='ltr'><strong>sibi</strong></span> <span class='ocrx_word' id='word_1_194' title='bbox 846 1677 1080 1735; x_wconf 82' lang='lat' dir='ltr'><strong>benedictionem</strong></span> <span class='ocrx_word' id='word_1_195' title='bbox 1134 1678 1458 1739; x_wconf 74' lang='lat' dir='ltr'><strong>ietebathaestolain</strong></span> <span class='ocrx_word' id='word_1_196' title='bbox 1474 1680 1935 1759; x_wconf 78' lang='lat' dir='ltr'><strong>umbra,abj0ctaatquenegleala,</strong></span> 
     </span>
     <span class='ocr_line' id='line_1_17' title="bbox 165 1766 1934 1871; baseline 0.002 -46"><span class='ocrx_word' id='word_1_197' title='bbox 165 1822 174 1837; x_wconf 70' lang='grc'><strong>,</strong></span> <span class='ocrx_word' id='word_1_198' title='bbox 252 1784 316 1827; x_wconf 86' lang='lat' dir='ltr'><strong>esse</strong></span> <span class='ocrx_word' id='word_1_199' title='bbox 332 1770 521 1840; x_wconf 75' lang='lat' dir='ltr'><strong>prereptum,</strong></span> <span class='ocrx_word' id='word_1_200' title='bbox 536 1766 622 1838; x_wconf 89' lang='lat' dir='ltr'><strong>cujus</strong></span> <span class='ocrx_word' id='word_1_201' title='bbox 637 1766 741 1838; x_wconf 91' lang='lat' dir='ltr'><strong>utique</strong></span> <span class='ocrx_word' id='word_1_202' title='bbox 757 1767 879 1839; x_wconf 90' lang='lat' dir='ltr'><strong>dignum</strong></span> <span class='ocrx_word' id='word_1_203' title='bbox 896 1782 927 1823; x_wconf 89' lang='lat' dir='ltr'><strong>se</strong></span> <span class='ocrx_word' id='word_1_204' title='bbox 943 1782 1079 1822; x_wconf 91' lang='lat' dir='ltr'><strong>mansue·</strong></span> <span class='ocrx_word' id='word_1_205' title='bbox 1094 1805 1118 1871; x_wconf 75' lang='lat' dir='ltr'>B</span> <span class='ocrx_word' id='word_1_206' title='bbox 1135 1766 1355 1825; x_wconf 85' lang='lat' dir='ltr'><strong>Obscurabatur</strong></span> <span class='ocrx_word' id='word_1_207' title='bbox 1369 1769 1448 1827; x_wconf 89' lang='lat' dir='ltr'><strong>enim</strong></span> <span class='ocrx_word' id='word_1_208' title='bbox 1463 1770 1618 1830; x_wconf 88' lang='lat' dir='ltr'><strong>tenebrosa</strong></span> <span class='ocrx_word' id='word_1_209' title='bbox 1639 1771 1800 1844; x_wconf 84' lang='lat' dir='ltr'><strong>impietatis</strong></span> <span class='ocrx_word' id='word_1_210' title='bbox 1820 1770 1934 1846; x_wconf 72' lang='lat' dir='ltr'><strong>religioe,</strong></span> 
     </span>
     <span class='ocr_line' id='line_1_18' title="bbox 252 1851 1935 1936; baseline 0.004 -23"><span class='ocrx_word' id='word_1_211' title='bbox 252 1857 355 1914; x_wconf 89' lang='lat' dir='ltr'><strong>tudine</strong></span> <span class='ocrx_word' id='word_1_212' title='bbox 373 1855 499 1913; x_wconf 88' lang='lat' dir='ltr'><strong>debebat</strong></span> <span class='ocrx_word' id='word_1_213' title='bbox 512 1854 646 1928; x_wconf 85' lang='lat' dir='ltr'><strong>probare,</strong></span> <span class='ocrx_word' id='word_1_214' title='bbox 663 1871 721 1911; x_wconf 91' lang='lat' dir='ltr'><strong>non</strong></span> <span class='ocrx_word' id='word_1_215' title='bbox 737 1851 853 1911; x_wconf 88' lang='lat' dir='ltr'><strong>scelere.</strong></span> <span class='ocrx_word' id='word_1_216' title='bbox 1134 1857 1233 1918; x_wconf 87' lang='lat' dir='ltr'><strong>necin</strong></span> <span class='ocrx_word' id='word_1_217' title='bbox 1249 1861 1374 1931; x_wconf 88' lang='lat' dir='ltr'><strong>anguste</strong></span> <span class='ocrx_word' id='word_1_218' title='bbox 1386 1859 1472 1917; x_wconf 89' lang='lat' dir='ltr'><strong>corde</strong></span> <span class='ocrx_word' id='word_1_219' title='bbox 1487 1859 1588 1933; x_wconf 90' lang='lat' dir='ltr'><strong>papuli</strong></span> <span class='ocrx_word' id='word_1_220' title='bbox 1602 1859 1720 1918; x_wconf 81' lang='lat' dir='ltr'><strong>Judaiei</strong></span> <span class='ocrx_word' id='word_1_221' title='bbox 1733 1860 1821 1919; x_wconf 87' lang='lat' dir='ltr'><strong>latius</strong></span> <span class='ocrx_word' id='word_1_222' title='bbox 1840 1864 1935 1936; x_wconf 79' lang='lat' dir='ltr'><strong>poem</strong></span> 
     </span>
     <span class='ocr_line' id='line_1_19' title="bbox 286 1942 1935 2025; baseline 0.003 -24"><span class='ocrx_word' id='word_1_223' title='bbox 286 1944 376 2003; x_wconf 73' lang='lat' dir='ltr'><strong>used</strong></span> <span class='ocrx_word' id='word_1_224' title='bbox 392 1948 421 1999; x_wconf 88' lang='lat' dir='ltr'><strong>et</strong></span> <span class='ocrx_word' id='word_1_225' title='bbox 436 1943 567 2002; x_wconf 85' lang='lat' dir='ltr'><strong>Rebecca</strong></span> <span class='ocrx_word' id='word_1_226' title='bbox 582 1960 638 2001; x_wconf 92' lang='lat' dir='ltr'><strong>nun</strong></span> <span class='ocrx_word' id='word_1_227' title='bbox 655 1942 740 2015; x_wconf 89' lang='lat' dir='ltr'><strong>quasi</strong></span> <span class='ocrx_word' id='word_1_228' title='bbox 755 1942 848 1999; x_wconf 88' lang='lat' dir='ltr'><strong>filium</strong></span> <span class='ocrx_word' id='word_1_229' title='bbox 864 1943 1075 2010; x_wconf 77' lang='lat' dir='ltr'><strong>illio,sedm</strong></span> <span class='ocrx_word' id='word_1_230' title='bbox 1132 1944 1281 2018; x_wconf 87' lang='lat' dir='ltr'><strong>explicari.</strong></span> <span class='ocrx_word' id='word_1_231' title='bbox 1315 1947 1415 2005; x_wconf 86' lang='lat' dir='ltr'><strong>Induit</strong></span> <span class='ocrx_word' id='word_1_232' title='bbox 1445 1964 1511 2005; x_wconf 88' lang='lat' dir='ltr'><strong>eam</strong></span> <span class='ocrx_word' id='word_1_233' title='bbox 1543 1947 1729 2008; x_wconf 82' lang='lat' dir='ltr'><strong>Christianus</strong></span> <span class='ocrx_word' id='word_1_234' title='bbox 1759 1948 1886 2025; x_wconf 85' lang='lat' dir='ltr'><strong>popolus,</strong></span> <span class='ocrx_word' id='word_1_235' title='bbox 1912 1952 1935 2006; x_wconf 89' lang='lat' dir='ltr'><strong>et</strong></span> 
     </span>
     <span class='ocr_line' id='line_1_20' title="bbox 252 2031 1936 2109; baseline 0.001 -18"><span class='ocrx_word' id='word_1_236' title='bbox 252 2032 338 2109; x_wconf 89' lang='lat' dir='ltr'><strong>quasi</strong></span> <span class='ocrx_word' id='word_1_237' title='bbox 363 2035 478 2105; x_wconf 84' lang='lat' dir='ltr'><strong>justum</strong></span> <span class='ocrx_word' id='word_1_238' title='bbox 507 2031 679 2105; x_wconf 86' lang='lat' dir='ltr'><strong>praeferebat</strong></span> <span class='ocrx_word' id='word_1_239' title='bbox 702 2032 823 2103; x_wconf 87' lang='lat' dir='ltr'><strong>injuste.</strong></span> <span class='ocrx_word' id='word_1_240' title='bbox 856 2032 971 2089; x_wconf 78' lang='lat' dir='ltr'><strong>Etenim</strong></span> <span class='ocrx_word' id='word_1_241' title='bbox 999 2033 1078 2105; x_wconf 89' lang='lat' dir='ltr'><strong>apud</strong></span> <span class='ocrx_word' id='word_1_242' title='bbox 1132 2032 1248 2091; x_wconf 76' lang='lat' dir='ltr'><strong>refulsit</strong></span> <span class='ocrx_word' id='word_1_243' title='bbox 1273 2031 1482 2093; x_wconf 70' lang='lat' dir='ltr'><strong>:illuminavit</strong></span> <span class='ocrx_word' id='word_1_244' title='bbox 1502 2053 1566 2093; x_wconf 91' lang='lat' dir='ltr'><strong>eam</strong></span> <span class='ocrx_word' id='word_1_245' title='bbox 1591 2052 1651 2093; x_wconf 82' lang='lat' dir='ltr'><strong>sum</strong></span> <span class='ocrx_word' id='word_1_246' title='bbox 1675 2036 1744 2095; x_wconf 83' lang='lat' dir='ltr'><strong>fidei</strong></span> <span class='ocrx_word' id='word_1_247' title='bbox 1771 2034 1892 2096; x_wconf 84' lang='lat' dir='ltr'><strong>claritate</strong></span> <span class='ocrx_word' id='word_1_248' title='bbox 1910 2039 1936 2093; x_wconf 85' lang='lat' dir='ltr'><strong>el</strong></span> 
     </span>
     <span class='ocr_line' id='line_1_21' title="bbox 252 2120 1934 2199; baseline 0.001 -18"><span class='ocrx_word' id='word_1_249' title='bbox 252 2130 378 2181; x_wconf 88' lang='lat' dir='ltr'><strong>matrem</strong></span> <span class='ocrx_word' id='word_1_250' title='bbox 393 2120 472 2194; x_wconf 90' lang='lat' dir='ltr'><strong>piam</strong></span> <span class='ocrx_word' id='word_1_251' title='bbox 489 2120 661 2193; x_wconf 86' lang='lat' dir='ltr'><strong>mysterium</strong></span> <span class='ocrx_word' id='word_1_252' title='bbox 677 2121 790 2194; x_wconf 79' lang='lat' dir='ltr'><strong>pignori</strong></span> <span class='ocrx_word' id='word_1_253' title='bbox 812 2122 1075 2195; x_wconf 80' lang='lat' dir='ltr'><strong>preponderabat:</strong></span> <span class='ocrx_word' id='word_1_254' title='bbox 1132 2122 1248 2194; x_wconf 92' lang='lat' dir='ltr'><strong>piorum</strong></span> <span class='ocrx_word' id='word_1_255' title='bbox 1263 2122 1328 2179; x_wconf 87' lang='lat' dir='ltr'><strong>luee</strong></span> <span class='ocrx_word' id='word_1_256' title='bbox 1343 2123 1496 2183; x_wconf 88' lang='lat' dir='ltr'><strong>factorum.</strong></span> <span class='ocrx_word' id='word_1_257' title='bbox 1511 2125 1636 2199; x_wconf 79' lang='lat' dir='ltr'><strong>Agnovit</strong></span> <span class='ocrx_word' id='word_1_258' title='bbox 1659 2125 1743 2185; x_wconf 68' lang='lat' dir='ltr'><strong>masc</strong></span> <span class='ocrx_word' id='word_1_259' title='bbox 1765 2129 1862 2185; x_wconf 89' lang='lat' dir='ltr'><strong>notum</strong></span> <span class='ocrx_word' id='word_1_260' title='bbox 1879 2125 1934 2183; x_wconf 83' lang='lat' dir='ltr'><strong>ado</strong></span> 
     </span>
     <span class='ocr_line' id='line_1_22' title="bbox 251 2209 1936 2289; baseline 0.003 -22"><span class='ocrx_word' id='word_1_261' title='bbox 251 2211 335 2269; x_wconf 90' lang='lat' dir='ltr'><strong>illum</strong></span> <span class='ocrx_word' id='word_1_262' title='bbox 359 2228 418 2269; x_wconf 91' lang='lat' dir='ltr'><strong>non</strong></span> <span class='ocrx_word' id='word_1_263' title='bbox 440 2214 501 2267; x_wconf 91' lang='lat' dir='ltr'><strong>tam</strong></span> <span class='ocrx_word' id='word_1_264' title='bbox 527 2209 607 2268; x_wconf 91' lang='lat' dir='ltr'><strong>fratri</strong></span> <span class='ocrx_word' id='word_1_265' title='bbox 632 2209 813 2281; x_wconf 76' lang='lat' dir='ltr'><strong>preferebat,</strong></span> <span class='ocrx_word' id='word_1_266' title='bbox 830 2225 918 2281; x_wconf 93' lang='lat' dir='ltr'><strong>quam</strong></span> <span class='ocrx_word' id='word_1_267' title='bbox 938 2209 1079 2267; x_wconf 75' lang='lat' dir='ltr'><strong>offerebat</strong></span> <span class='ocrx_word' id='word_1_268' title='bbox 1131 2226 1195 2267; x_wconf 92' lang='lat' dir='ltr'><strong>rem</strong></span> <span class='ocrx_word' id='word_1_269' title='bbox 1227 2211 1344 2285; x_wconf 87' lang='lat' dir='ltr'><strong>generis</strong></span> <span class='ocrx_word' id='word_1_270' title='bbox 1376 2212 1434 2281; x_wconf 90' lang='lat' dir='ltr'><strong>eui,</strong></span> <span class='ocrx_word' id='word_1_271' title='bbox 1468 2214 1635 2289; x_wconf 78' lang='lat' dir='ltr'><strong>recognovit</strong></span> <span class='ocrx_word' id='word_1_272' title='bbox 1662 2213 1772 2273; x_wconf 84' lang='lat' dir='ltr'><strong>stolam</strong></span> <span class='ocrx_word' id='word_1_273' title='bbox 1801 2213 1936 2288; x_wconf 76' lang='lat' dir='ltr'><strong>Scriptum</strong></span> 
     </span>
     <span class='ocr_line' id='line_1_23' title="bbox 250 2298 1935 2378; baseline 0.001 -19"><span class='ocrx_word' id='word_1_274' title='bbox 250 2300 476 2373; x_wconf 88' lang='lat' dir='ltr'><strong>Domino,quom</strong></span> <span class='ocrx_word' id='word_1_275' title='bbox 491 2299 602 2355; x_wconf 89' lang='lat' dir='ltr'><strong>sciebat</strong></span> <span class='ocrx_word' id='word_1_276' title='bbox 617 2298 755 2355; x_wconf 87' lang='lat' dir='ltr'><strong>collatum</strong></span> <span class='ocrx_word' id='word_1_277' title='bbox 780 2298 836 2355; x_wconf 91' lang='lat' dir='ltr'><strong>sibi</strong></span> <span class='ocrx_word' id='word_1_278' title='bbox 863 2315 972 2357; x_wconf 90' lang='lat' dir='ltr'><strong>munus</strong></span> <span class='ocrx_word' id='word_1_279' title='bbox 991 2315 1078 2371; x_wconf 89' lang='lat' dir='ltr'><strong>posse</strong></span> <span class='ocrx_word' id='word_1_280' title='bbox 1131 2299 1247 2370; x_wconf 87' lang='lat' dir='ltr'><strong>veteris,</strong></span> <span class='ocrx_word' id='word_1_281' title='bbox 1263 2301 1315 2359; x_wconf 88' lang='lat' dir='ltr'><strong>sed</strong></span> <span class='ocrx_word' id='word_1_282' title='bbox 1329 2317 1427 2359; x_wconf 88' lang='lat' dir='ltr'><strong>vocem</strong></span> <span class='ocrx_word' id='word_1_283' title='bbox 1443 2300 1539 2377; x_wconf 85' lang='lat' dir='ltr'><strong>plebis</strong></span> <span class='ocrx_word' id='word_1_284' title='bbox 1561 2303 1669 2361; x_wconf 84' lang='lat' dir='ltr'><strong>veteris</strong></span> <span class='ocrx_word' id='word_1_285' title='bbox 1691 2320 1750 2361; x_wconf 89' lang='lat' dir='ltr'><strong>nen</strong></span> <span class='ocrx_word' id='word_1_286' title='bbox 1766 2301 1935 2378; x_wconf 75' lang='lat' dir='ltr'><strong>recognovit3</strong></span> 
     </span>
     <span class='ocr_line' id='line_1_24' title="bbox 251 2385 1936 2464; baseline -0.001 -17"><span class='ocrx_word' id='word_1_287' title='bbox 251 2406 382 2447; x_wconf 87' lang='lat' dir='ltr'><strong>servare:</strong></span> <span class='ocrx_word' id='word_1_288' title='bbox 405 2388 436 2445; x_wconf 92' lang='lat' dir='ltr'><strong>in</strong></span> <span class='ocrx_word' id='word_1_289' title='bbox 466 2404 523 2461; x_wconf 91' lang='lat' dir='ltr'><strong>que</strong></span> <span class='ocrx_word' id='word_1_290' title='bbox 547 2390 576 2444; x_wconf 91' lang='lat' dir='ltr'><strong>et</strong></span> <span class='ocrx_word' id='word_1_291' title='bbox 602 2386 685 2445; x_wconf 87' lang='lat' dir='ltr'><strong>alteri</strong></span> <span class='ocrx_word' id='word_1_292' title='bbox 713 2385 896 2457; x_wconf 83' lang='lat' dir='ltr'><strong>consulebat,</strong></span> <span class='ocrx_word' id='word_1_293' title='bbox 918 2403 1006 2461; x_wconf 88' lang='lat' dir='ltr'><strong>quem</strong></span> <span class='ocrx_word' id='word_1_294' title='bbox 1032 2387 1075 2444; x_wconf 93' lang='lat' dir='ltr'><strong>di·</strong></span> <span class='ocrx_word' id='word_1_295' title='bbox 1131 2388 1239 2446; x_wconf 87' lang='lat' dir='ltr'><strong>etideo</strong></span> <span class='ocrx_word' id='word_1_296' title='bbox 1262 2391 1397 2464; x_wconf 90' lang='lat' dir='ltr'><strong>cognovit</strong></span> <span class='ocrx_word' id='word_1_297' title='bbox 1419 2405 1485 2449; x_wconf 87' lang='lat' dir='ltr'><strong>esse</strong></span> <span class='ocrx_word' id='word_1_298' title='bbox 1509 2394 1666 2452; x_wconf 77' lang='lat' dir='ltr'><strong>mutatam.</strong></span> <span class='ocrx_word' id='word_1_299' title='bbox 1683 2392 1783 2450; x_wconf 79' lang='lat' dir='ltr'><strong>Manet</strong></span> <span class='ocrx_word' id='word_1_300' title='bbox 1801 2391 1877 2449; x_wconf 87' lang='lat' dir='ltr'><strong>enim</strong></span> <span class='ocrx_word' id='word_1_301' title='bbox 1893 2388 1936 2448; x_wconf 89' lang='lat' dir='ltr'><strong>ha-</strong></span> 
     </span>
     <span class='ocr_line' id='line_1_25' title="bbox 250 2476 1938 2555; baseline -0.001 -20"><span class='ocrx_word' id='word_1_302' title='bbox 250 2480 322 2536; x_wconf 78' lang='lat' dir='ltr'><strong>vina</strong></span> <span class='ocrx_word' id='word_1_303' title='bbox 338 2477 522 2537; x_wconf 87' lang='lat' dir='ltr'><strong>subducebat</strong></span> <span class='ocrx_word' id='word_1_304' title='bbox 547 2477 674 2543; x_wconf 80' lang='lat' dir='ltr'><strong>oflensa,</strong></span> <span class='ocrx_word' id='word_1_305' title='bbox 696 2492 732 2535; x_wconf 92' lang='lat' dir='ltr'><strong>ne</strong></span> <span class='ocrx_word' id='word_1_306' title='bbox 755 2476 888 2550; x_wconf 86' lang='lat' dir='ltr'><strong>graviore</strong></span> <span class='ocrx_word' id='word_1_307' title='bbox 910 2476 1075 2549; x_wconf 88' lang='lat' dir='ltr'><strong>implicare·</strong></span> <span class='ocrx_word' id='word_1_308' title='bbox 1132 2477 1238 2549; x_wconf 90' lang='lat' dir='ltr'><strong>dieque</strong></span> <span class='ocrx_word' id='word_1_309' title='bbox 1251 2478 1354 2535; x_wconf 89' lang='lat' dir='ltr'><strong>eadem</strong></span> <span class='ocrx_word' id='word_1_310' title='bbox 1368 2477 1455 2549; x_wconf 86' lang='lat' dir='ltr'><strong>stola,</strong></span> <span class='ocrx_word' id='word_1_311' title='bbox 1471 2479 1524 2537; x_wconf 91' lang='lat' dir='ltr'><strong>sed</strong></span> <span class='ocrx_word' id='word_1_312' title='bbox 1547 2479 1650 2555; x_wconf 85' lang='lat' dir='ltr'><strong>populi</strong></span> <span class='ocrx_word' id='word_1_313' title='bbox 1673 2478 1830 2539; x_wconf 74' lang='lat' dir='ltr'><strong>detodoris</strong></span> <span class='ocrx_word' id='word_1_314' title='bbox 1848 2493 1938 2537; x_wconf 76' lang='lat' dir='ltr'><strong>oraora</strong></span> 
     </span>
     <span class='ocr_line' id='line_1_26' title="bbox 249 2564 1936 2643; baseline 0.001 -21"><span class='ocrx_word' id='word_1_315' title='bbox 249 2573 299 2625; x_wconf 92' lang='lat' dir='ltr'><strong>tur</strong></span> <span class='ocrx_word' id='word_1_316' title='bbox 313 2572 406 2635; x_wconf 90' lang='lat' dir='ltr'><strong>reatu,</strong></span> <span class='ocrx_word' id='word_1_317' title='bbox 423 2565 448 2622; x_wconf 91' lang='lat' dir='ltr'><strong>si</strong></span> <span class='ocrx_word' id='word_1_318' title='bbox 461 2568 586 2638; x_wconf 83' lang='lat' dir='ltr'><strong>accepte</strong></span> <span class='ocrx_word' id='word_1_319' title='bbox 601 2566 727 2639; x_wconf 88' lang='lat' dir='ltr'><strong>gratiam</strong></span> <span class='ocrx_word' id='word_1_320' title='bbox 753 2564 964 2623; x_wconf 86' lang='lat' dir='ltr'><strong>benedictionis</strong></span> <span class='ocrx_word' id='word_1_321' title='bbox 988 2566 1076 2622; x_wconf 89' lang='lat' dir='ltr'><strong>amit·</strong></span> <span class='ocrx_word' id='word_1_322' title='bbox 1132 2567 1218 2639; x_wconf 76' lang='lat' dir='ltr'><strong>cepit</strong></span> <span class='ocrx_word' id='word_1_323' title='bbox 1245 2567 1323 2627; x_wconf 71' lang='lat'><strong>⁴0²</strong></span> <span class='ocrx_word' id='word_1_324' title='bbox 1351 2584 1417 2627; x_wconf 86' lang='lat' dir='ltr'><strong>esse</strong></span> <span class='ocrx_word' id='word_1_325' title='bbox 1446 2568 1590 2628; x_wconf 88' lang='lat' dir='ltr'><strong>confessio</strong></span> <span class='ocrx_word' id='word_1_326' title='bbox 1620 2587 1627 2627; x_wconf 76' lang='grc' dir='ltr'><strong><em>ε</em></strong></span> <span class='ocrx_word' id='word_1_327' title='bbox 1657 2570 1822 2643; x_wconf 84' lang='lat' dir='ltr'><strong>meritoque</strong></span> <span class='ocrx_word' id='word_1_328' title='bbox 1845 2566 1936 2625; x_wconf 81' lang='lat' dir='ltr'><strong>dm:</strong></span> 
     </span>
     <span class='ocr_line' id='line_1_27' title="bbox 250 2653 1938 2727; baseline -0.001 -16"><span class='ocrx_word' id='word_1_329' title='bbox 250 2660 334 2713; x_wconf 88' lang='lat' dir='ltr'><strong>teret.</strong></span> <span class='ocrx_word' id='word_1_330' title='bbox 1132 2676 1146 2705; x_wconf 76' lang='grc' dir='ltr'>α</span> <span class='ocrx_word' id='word_1_331' title='bbox 1161 2653 1223 2711; x_wconf 83' lang='lat' dir='ltr'><strong>Vox</strong></span> <span class='ocrx_word' id='word_1_332' title='bbox 1246 2655 1366 2727; x_wconf 89' lang='lat' dir='ltr'><strong>quidem</strong></span> <span class='ocrx_word' id='word_1_333' title='bbox 1389 2672 1445 2713; x_wconf 80' lang='lat' dir='ltr'><strong>vas</strong></span> <span class='ocrx_word' id='word_1_334' title='bbox 1465 2656 1557 2716; x_wconf 78' lang='lat' dir='ltr'><strong>daaab</strong></span> <span class='ocrx_word' id='word_1_335' title='bbox 1573 2675 1581 2715; x_wconf 73' lang='grc' dir='ltr'>ι</span> <span class='ocrx_word' id='word_1_336' title='bbox 1597 2673 1708 2715; x_wconf 85' lang='lat' dir='ltr'><strong>manus</strong></span> <span class='ocrx_word' id='word_1_337' title='bbox 1731 2661 1830 2718; x_wconf 82' lang='lat' dir='ltr'><strong>autem</strong></span> <span class='ocrx_word' id='word_1_338' title='bbox 1848 2669 1938 2715; x_wconf 83' lang='lat' dir='ltr'><strong>menne</strong></span> 
     </span>
     <span class='ocr_line' id='line_1_28' title="bbox 284 2742 1939 2817; baseline -0.001 -15"><span class='ocrx_word' id='word_1_339' title='bbox 284 2746 311 2803; x_wconf 87' lang='grc'><strong>7.</strong></span> <span class='ocrx_word' id='word_1_340' title='bbox 324 2745 429 2817; x_wconf 78' lang='lat' dir='ltr'><strong>Accipe</strong></span> <span class='ocrx_word' id='word_1_341' title='bbox 441 2746 540 2799; x_wconf 79' lang='lat' dir='ltr'><strong>tamm</strong></span> <span class='ocrx_word' id='word_1_342' title='bbox 556 2743 666 2799; x_wconf 91' lang='lat' dir='ltr'><strong>bonum</strong></span> <span class='ocrx_word' id='word_1_343' title='bbox 681 2746 829 2799; x_wconf 86' lang='lat' dir='ltr'><strong>certamen</strong></span> <span class='ocrx_word' id='word_1_344' title='bbox 843 2742 918 2799; x_wconf 86' lang='lat' dir='ltr'><strong>inter</strong></span> <span class='ocrx_word' id='word_1_345' title='bbox 928 2747 1074 2815; x_wconf 84' lang='lat' dir='ltr'><strong>parentes.</strong></span> <span class='ocrx_word' id='word_1_346' title='bbox 1130 2743 1217 2799; x_wconf 84' lang='lat' dir='ltr'><strong>Esau.</strong></span> <span class='ocrx_word' id='word_1_347' title='bbox 1233 2744 1269 2800; x_wconf 84' lang='lat' dir='ltr'><strong>itt</strong></span> <span class='ocrx_word' id='word_1_348' title='bbox 1282 2745 1421 2803; x_wconf 83' lang='lat' dir='ltr'><strong>odoratus</strong></span> <span class='ocrx_word' id='word_1_349' title='bbox 1436 2751 1482 2804; x_wconf 89' lang='lat' dir='ltr'><strong>est</strong></span> <span class='ocrx_word' id='word_1_350' title='bbox 1492 2746 1614 2804; x_wconf 87' lang='lat' dir='ltr'><strong>odorem</strong></span> <span class='ocrx_word' id='word_1_351' title='bbox 1627 2745 1868 2809; x_wconf 78' lang='lat' dir='ltr'><strong>vestimentorum</strong></span> <span class='ocrx_word' id='word_1_352' title='bbox 1886 2743 1939 2817; x_wconf 76' lang='lat' dir='ltr'><strong>ejus</strong></span> 
     </span>
     <span class='ocr_line' id='line_1_29' title="bbox 250 2828 1939 2911; baseline 0.001 -20"><span class='ocrx_word' id='word_1_353' title='bbox 250 2834 342 2891; x_wconf 87' lang='lat' dir='ltr'><strong>Mater</strong></span> <span class='ocrx_word' id='word_1_354' title='bbox 369 2833 481 2888; x_wconf 87' lang='lat' dir='ltr'><strong>deferat</strong></span> <span class='ocrx_word' id='word_1_355' title='bbox 507 2831 654 2901; x_wconf 77' lang='lat' dir='ltr'><strong>affectum,</strong></span> <span class='ocrx_word' id='word_1_356' title='bbox 689 2831 771 2900; x_wconf 88' lang='lat' dir='ltr'><strong>pater</strong></span> <span class='ocrx_word' id='word_1_357' title='bbox 795 2828 952 2899; x_wconf 85' lang='lat' dir='ltr'><strong>judicium.</strong></span> <span class='ocrx_word' id='word_1_358' title='bbox 984 2828 1077 2885; x_wconf 87' lang='lat' dir='ltr'><strong>Mater</strong></span> <span class='ocrx_word' id='word_1_359' title='bbox 1131 2831 1210 2902; x_wconf 82' lang='lat' dir='ltr'><strong>(lttd.</strong></span> <span class='ocrx_word' id='word_1_360' title='bbox 1234 2833 1463 2905; x_wconf 78' lang='lat' dir='ltr'><strong>m1.27t.»ut</strong></span> <span class='ocrx_word' id='word_1_361' title='bbox 1488 2834 1612 2893; x_wconf 78' lang='lat' dir='ltr'><strong>fortuma</strong></span> <span class='ocrx_word' id='word_1_362' title='bbox 1634 2834 1711 2893; x_wconf 85' lang='lat' dir='ltr'><strong>illud</strong></span> <span class='ocrx_word' id='word_1_363' title='bbox 1734 2838 1792 2903; x_wconf 87' lang='lat' dir='ltr'><strong>est,</strong></span> <span class='ocrx_word' id='word_1_364' title='bbox 1816 2834 1939 2911; x_wconf 82' lang='lat' dir='ltr'><strong>quiaaot</strong></span> 
     </span>
     <span class='ocr_line' id='line_1_30' title="bbox 250 2916 1938 2997; baseline -0.001 -20"><span class='ocrx_word' id='word_1_365' title='bbox 250 2921 327 2977; x_wconf 85' lang='lat' dir='ltr'><strong>circa</strong></span> <span class='ocrx_word' id='word_1_366' title='bbox 343 2920 492 2992; x_wconf 84' lang='lat' dir='ltr'><strong>juniorem</strong></span> <span class='ocrx_word' id='word_1_367' title='bbox 517 2922 618 2975; x_wconf 84' lang='lat' dir='ltr'><strong>tenera</strong></span> <span class='ocrx_word' id='word_1_368' title='bbox 643 2916 749 2989; x_wconf 89' lang='lat' dir='ltr'><strong>pietate</strong></span> <span class='ocrx_word' id='word_1_369' title='bbox 777 2917 956 2989; x_wconf 89' lang='lat' dir='ltr'><strong>propendeat</strong></span> <span class='ocrx_word' id='word_1_370' title='bbox 973 2921 1077 2989; x_wconf 88' lang='lat' dir='ltr'><strong>:pater</strong></span> <span class='ocrx_word' id='word_1_371' title='bbox 1130 2920 1555 2994; x_wconf 85' lang='lat' dir='ltr'><strong>operibusjustifloamur,sed</strong></span> <span class='ocrx_word' id='word_1_372' title='bbox 1573 2923 1631 2981; x_wconf 89' lang='lat' dir='ltr'><strong>fide</strong></span> <span class='ocrx_word' id='word_1_373' title='bbox 1648 2942 1656 2980; x_wconf 76' lang='grc' dir='ltr'>ε</span> <span class='ocrx_word' id='word_1_374' title='bbox 1674 2923 1816 2997; x_wconf 81' lang='lat' dir='ltr'><strong>quoniam</strong></span> <span class='ocrx_word' id='word_1_375' title='bbox 1830 2918 1938 2984; x_wconf 71' lang='lat' dir='ltr'><strong>manalis</strong></span> 
     </span>
     <span class='ocr_line' id='line_1_31' title="bbox 250 3004 1939 3084; baseline 0.002 -21"><span class='ocrx_word' id='word_1_376' title='bbox 250 3008 327 3064; x_wconf 89' lang='lat' dir='ltr'><strong>cirea</strong></span> <span class='ocrx_word' id='word_1_377' title='bbox 341 3006 486 3063; x_wconf 89' lang='lat' dir='ltr'><strong>seniorem</strong></span> <span class='ocrx_word' id='word_1_378' title='bbox 501 3010 615 3061; x_wconf 75' lang='lat' dir='ltr'><strong>nature</strong></span> <span class='ocrx_word' id='word_1_379' title='bbox 630 3004 882 3061; x_wconf 84' lang='lat' dir='ltr'><strong>honorificentiam</strong></span> <span class='ocrx_word' id='word_1_380' title='bbox 904 3010 1008 3063; x_wconf 82' lang='lat' dir='ltr'><strong>servet.</strong></span> <span class='ocrx_word' id='word_1_381' title='bbox 1024 3006 1076 3062; x_wconf 89' lang='lat' dir='ltr'><strong>llic</strong></span> <span class='ocrx_word' id='word_1_382' title='bbox 1128 3008 1286 3065; x_wconf 83' lang='lat' dir='ltr'><strong>infirmitas</strong></span> <span class='ocrx_word' id='word_1_383' title='bbox 1301 3009 1663 3084; x_wconf 84' lang='lat' dir='ltr'><strong>operibnsimpedimeutc</strong></span> <span class='ocrx_word' id='word_1_384' title='bbox 1678 3018 1736 3084; x_wconf 89' lang='lat' dir='ltr'><strong>est,</strong></span> <span class='ocrx_word' id='word_1_385' title='bbox 1751 3013 1805 3071; x_wconf 88' lang='lat' dir='ltr'><strong>sed</strong></span> <span class='ocrx_word' id='word_1_386' title='bbox 1817 3010 1880 3071; x_wconf 82' lang='lat' dir='ltr'><strong>fidei</strong></span> <span class='ocrx_word' id='word_1_387' title='bbox 1892 3007 1939 3066; x_wconf 79' lang='lat' dir='ltr'><strong>aa·</strong></span> 
     </span>
    </p>
   </div>
   <div class='ocr_carea' id='block_1_3' title="bbox 249 3088 1939 3258">
    <p class='ocr_par' dir='ltr' id='par_1_3' title="bbox 249 3088 1939 3258">
     <span class='ocr_line' id='line_1_32' title="bbox 250 3088 1939 3176; baseline 0.005 -25"><span class='ocrx_word' id='word_1_388' title='bbox 250 3095 345 3169; x_wconf 89' lang='lat' dir='ltr'><strong>magis</strong></span> <span class='ocrx_word' id='word_1_389' title='bbox 359 3093 492 3160; x_wconf 89' lang='lat' dir='ltr'><strong>honorat,</strong></span> <span class='ocrx_word' id='word_1_390' title='bbox 508 3088 560 3149; x_wconf 87' lang='lat' dir='ltr'><strong>illa</strong></span> <span class='ocrx_word' id='word_1_391' title='bbox 574 3092 642 3165; x_wconf 90' lang='lat' dir='ltr'><strong>plus</strong></span> <span class='ocrx_word' id='word_1_392' title='bbox 657 3092 760 3165; x_wconf 87' lang='lat' dir='ltr'><strong>diligat</strong></span> <span class='ocrx_word' id='word_1_393' title='bbox 777 3093 868 3150; x_wconf 91' lang='lat' dir='ltr'><strong>:dum</strong></span> <span class='ocrx_word' id='word_1_394' title='bbox 885 3092 994 3168; x_wconf 88' lang='lat' dir='ltr'><strong>singuli</strong></span> <span class='ocrx_word' id='word_1_395' title='bbox 1014 3095 1075 3151; x_wconf 87' lang='lat' dir='ltr'><strong>sin·</strong></span> <span class='ocrx_word' id='word_1_396' title='bbox 1129 3098 1202 3156; x_wconf 88' lang='lat' dir='ltr'><strong>ritas</strong></span> <span class='ocrx_word' id='word_1_397' title='bbox 1217 3096 1362 3156; x_wconf 89' lang='lat' dir='ltr'><strong>factorum</strong></span> <span class='ocrx_word' id='word_1_398' title='bbox 1377 3098 1535 3158; x_wconf 90' lang='lat' dir='ltr'><strong>obumbrat</strong></span> <span class='ocrx_word' id='word_1_399' title='bbox 1548 3117 1760 3176; x_wconf 69' lang='lat' dir='ltr'><strong>erroneamque</strong></span> <span class='ocrx_word' id='word_1_400' title='bbox 1774 3103 1939 3159; x_wconf 74' lang='lat' dir='ltr'><strong>aeetae</strong></span> 
     </span>
     <span class='ocr_line' id='line_1_33' title="bbox 249 3170 1410 3258; baseline -0.003 -17"><span class='ocrx_word' id='word_1_401' title='bbox 249 3184 334 3258; x_wconf 87' lang='lat' dir='ltr'><strong>gulos</strong></span> <span class='ocrx_word' id='word_1_402' title='bbox 359 3184 486 3249; x_wconf 89' lang='lat' dir='ltr'><strong>foveant,</strong></span> <span class='ocrx_word' id='word_1_403' title='bbox 502 3198 560 3238; x_wconf 91' lang='lat' dir='ltr'><strong>non</strong></span> <span class='ocrx_word' id='word_1_404' title='bbox 585 3180 616 3237; x_wconf 91' lang='lat' dir='ltr'><strong>in</strong></span> <span class='ocrx_word' id='word_1_405' title='bbox 640 3198 731 3239; x_wconf 92' lang='lat' dir='ltr'><strong>unum</strong></span> <span class='ocrx_word' id='word_1_406' title='bbox 748 3187 871 3257; x_wconf 89' lang='lat' dir='ltr'><strong>uterque</strong></span> <span class='ocrx_word' id='word_1_407' title='bbox 895 3170 1109 3255; x_wconf 84' lang='lat' dir='ltr'><strong>conspirent,G</strong></span> <span class='ocrx_word' id='word_1_408' title='bbox 1129 3186 1209 3243; x_wconf 77' lang='lat' dir='ltr'><strong>niam</strong></span> <span class='ocrx_word' id='word_1_409' title='bbox 1223 3185 1410 3248; x_wconf 72' lang='lat' dir='ltr'><strong>delictorum,</strong></span> 
     </span>
    </p>
   </div>
   <div class='ocr_carea' id='block_1_4' title="bbox 248 3270 1941 3435">
    <p class='ocr_par' dir='ltr' id='par_1_4' title="bbox 248 3270 1941 3435">
     <span class='ocr_line' id='line_1_34' title="bbox 249 3270 1916 3355; baseline -0.006 -26"><span class='ocrx_word' id='word_1_410' title='bbox 249 3273 424 3330; x_wconf 86' lang='lat' dir='ltr'><strong>defraudent</strong></span> <span class='ocrx_word' id='word_1_411' title='bbox 447 3271 582 3328; x_wconf 83' lang='lat' dir='ltr'><strong>alterum.</strong></span> <span class='ocrx_word' id='word_1_412' title='bbox 608 3270 672 3327; x_wconf 76' lang='lat' dir='ltr'><strong>fiat</strong></span> <span class='ocrx_word' id='word_1_413' title='bbox 694 3270 846 3343; x_wconf 80' lang='lat' dir='ltr'><strong>equalitas</strong></span> <span class='ocrx_word' id='word_1_414' title='bbox 860 3271 917 3345; x_wconf 90' lang='grc'>(31)</span> <span class='ocrx_word' id='word_1_415' title='bbox 930 3271 1005 3327; x_wconf 85' lang='lat' dir='ltr'><strong>inter</strong></span> <span class='ocrx_word' id='word_1_416' title='bbox 1028 3272 1073 3329; x_wconf 92' lang='lat' dir='ltr'><strong>di·</strong></span> <span class='ocrx_word' id='word_1_417' title='bbox 1448 3277 1565 3336; x_wconf 66' lang='lat' dir='ltr'>CAPUT</span> <span class='ocrx_word' id='word_1_418' title='bbox 1583 3278 1633 3335; x_wconf 74' lang='lat'><strong>111,</strong></span> <span class='ocrx_word' id='word_1_419' title='bbox 1911 3345 1916 3355; x_wconf 25' lang='grc' dir='ltr'>ι</span> 
     </span>
     <span class='ocr_line' id='line_1_35' title="bbox 248 3346 1941 3435; baseline -0.009 -17"><span class='ocrx_word' id='word_1_420' title='bbox 248 3360 519 3429; x_wconf 88' lang='lat' dir='ltr'><strong>versaeertamina,</strong></span> <span class='ocrx_word' id='word_1_421' title='bbox 535 3364 564 3415; x_wconf 89' lang='lat' dir='ltr'><strong>et</strong></span> <span class='ocrx_word' id='word_1_422' title='bbox 577 3358 745 3431; x_wconf 87' lang='lat' dir='ltr'><strong>disparibus</strong></span> <span class='ocrx_word' id='word_1_423' title='bbox 760 3360 867 3417; x_wconf 89' lang='lat' dir='ltr'><strong>studiis</strong></span> <span class='ocrx_word' id='word_1_424' title='bbox 881 3378 935 3434; x_wconf 91' lang='lat' dir='ltr'><strong>par</strong></span> <span class='ocrx_word' id='word_1_425' title='bbox 957 3362 1075 3435; x_wconf 91' lang='lat' dir='ltr'><strong>utrique</strong></span> <span class='ocrx_word' id='word_1_426' title='bbox 1127 3348 1191 3404; x_wconf 63' lang='lat'><strong>9⁰⁸2</strong></span> <span class='ocrx_word' id='word_1_427' title='bbox 1224 3346 1434 3404; x_wconf 55' lang='lat' dir='ltr'><strong>militm</strong></span> <span class='ocrx_word' id='word_1_428' title='bbox 1466 3350 1562 3421; x_wconf 72' lang='lat' dir='ltr'><strong>frssifit</strong></span> <span class='ocrx_word' id='word_1_429' title='bbox 1588 3350 1721 3424; x_wconf 63' lang='lat' dir='ltr'><strong>junioris</strong></span> <span class='ocrx_word' id='word_1_430' title='bbox 1748 3364 1833 3423; x_wconf 83' lang='lat' dir='ltr'><strong>quare</strong></span> <span class='ocrx_word' id='word_1_431' title='bbox 1861 3358 1941 3404; x_wconf 78' lang='lat' dir='ltr'><strong>aeaut</strong></span> 
     </span>
    </p>
   </div>
   <div class='ocr_carea' id='block_1_5' title="bbox 1163 3417 1943 3566">
    <p class='ocr_par' dir='ltr' id='par_1_5' title="bbox 1163 3417 1943 3566">
     <span class='ocr_line' id='line_1_36' title="bbox 1163 3417 1942 3490; baseline -0.003 -17"><span class='ocrx_word' id='word_1_432' title='bbox 1163 3417 1316 3485; x_wconf 79' lang='lat' dir='ltr'><strong>advenerit,</strong></span> <span class='ocrx_word' id='word_1_433' title='bbox 1338 3423 1365 3475; x_wconf 79' lang='lat' dir='ltr'><strong>ot</strong></span> <span class='ocrx_word' id='word_1_434' title='bbox 1391 3434 1454 3475; x_wconf 83' lang='lat' dir='ltr'><strong>oum</strong></span> <span class='ocrx_word' id='word_1_435' title='bbox 1478 3420 1600 3490; x_wconf 73' lang='lat' dir='ltr'><strong>urgendo</strong></span> <span class='ocrx_word' id='word_1_436' title='bbox 1623 3422 1804 3489; x_wconf 70' lang='lat' dir='ltr'><strong>obuenisset,</strong></span> <span class='ocrx_word' id='word_1_437' title='bbox 1817 3419 1942 3488; x_wconf 81' lang='lat' dir='ltr'><strong>utetipst</strong></span> 
     </span>
     <span class='ocr_line' id='line_1_37' title="bbox 1165 3488 1943 3566; baseline 0.001 -22"><span class='ocrx_word' id='word_1_438' title='bbox 1165 3488 1376 3557; x_wconf 79' lang='lat' dir='ltr'><strong>benediceretur,</strong></span> <span class='ocrx_word' id='word_1_439' title='bbox 1403 3490 1635 3548; x_wconf 71' lang='lat' dir='ltr'><strong>adsentiendum</strong></span> <span class='ocrx_word' id='word_1_440' title='bbox 1659 3495 1750 3566; x_wconf 71' lang='lat' dir='ltr'><strong>fram</strong></span> <span class='ocrx_word' id='word_1_441' title='bbox 1770 3493 1853 3563; x_wconf 66' lang='grc' dir='ltr'><strong>Μ’(</strong></span> <span class='ocrx_word' id='word_1_442' title='bbox 1872 3489 1943 3545; x_wconf 65' lang='lat' dir='ltr'><strong>tea</strong></span> 
     </span>
    </p>
   </div>
   <div class='ocr_carea' id='block_1_6' title="bbox 248 3536 1943 3698">
    <p class='ocr_par' dir='ltr' id='par_1_6' title="bbox 248 3536 1943 3698">
     <span class='ocr_line' id='line_1_38' title="bbox 249 3536 1943 3633; baseline 0.001 -38"><span class='ocrx_word' id='word_1_443' title='bbox 249 3542 418 3612; x_wconf 88' lang='lat' dir='ltr'><strong>compenset</strong></span> <span class='ocrx_word' id='word_1_444' title='bbox 439 3536 521 3605; x_wconf 88' lang='lat' dir='ltr'><strong>alter,</strong></span> <span class='ocrx_word' id='word_1_445' title='bbox 535 3537 612 3609; x_wconf 90' lang='lat' dir='ltr'><strong>quod</strong></span> <span class='ocrx_word' id='word_1_446' title='bbox 629 3536 702 3593; x_wconf 90' lang='lat' dir='ltr'><strong>alter</strong></span> <span class='ocrx_word' id='word_1_447' title='bbox 716 3536 876 3595; x_wconf 87' lang='lat' dir='ltr'><strong>imminuit.</strong></span> <span class='ocrx_word' id='word_1_448' title='bbox 893 3537 940 3594; x_wconf 90' lang='lat' dir='ltr'><strong>Sie</strong></span> <span class='ocrx_word' id='word_1_449' title='bbox 963 3539 1012 3611; x_wconf 89' lang='lat' dir='ltr'><strong>pio</strong></span> <span class='ocrx_word' id='word_1_450' title='bbox 1031 3538 1075 3594; x_wconf 90' lang='lat' dir='ltr'><strong>af·</strong></span> <span class='ocrx_word' id='word_1_451' title='bbox 1163 3564 1255 3617; x_wconf 51' lang='lat' dir='ltr'><strong>,mm</strong></span> <span class='ocrx_word' id='word_1_452' title='bbox 1273 3562 1323 3619; x_wconf 69' lang='lat' dir='ltr'><strong>pp,-</strong></span> <span class='ocrx_word' id='word_1_453' title='bbox 1343 3560 1376 3617; x_wconf 51' lang='grc' dir='ltr'><strong>ρ)</strong></span> <span class='ocrx_word' id='word_1_454' title='bbox 1388 3563 1520 3621; x_wconf 54' lang='lat' dir='ltr'><strong>,mm</strong></span> <span class='ocrx_word' id='word_1_455' title='bbox 1538 3580 1573 3621; x_wconf 61' lang='lat' dir='ltr'><strong>a,</strong></span> <span class='ocrx_word' id='word_1_456' title='bbox 1594 3578 1664 3621; x_wconf 62' lang='lat' dir='ltr'><strong>,m</strong></span> <span class='ocrx_word' id='word_1_457' title='bbox 1686 3565 1817 3624; x_wconf 58' lang='lat' dir='ltr'><strong>ligem</strong></span> <span class='ocrx_word' id='word_1_458' title='bbox 1838 3562 1943 3633; x_wconf 50' lang='lat' dir='ltr'><strong>mg.</strong></span> 
     </span>
     <span class='ocr_line' id='line_1_39' title="bbox 248 3625 1220 3698; baseline 0.003 -14"><span class='ocrx_word' id='word_1_459' title='bbox 248 3628 325 3684; x_wconf 87' lang='lat' dir='ltr'><strong>fectu</strong></span> <span class='ocrx_word' id='word_1_460' title='bbox 341 3627 422 3683; x_wconf 89' lang='lat' dir='ltr'><strong>Isaac</strong></span> <span class='ocrx_word' id='word_1_461' title='bbox 437 3625 605 3698; x_wconf 88' lang='lat' dir='ltr'><strong>patriarcha</strong></span> <span class='ocrx_word' id='word_1_462' title='bbox 618 3631 648 3682; x_wconf 88' lang='lat' dir='ltr'><strong>et</strong></span> <span class='ocrx_word' id='word_1_463' title='bbox 661 3630 764 3683; x_wconf 88' lang='lat' dir='ltr'><strong>sancta</strong></span> <span class='ocrx_word' id='word_1_464' title='bbox 774 3626 903 3683; x_wconf 84' lang='lat' dir='ltr'><strong>Rebecca</strong></span> <span class='ocrx_word' id='word_1_465' title='bbox 912 3627 1075 3697; x_wconf 87' lang='lat' dir='ltr'><strong>certabant,</strong></span> <span class='ocrx_word' id='word_1_466' title='bbox 1165 3634 1220 3687; x_wconf 85' lang='lat' dir='ltr'><strong>tur.</strong></span> 
     </span>
    </p>
   </div>
   <div class='ocr_carea' id='block_1_7' title="bbox 171 3713 1955 4955">
    <p class='ocr_par' dir='ltr' id='par_1_7' title="bbox 171 3713 1948 3883">
     <span class='ocr_line' id='line_1_40' title="bbox 249 3713 1946 3797; baseline 0.001 -26"><span class='ocrx_word' id='word_1_467' title='bbox 249 3719 283 3772; x_wconf 91' lang='lat' dir='ltr'><strong>ut</strong></span> <span class='ocrx_word' id='word_1_468' title='bbox 311 3719 448 3771; x_wconf 88' lang='lat' dir='ltr'><strong>neutrum</strong></span> <span class='ocrx_word' id='word_1_469' title='bbox 476 3713 643 3771; x_wconf 88' lang='lat' dir='ltr'><strong>inferiorem</strong></span> <span class='ocrx_word' id='word_1_470' title='bbox 668 3714 806 3785; x_wconf 87' lang='lat' dir='ltr'><strong>facerent,</strong></span> <span class='ocrx_word' id='word_1_471' title='bbox 830 3715 882 3772; x_wconf 90' lang='lat' dir='ltr'><strong>sed</strong></span> <span class='ocrx_word' id='word_1_472' title='bbox 917 3719 1077 3787; x_wconf 88' lang='lat' dir='ltr'><strong>utrumque</strong></span> <span class='ocrx_word' id='word_1_473' title='bbox 1166 3716 1360 3777; x_wconf 69' lang='lat' dir='ltr'><strong>iaraebrata</strong></span> <span class='ocrx_word' id='word_1_474' title='bbox 1380 3720 1593 3791; x_wconf 85' lang='lat' dir='ltr'><strong>benedictione,</strong></span> <span class='ocrx_word' id='word_1_475' title='bbox 1617 3727 1729 3797; x_wconf 86' lang='lat' dir='ltr'><strong>postea</strong></span> <span class='ocrx_word' id='word_1_476' title='bbox 1753 3721 1851 3781; x_wconf 85' lang='lat' dir='ltr'><strong>sanior</strong></span> <span class='ocrx_word' id='word_1_477' title='bbox 1871 3719 1946 3777; x_wconf 83' lang='lat' dir='ltr'><strong>frater</strong></span> 
     </span>
     <span class='ocr_line' id='line_1_41' title="bbox 171 3802 1948 3883; baseline 0.005 -24"><span class='ocrx_word' id='word_1_478' title='bbox 171 3847 178 3859; x_wconf 80' lang='grc'>.</span> <span class='ocrx_word' id='word_1_479' title='bbox 249 3803 391 3877; x_wconf 82' lang='lat' dir='ltr'><strong>equalem</strong></span> <span class='ocrx_word' id='word_1_480' title='bbox 407 3802 485 3875; x_wconf 80' lang='lat' dir='ltr'><strong>(Gen.</strong></span> <span class='ocrx_word' id='word_1_481' title='bbox 501 3819 567 3871; x_wconf 82' lang='lat' dir='ltr'><strong>xxv,</strong></span> <span class='ocrx_word' id='word_1_482' title='bbox 583 3803 640 3877; x_wconf 80' lang='lat'>28).</span> <span class='ocrx_word' id='word_1_483' title='bbox 1130 3807 1248 3866; x_wconf 88' lang='lat' dir='ltr'><strong>advenit</strong></span> <span class='ocrx_word' id='word_1_484' title='bbox 1276 3808 1352 3881; x_wconf 83' lang='lat' dir='ltr'><strong>(Gen.</strong></span> <span class='ocrx_word' id='word_1_485' title='bbox 1381 3825 1471 3883; x_wconf 81' lang='lat' dir='ltr'><strong>xxviv,</strong></span> <span class='ocrx_word' id='word_1_486' title='bbox 1497 3810 1555 3883; x_wconf 76' lang='grc'>30),</span> <span class='ocrx_word' id='word_1_487' title='bbox 1584 3810 1648 3876; x_wconf 81' lang='lat' dir='ltr'><strong>Ouo</strong></span> <span class='ocrx_word' id='word_1_488' title='bbox 1678 3812 1848 3871; x_wconf 84' lang='lat' dir='ltr'><strong>declaratur</strong></span> <span class='ocrx_word' id='word_1_489' title='bbox 1878 3806 1948 3881; x_wconf 77' lang='lat' dir='ltr'><strong>psius</strong></span> 
     </span>
    </p>

    <p class='ocr_par' dir='ltr' id='par_1_8' title="bbox 249 3890 1955 4955">
     <span class='ocr_line' id='line_1_42' title="bbox 283 3890 1949 3975; baseline 0 -26"><span class='ocrx_word' id='word_1_490' title='bbox 283 3894 311 3949; x_wconf 91' lang='lat'><strong>8.</strong></span> <span class='ocrx_word' id='word_1_491' title='bbox 341 3890 416 3949; x_wconf 85' lang='lat' dir='ltr'><strong>Vicit</strong></span> <span class='ocrx_word' id='word_1_492' title='bbox 441 3896 539 3948; x_wconf 88' lang='lat' dir='ltr'><strong>tamen</strong></span> <span class='ocrx_word' id='word_1_493' title='bbox 567 3891 616 3949; x_wconf 94' lang='lat' dir='ltr'><strong>ille</strong></span> <span class='ocrx_word' id='word_1_494' title='bbox 645 3892 697 3964; x_wconf 91' lang='lat' dir='ltr'><strong>qui</strong></span> <span class='ocrx_word' id='word_1_495' title='bbox 725 3890 934 3965; x_wconf 83' lang='lat' dir='ltr'><strong>preferebatur</strong></span> <span class='ocrx_word' id='word_1_496' title='bbox 959 3891 1076 3951; x_wconf 91' lang='lat' dir='ltr'><strong>oraculo</strong></span> <span class='ocrx_word' id='word_1_497' title='bbox 1130 3896 1263 3955; x_wconf 76' lang='lat' dir='ltr'><strong>molesia</strong></span> <span class='ocrx_word' id='word_1_498' title='bbox 1278 3913 1412 3971; x_wconf 85' lang='lat' dir='ltr'><strong>regnum,</strong></span> <span class='ocrx_word' id='word_1_499' title='bbox 1428 3914 1519 3971; x_wconf 88' lang='lat' dir='ltr'><strong>quam</strong></span> <span class='ocrx_word' id='word_1_500' title='bbox 1536 3901 1701 3975; x_wconf 77' lang='lat' dir='ltr'><strong>synagogae</strong></span> <span class='ocrx_word' id='word_1_501' title='bbox 1722 3900 1755 3957; x_wconf 91' lang='lat' dir='ltr'><strong>in</strong></span> <span class='ocrx_word' id='word_1_502' title='bbox 1779 3894 1949 3974; x_wconf 78' lang='lat' dir='ltr'><strong>pradestina-</strong></span> 
     </span>
     <span class='ocr_line' id='line_1_43' title="bbox 249 3980 1951 4064; baseline 0.003 -26"><span class='ocrx_word' id='word_1_503' title='bbox 249 3981 328 4054; x_wconf 80' lang='lat' dir='ltr'><strong>(itit.</strong></span> <span class='ocrx_word' id='word_1_504' title='bbox 344 3980 390 4053; x_wconf 84' lang='grc'><strong>23)</strong></span> <span class='ocrx_word' id='word_1_505' title='bbox 406 3997 413 4038; x_wconf 90' lang='lat'>:</span> <span class='ocrx_word' id='word_1_506' title='bbox 429 3980 499 4037; x_wconf 89' lang='lat' dir='ltr'><strong>vicit</strong></span> <span class='ocrx_word' id='word_1_507' title='bbox 512 3980 675 4054; x_wconf 81' lang='lat' dir='ltr'><strong>impigritia</strong></span> <span class='ocrx_word' id='word_1_508' title='bbox 689 3981 869 4048; x_wconf 89' lang='lat' dir='ltr'><strong>tarditatem,</strong></span> <span class='ocrx_word' id='word_1_509' title='bbox 880 3982 1076 4038; x_wconf 88' lang='lat' dir='ltr'><strong>mansuetudo</strong></span> <span class='ocrx_word' id='word_1_510' title='bbox 1130 3986 1210 4041; x_wconf 90' lang='lat' dir='ltr'><strong>tione</strong></span> <span class='ocrx_word' id='word_1_511' title='bbox 1233 3984 1364 4044; x_wconf 90' lang='lat' dir='ltr'><strong>delatum</strong></span> <span class='ocrx_word' id='word_1_512' title='bbox 1387 4003 1395 4042; x_wconf 89' lang='grc'>;</span> <span class='ocrx_word' id='word_1_513' title='bbox 1419 3987 1472 4045; x_wconf 88' lang='lat' dir='ltr'><strong>sed</strong></span> <span class='ocrx_word' id='word_1_514' title='bbox 1497 3986 1687 4047; x_wconf 83' lang='lat' dir='ltr'><strong>subintrasse</strong></span> <span class='ocrx_word' id='word_1_515' title='bbox 1711 3990 1903 4064; x_wconf 72' lang='lat' dir='ltr'><strong>synagogam,</strong></span> <span class='ocrx_word' id='word_1_516' title='bbox 1924 3983 1951 4036; x_wconf 75' lang='lat' dir='ltr'><strong>ul</strong></span> 
     </span>
     <span class='ocr_line' id='line_1_44' title="bbox 249 4068 1949 4153; baseline 0.002 -28"><span class='ocrx_word' id='word_1_517' title='bbox 249 4070 401 4127; x_wconf 89' lang='lat' dir='ltr'><strong>duritiam.</strong></span> <span class='ocrx_word' id='word_1_518' title='bbox 418 4068 493 4125; x_wconf 89' lang='lat' dir='ltr'><strong>Dum</strong></span> <span class='ocrx_word' id='word_1_519' title='bbox 510 4069 583 4126; x_wconf 91' lang='lat' dir='ltr'><strong>alter</strong></span> <span class='ocrx_word' id='word_1_520' title='bbox 596 4072 702 4125; x_wconf 87' lang='lat' dir='ltr'><strong>venatu</strong></span> <span class='ocrx_word' id='word_1_521' title='bbox 713 4085 817 4142; x_wconf 89' lang='lat' dir='ltr'><strong>aspero</strong></span> <span class='ocrx_word' id='word_1_522' title='bbox 832 4070 960 4142; x_wconf 81' lang='lat' dir='ltr'><strong>predam</strong></span> <span class='ocrx_word' id='word_1_523' title='bbox 971 4071 1078 4142; x_wconf 80' lang='lat' dir='ltr'><strong>querit</strong></span> <span class='ocrx_word' id='word_1_524' title='bbox 1131 4074 1384 4147; x_wconf 84' lang='lat' dir='ltr'><strong>superabundaret</strong></span> <span class='ocrx_word' id='word_1_525' title='bbox 1397 4079 1549 4149; x_wconf 86' lang='lat' dir='ltr'><strong>peceatum</strong></span> <span class='ocrx_word' id='word_1_526' title='bbox 1565 4092 1573 4132; x_wconf 92' lang='lat'><strong>:</strong></span> <span class='ocrx_word' id='word_1_527' title='bbox 1588 4080 1619 4134; x_wconf 89' lang='lat' dir='ltr'><strong>et</strong></span> <span class='ocrx_word' id='word_1_528' title='bbox 1634 4094 1707 4135; x_wconf 90' lang='lat' dir='ltr'><strong>eum</strong></span> <span class='ocrx_word' id='word_1_529' title='bbox 1721 4072 1949 4153; x_wconf 82' lang='lat' dir='ltr'><strong>superabundas·</strong></span> 
     </span>
     <span class='ocr_line' id='line_1_45' title="bbox 249 4153 1951 4241; baseline 0.002 -26"><span class='ocrx_word' id='word_1_530' title='bbox 249 4162 406 4233; x_wconf 88' lang='lat' dir='ltr'><strong>agrestem,</strong></span> <span class='ocrx_word' id='word_1_531' title='bbox 420 4156 466 4213; x_wconf 90' lang='lat' dir='ltr'><strong>bio</strong></span> <span class='ocrx_word' id='word_1_532' title='bbox 481 4157 597 4215; x_wconf 90' lang='lat' dir='ltr'><strong>mitium</strong></span> <span class='ocrx_word' id='word_1_533' title='bbox 613 4157 695 4214; x_wconf 91' lang='lat' dir='ltr'><strong>cibos</strong></span> <span class='ocrx_word' id='word_1_534' title='bbox 711 4174 839 4226; x_wconf 92' lang='lat' dir='ltr'><strong>morum,</strong></span> <span class='ocrx_word' id='word_1_535' title='bbox 864 4157 912 4214; x_wconf 89' lang='lat' dir='ltr'><strong>bie</strong></span> <span class='ocrx_word' id='word_1_536' title='bbox 937 4159 1078 4216; x_wconf 88' lang='lat' dir='ltr'><strong>demesti-</strong></span> <span class='ocrx_word' id='word_1_537' title='bbox 1131 4167 1178 4219; x_wconf 89' lang='lat' dir='ltr'><strong>set</strong></span> <span class='ocrx_word' id='word_1_538' title='bbox 1205 4165 1369 4235; x_wconf 88' lang='lat' dir='ltr'><strong>peecatum,</strong></span> <span class='ocrx_word' id='word_1_539' title='bbox 1399 4164 1656 4237; x_wconf 84' lang='lat' dir='ltr'><strong>superabundaret</strong></span> <span class='ocrx_word' id='word_1_540' title='bbox 1681 4170 1713 4225; x_wconf 91' lang='lat' dir='ltr'><strong>et</strong></span> <span class='ocrx_word' id='word_1_541' title='bbox 1742 4166 1848 4241; x_wconf 72' lang='lat' dir='ltr'><strong>gutia,</strong></span> <span class='ocrx_word' id='word_1_542' title='bbox 1874 4153 1951 4219; x_wconf 80' lang='lat' dir='ltr'><strong>simol</strong></span> 
     </span>
     <span class='ocr_line' id='line_1_46' title="bbox 250 4245 1950 4329; baseline 0.004 -26"><span class='ocrx_word' id='word_1_543' title='bbox 250 4262 314 4305; x_wconf 87' lang='lat' dir='ltr'><strong>cam</strong></span> <span class='ocrx_word' id='word_1_544' title='bbox 340 4247 477 4321; x_wconf 89' lang='lat' dir='ltr'><strong>gratiam,</strong></span> <span class='ocrx_word' id='word_1_545' title='bbox 507 4246 554 4302; x_wconf 89' lang='lat' dir='ltr'><strong>bia</strong></span> <span class='ocrx_word' id='word_1_546' title='bbox 583 4250 689 4303; x_wconf 81' lang='lat' dir='ltr'><strong>tenera</strong></span> <span class='ocrx_word' id='word_1_547' title='bbox 718 4246 956 4305; x_wconf 88' lang='lat' dir='ltr'><strong>mansuetudinis</strong></span> <span class='ocrx_word' id='word_1_548' title='bbox 990 4252 1078 4321; x_wconf 89' lang='lat' dir='ltr'><strong>atque</strong></span> <span class='ocrx_word' id='word_1_549' title='bbox 1132 4250 1253 4309; x_wconf 88' lang='lat' dir='ltr'><strong>clareret</strong></span> <span class='ocrx_word' id='word_1_550' title='bbox 1267 4250 1428 4326; x_wconf 84' lang='lat' dir='ltr'><strong>impigrum</strong></span> <span class='ocrx_word' id='word_1_551' title='bbox 1452 4253 1576 4311; x_wconf 90' lang='lat' dir='ltr'><strong>militem</strong></span> <span class='ocrx_word' id='word_1_552' title='bbox 1598 4255 1688 4329; x_wconf 87' lang='lat' dir='ltr'><strong>regni</strong></span> <span class='ocrx_word' id='word_1_553' title='bbox 1714 4254 1843 4315; x_wconf 75' lang='lat' dir='ltr'><strong>eoelestis</strong></span> <span class='ocrx_word' id='word_1_554' title='bbox 1866 4245 1950 4309; x_wconf 82' lang='lat' dir='ltr'><strong>canii·</strong></span> 
     </span>
     <span class='ocr_line' id='line_1_47' title="bbox 250 4328 1952 4418; baseline 0.005 -27"><span class='ocrx_word' id='word_1_555' title='bbox 250 4335 366 4407; x_wconf 88' lang='lat' dir='ltr'><strong>pietatis</strong></span> <span class='ocrx_word' id='word_1_556' title='bbox 389 4335 438 4407; x_wconf 89' lang='lat' dir='ltr'><strong>pio</strong></span> <span class='ocrx_word' id='word_1_557' title='bbox 464 4334 539 4406; x_wconf 89' lang='lat' dir='ltr'><strong>patri</strong></span> <span class='ocrx_word' id='word_1_558' title='bbox 564 4333 666 4391; x_wconf 91' lang='lat' dir='ltr'><strong>dulces</strong></span> <span class='ocrx_word' id='word_1_559' title='bbox 685 4334 788 4407; x_wconf 88' lang='lat' dir='ltr'><strong>epulas</strong></span> <span class='ocrx_word' id='word_1_560' title='bbox 804 4328 998 4393; x_wconf 56' lang='lat' dir='ltr'><strong>ministravit(</strong></span> <span class='ocrx_word' id='word_1_561' title='bbox 1008 4336 1079 4395; x_wconf 87' lang='lat' dir='ltr'><strong>Plus</strong></span> <span class='ocrx_word' id='word_1_562' title='bbox 1133 4339 1235 4396; x_wconf 91' lang='lat' dir='ltr'><strong>datum</strong></span> <span class='ocrx_word' id='word_1_563' title='bbox 1251 4356 1316 4397; x_wconf 90' lang='lat' dir='ltr'><strong>esse</strong></span> <span class='ocrx_word' id='word_1_564' title='bbox 1337 4341 1444 4399; x_wconf 91' lang='lat' dir='ltr'><strong>debere</strong></span> <span class='ocrx_word' id='word_1_565' title='bbox 1460 4360 1467 4397; x_wconf 90' lang='lat'><strong>:</strong></span> <span class='ocrx_word' id='word_1_566' title='bbox 1483 4345 1517 4399; x_wconf 93' lang='lat' dir='ltr'><strong>ut</strong></span> <span class='ocrx_word' id='word_1_567' title='bbox 1539 4344 1696 4418; x_wconf 76' lang='lat' dir='ltr'><strong>praeripiet</strong></span> <span class='ocrx_word' id='word_1_568' title='bbox 1721 4343 1952 4408; x_wconf 71' lang='lat' dir='ltr'><strong>benedictionem,</strong></span> 
     </span>
     <span class='ocr_line' id='line_1_48' title="bbox 250 4421 1950 4503; baseline 0.005 -26"><span class='ocrx_word' id='word_1_569' title='bbox 250 4421 512 4495; x_wconf 88' lang='lat' dir='ltr'><strong>placetinauimis</strong></span> <span class='ocrx_word' id='word_1_570' title='bbox 527 4422 670 4495; x_wconf 87' lang='lat' dir='ltr'><strong>quidquid</strong></span> <span class='ocrx_word' id='word_1_571' title='bbox 696 4423 865 4490; x_wconf 88' lang='lat' dir='ltr'><strong>occurrerit,</strong></span> <span class='ocrx_word' id='word_1_572' title='bbox 882 4440 971 4497; x_wconf 90' lang='lat' dir='ltr'><strong>quam</strong></span> <span class='ocrx_word' id='word_1_573' title='bbox 996 4426 1079 4497; x_wconf 93' lang='lat' dir='ltr'><strong>quid·</strong></span> <span class='ocrx_word' id='word_1_574' title='bbox 1133 4432 1163 4485; x_wconf 93' lang='lat' dir='ltr'><strong>et</strong></span> <span class='ocrx_word' id='word_1_575' title='bbox 1190 4428 1413 4503; x_wconf 77' lang='lat' dir='ltr'><strong>prerogativam</strong></span> <span class='ocrx_word' id='word_1_576' title='bbox 1443 4447 1504 4487; x_wconf 82' lang='lat' dir='ltr'><strong>eust</strong></span> <span class='ocrx_word' id='word_1_577' title='bbox 1532 4434 1809 4491; x_wconf 83' lang='lat' dir='ltr'><strong>commendationis</strong></span> <span class='ocrx_word' id='word_1_578' title='bbox 1835 4428 1950 4501; x_wconf 67' lang='lat' dir='ltr'><strong>usurpet</strong></span> 
     </span>
     <span class='ocr_line' id='line_1_49' title="bbox 250 4508 1953 4603; baseline 0.005 -38"><span class='ocrx_word' id='word_1_579' title='bbox 250 4510 321 4585; x_wconf 84' lang='lat' dir='ltr'><strong>quid</strong></span> <span class='ocrx_word' id='word_1_580' title='bbox 337 4510 505 4567; x_wconf 86' lang='lat' dir='ltr'><strong>affectatum</strong></span> <span class='ocrx_word' id='word_1_581' title='bbox 520 4512 668 4584; x_wconf 89' lang='lat' dir='ltr'><strong>putaveris</strong></span> <span class='ocrx_word' id='word_1_582' title='bbox 684 4512 883 4569; x_wconf 88' lang='lat' dir='ltr'><strong>deferendum.</strong></span> <span class='ocrx_word' id='word_1_583' title='bbox 900 4514 1031 4571; x_wconf 75' lang='lat' dir='ltr'><strong>Accessit</strong></span> <span class='ocrx_word' id='word_1_584' title='bbox 1042 4514 1078 4571; x_wconf 88' lang='lat' dir='ltr'><strong>ad</strong></span> <span class='ocrx_word' id='word_1_585' title='bbox 1095 4537 1119 4603; x_wconf 67' lang='grc' dir='ltr'><strong>Ι)</strong></span> <span class='ocrx_word' id='word_1_586' title='bbox 1135 4516 1217 4594; x_wconf 86' lang='lat' dir='ltr'><strong>Unde</strong></span> <span class='ocrx_word' id='word_1_587' title='bbox 1230 4533 1289 4574; x_wconf 92' lang='lat' dir='ltr'><strong>non</strong></span> <span class='ocrx_word' id='word_1_588' title='bbox 1302 4522 1348 4575; x_wconf 87' lang='lat' dir='ltr'><strong>est</strong></span> <span class='ocrx_word' id='word_1_589' title='bbox 1362 4521 1483 4577; x_wconf 86' lang='lat' dir='ltr'><strong>notatus</strong></span> <span class='ocrx_word' id='word_1_590' title='bbox 1497 4519 1554 4591; x_wconf 74' lang='lat'><strong>(32)</strong></span> <span class='ocrx_word' id='word_1_591' title='bbox 1568 4520 1807 4595; x_wconf 78' lang='lat' dir='ltr'><strong>epatrejunior</strong></span> <span class='ocrx_word' id='word_1_592' title='bbox 1819 4508 1953 4587; x_wconf 69' lang='lat' dir='ltr'><strong>fibuqati</strong></span> 
     </span>
     <span class='ocr_line' id='line_1_50' title="bbox 250 4599 1953 4679; baseline 0.009 -25"><span class='ocrx_word' id='word_1_593' title='bbox 250 4614 318 4655; x_wconf 89' lang='lat' dir='ltr'><strong>oves</strong></span> <span class='ocrx_word' id='word_1_594' title='bbox 332 4599 432 4667; x_wconf 82' lang='lat' dir='ltr'><strong>Jacob,</strong></span> <span class='ocrx_word' id='word_1_595' title='bbox 449 4603 478 4654; x_wconf 88' lang='lat' dir='ltr'><strong>et</strong></span> <span class='ocrx_word' id='word_1_596' title='bbox 493 4599 591 4654; x_wconf 90' lang='lat' dir='ltr'><strong>attulit</strong></span> <span class='ocrx_word' id='word_1_597' title='bbox 607 4599 778 4655; x_wconf 80' lang='lat' dir='ltr'><strong>innocentiae</strong></span> <span class='ocrx_word' id='word_1_598' title='bbox 795 4604 908 4673; x_wconf 87' lang='lat' dir='ltr'><strong>partus,</strong></span> <span class='ocrx_word' id='word_1_599' title='bbox 924 4600 968 4657; x_wconf 88' lang='lat' dir='ltr'><strong>vel</strong></span> <span class='ocrx_word' id='word_1_600' title='bbox 991 4618 1080 4658; x_wconf 83' lang='lat' dir='ltr'><strong>sacre</strong></span> <span class='ocrx_word' id='word_1_601' title='bbox 1134 4605 1282 4672; x_wconf 84' lang='lat' dir='ltr'><strong>laudatus,</strong></span> <span class='ocrx_word' id='word_1_602' title='bbox 1306 4606 1385 4679; x_wconf 88' lang='lat' dir='ltr'><strong>quod</strong></span> <span class='ocrx_word' id='word_1_603' title='bbox 1411 4607 1452 4665; x_wconf 89' lang='lat' dir='ltr'><strong>ait</strong></span> <span class='ocrx_word' id='word_1_604' title='bbox 1474 4606 1556 4665; x_wconf 86' lang='lat' dir='ltr'><strong>leaeo</strong></span> <span class='ocrx_word' id='word_1_605' title='bbox 1571 4626 1578 4665; x_wconf 89' lang='lat'><strong>:</strong></span> <span class='ocrx_word' id='word_1_606' title='bbox 1595 4631 1611 4661; x_wconf 75' lang='lat' dir='ltr'><strong>a</strong></span> <span class='ocrx_word' id='word_1_607' title='bbox 1636 4614 1744 4670; x_wconf 78' lang='lat' dir='ltr'><strong>Frater</strong></span> <span class='ocrx_word' id='word_1_608' title='bbox 1767 4615 1837 4668; x_wconf 84' lang='lat' dir='ltr'><strong>tuus</strong></span> <span class='ocrx_word' id='word_1_609' title='bbox 1850 4603 1953 4665; x_wconf 71' lang='lat' dir='ltr'><strong>mima</strong></span> 
     </span>
     <span class='ocr_line' id='line_1_51' title="bbox 250 4686 1952 4773; baseline 0.011 -30"><span class='ocrx_word' id='word_1_610' title='bbox 250 4686 412 4762; x_wconf 74' lang='lat' dir='ltr'><strong>prophetiae</strong></span> <span class='ocrx_word' id='word_1_611' title='bbox 428 4704 554 4743; x_wconf 91' lang='lat' dir='ltr'><strong>munera</strong></span> <span class='ocrx_word' id='word_1_612' title='bbox 577 4687 653 4759; x_wconf 83' lang='lat' dir='ltr'><strong>(Gen.</strong></span> <span class='ocrx_word' id='word_1_613' title='bbox 677 4688 705 4755; x_wconf 81' lang='lat'><strong>9,</strong></span> <span class='ocrx_word' id='word_1_614' title='bbox 731 4688 791 4761; x_wconf 89' lang='lat' dir='ltr'><strong>t0);</strong></span> <span class='ocrx_word' id='word_1_615' title='bbox 817 4688 885 4761; x_wconf 90' lang='lat' dir='ltr'><strong>quia</strong></span> <span class='ocrx_word' id='word_1_616' title='bbox 910 4689 1081 4761; x_wconf 84' lang='lat' dir='ltr'><strong>patriarcba</strong></span> <span class='ocrx_word' id='word_1_617' title='bbox 1134 4712 1202 4752; x_wconf 89' lang='lat' dir='ltr'><strong>cum</strong></span> <span class='ocrx_word' id='word_1_618' title='bbox 1217 4693 1294 4764; x_wconf 91' lang='lat' dir='ltr'><strong>dolo,</strong></span> <span class='ocrx_word' id='word_1_619' title='bbox 1310 4695 1422 4768; x_wconf 89' lang='lat' dir='ltr'><strong>accepit</strong></span> <span class='ocrx_word' id='word_1_620' title='bbox 1434 4696 1672 4755; x_wconf 86' lang='lat' dir='ltr'><strong>benedictionem</strong></span> <span class='ocrx_word' id='word_1_621' title='bbox 1689 4702 1777 4757; x_wconf 87' lang='lat' dir='ltr'><strong>tuam</strong></span> <span class='ocrx_word' id='word_1_622' title='bbox 1787 4696 1867 4773; x_wconf 77' lang='lat' dir='ltr'><strong>(er&#39;t.</strong></span> <span class='ocrx_word' id='word_1_623' title='bbox 1878 4694 1952 4761; x_wconf 75' lang='lat'><strong>35)·’</strong></span> 
     </span>
     <span class='ocr_line' id='line_1_52' title="bbox 251 4775 1955 4861; baseline 0.002 -28"><span class='ocrx_word' id='word_1_624' title='bbox 251 4775 351 4833; x_wconf 89' lang='lat' dir='ltr'><strong>cibum</strong></span> <span class='ocrx_word' id='word_1_625' title='bbox 384 4775 501 4833; x_wconf 93' lang='lat' dir='ltr'><strong>nullum</strong></span> <span class='ocrx_word' id='word_1_626' title='bbox 532 4776 656 4832; x_wconf 89' lang='lat' dir='ltr'><strong>eredidit</strong></span> <span class='ocrx_word' id='word_1_627' title='bbox 689 4776 847 4835; x_wconf 88' lang='lat' dir='ltr'><strong>dulciorem</strong></span> <span class='ocrx_word' id='word_1_628' title='bbox 880 4793 955 4845; x_wconf 89' lang='lat' dir='ltr'><strong>esee,</strong></span> <span class='ocrx_word' id='word_1_629' title='bbox 989 4795 1080 4852; x_wconf 86' lang='lat' dir='ltr'><strong>quam</strong></span> <span class='ocrx_word' id='word_1_630' title='bbox 1134 4786 1232 4841; x_wconf 87' lang='lat' dir='ltr'><strong>Bonus</strong></span> <span class='ocrx_word' id='word_1_631' title='bbox 1255 4785 1334 4840; x_wconf 90' lang='lat' dir='ltr'><strong>enim</strong></span> <span class='ocrx_word' id='word_1_632' title='bbox 1362 4783 1448 4841; x_wconf 88' lang='lat' dir='ltr'><strong>dolus</strong></span> <span class='ocrx_word' id='word_1_633' title='bbox 1463 4784 1531 4859; x_wconf 87' lang='grc'>(33),</span> <span class='ocrx_word' id='word_1_634' title='bbox 1548 4786 1598 4843; x_wconf 90' lang='lat' dir='ltr'><strong>ubi</strong></span> <span class='ocrx_word' id='word_1_635' title='bbox 1625 4783 1898 4861; x_wconf 85' lang='lat' dir='ltr'><strong>irreprehensibilis</strong></span> <span class='ocrx_word' id='word_1_636' title='bbox 1918 4778 1955 4836; x_wconf 81' lang='lat' dir='ltr'><strong>est</strong></span> 
     </span>
     <span class='ocr_line' id='line_1_53' title="bbox 252 4864 1952 4955; baseline 0.009 -33"><span class='ocrx_word' id='word_1_637' title='bbox 252 4864 417 4935; x_wconf 81' lang='lat' dir='ltr'><strong>Christum,</strong></span> <span class='ocrx_word' id='word_1_638' title='bbox 445 4865 497 4939; x_wconf 90' lang='lat' dir='ltr'><strong>qui</strong></span> <span class='ocrx_word' id='word_1_639' title='bbox 526 4865 604 4921; x_wconf 90' lang='lat' dir='ltr'><strong>sieut</strong></span> <span class='ocrx_word' id='word_1_640' title='bbox 627 4866 689 4921; x_wconf 89' lang='lat' dir='ltr'><strong>ovis</strong></span> <span class='ocrx_word' id='word_1_641' title='bbox 712 4866 748 4923; x_wconf 89' lang='lat' dir='ltr'><strong>ad</strong></span> <span class='ocrx_word' id='word_1_642' title='bbox 772 4866 946 4924; x_wconf 87' lang='lat' dir='ltr'><strong>occisionem</strong></span> <span class='ocrx_word' id='word_1_643' title='bbox 973 4868 1080 4927; x_wconf 71' lang='lat' dir='ltr'><strong>ducere</strong></span> <span class='ocrx_word' id='word_1_644' title='bbox 1135 4874 1259 4947; x_wconf 90' lang='lat' dir='ltr'><strong>rapina:</strong></span> <span class='ocrx_word' id='word_1_645' title='bbox 1276 4872 1541 4946; x_wconf 89' lang='lat' dir='ltr'><strong>irreprehensibilis</strong></span> <span class='ocrx_word' id='word_1_646' title='bbox 1564 4878 1671 4935; x_wconf 87' lang='lat' dir='ltr'><strong>autem</strong></span> <span class='ocrx_word' id='word_1_647' title='bbox 1696 4876 1808 4955; x_wconf 84' lang='lat' dir='ltr'><strong>rapina</strong></span> <span class='ocrx_word' id='word_1_648' title='bbox 1827 4868 1952 4951; x_wconf 72' lang='lat' dir='ltr'><strong>pietalit²</strong></span> 
     </span>
    </p>
   </div>
   <div class='ocr_carea' id='block_1_8' title="bbox 249 3447 1072 3523">
    <p class='ocr_par' dir='ltr' id='par_1_9' title="bbox 249 3447 1072 3523">
     <span class='ocr_line' id='line_1_54' title="bbox 249 3447 1072 3523; baseline -0.002 -16"><span class='ocrx_word' id='word_1_649' title='bbox 249 3466 283 3507; x_wconf 90' lang='lat' dir='ltr'><strong>ao</strong></span> <span class='ocrx_word' id='word_1_650' title='bbox 298 3448 419 3523; x_wconf 78' lang='lat' dir='ltr'><strong>equalis</strong></span> <span class='ocrx_word' id='word_1_651' title='bbox 434 3452 589 3522; x_wconf 91' lang='lat' dir='ltr'><strong>parentum</strong></span> <span class='ocrx_word' id='word_1_652' title='bbox 605 3464 688 3503; x_wconf 89' lang='lat' dir='ltr'><strong>amor</strong></span> <span class='ocrx_word' id='word_1_653' title='bbox 711 3451 739 3505; x_wconf 90' lang='lat' dir='ltr'><strong>et</strong></span> <span class='ocrx_word' id='word_1_654' title='bbox 763 3447 857 3522; x_wconf 87' lang='lat' dir='ltr'><strong>gratia</strong></span> <span class='ocrx_word' id='word_1_655' title='bbox 877 3449 1045 3507; x_wconf 87' lang='lat' dir='ltr'><strong>conferatur</strong></span> <span class='ocrx_word' id='word_1_656' title='bbox 1065 3466 1072 3505; x_wconf 91' lang='lat'>:</span> 
     </span>
    </p>
   </div>
   <div class='ocr_carea' id='block_1_9' title="bbox 250 5042 1955 5622">
    <p class='ocr_par' dir='ltr' id='par_1_10' title="bbox 250 5042 1955 5622">
     <span class='ocr_line' id='line_1_55' title="bbox 287 5042 1877 5169; baseline 0.001 -68"><span class='ocrx_word' id='word_1_657' title='bbox 287 5044 566 5119; x_wconf 61' lang='lat' dir='ltr'><strong>(timuissemus.</strong></span> <span class='ocrx_word' id='word_1_658' title='bbox 586 5042 762 5125; x_wconf 86' lang='lat' dir='ltr'><strong>complures.</strong></span> <span class='ocrx_word' id='word_1_659' title='bbox 779 5046 1000 5169; x_wconf 54' lang='lat' dir='ltr'><strong>Fiutssp&#39;oitom</strong></span> <span class='ocrx_word' id='word_1_660' title='bbox 1019 5062 1080 5104; x_wconf 91' lang='lat' dir='ltr'><strong>me·</strong></span> <span class='ocrx_word' id='word_1_661' title='bbox 1332 5112 1338 5123; x_wconf 48' lang='lat'>‚</span> <span class='ocrx_word' id='word_1_662' title='bbox 1508 5115 1514 5125; x_wconf 93' lang='lat'>.</span> <span class='ocrx_word' id='word_1_663' title='bbox 1568 5052 1877 5123; x_wconf 75' lang='lat' dir='ltr'><strong>Siscumregibuanti,</strong></span> 
     </span>
     <span class='ocr_line' id='line_1_56' title="bbox 252 5112 1680 5199; baseline 0.001 -28"><span class='ocrx_word' id='word_1_664' title='bbox 252 5115 310 5171; x_wconf 93' lang='lat' dir='ltr'><strong>lius</strong></span> <span class='ocrx_word' id='word_1_665' title='bbox 338 5121 436 5174; x_wconf 89' lang='lat' dir='ltr'><strong>tamen</strong></span> <span class='ocrx_word' id='word_1_666' title='bbox 464 5115 578 5197; x_wconf 80' lang='lat' dir='ltr'><strong>Thuan.</strong></span> <span class='ocrx_word' id='word_1_667' title='bbox 609 5120 638 5171; x_wconf 91' lang='lat' dir='ltr'><strong>et</strong></span> <span class='ocrx_word' id='word_1_668' title='bbox 663 5115 738 5189; x_wconf 64' lang='lat' dir='ltr'><strong>Brg„</strong></span> <span class='ocrx_word' id='word_1_669' title='bbox 754 5116 893 5199; x_wconf 28' lang='lat' dir='ltr'><strong>’&#39;l&#39;onru„¹</strong></span> <span class='ocrx_word' id='word_1_670' title='bbox 922 5116 989 5199; x_wconf 73' lang='lat'><strong>⁸¹.⁰·2</strong></span> <span class='ocrx_word' id='word_1_671' title='bbox 1018 5120 1080 5175; x_wconf 80' lang='lat' dir='ltr'><strong>Fiat</strong></span> <span class='ocrx_word' id='word_1_672' title='bbox 1241 5112 1680 5179; x_wconf 58' lang='lat' dir='ltr'><strong>Fulldlrewlussqutmeuotot.</strong></span> 
     </span>
     <span class='ocr_line' id='line_1_57' title="bbox 251 5185 1416 5317; baseline 0.006 -5"><span class='ocrx_word' id='word_1_673' title='bbox 251 5188 475 5315; x_wconf 58' lang='lat' dir='ltr'><strong>ttit&#39;t‘sf‘</strong></span> <span class='ocrx_word' id='word_1_674' title='bbox 503 5185 793 5315; x_wconf 48' lang='lat' dir='ltr'><strong>&#39;bitalbis</strong></span> <span class='ocrx_word' id='word_1_675' title='bbox 807 5192 1077 5317; x_wconf 58' lang='lat' dir='ltr'><strong>latinitatis·</strong></span> <span class='ocrx_word' id='word_1_676' title='bbox 1134 5207 1170 5266; x_wconf 75' lang='lat' dir='ltr'><strong>n</strong></span> <span class='ocrx_word' id='word_1_677' title='bbox 1184 5209 1282 5267; x_wconf 62' lang='lat' dir='ltr'><strong>sana</strong></span> <span class='ocrx_word' id='word_1_678' title='bbox 1297 5210 1323 5279; x_wconf 66' lang='lat'><strong>³2</strong></span> <span class='ocrx_word' id='word_1_679' title='bbox 1339 5209 1360 5265; x_wconf 90' lang='lat'><strong>¹·</strong></span> <span class='ocrx_word' id='word_1_680' title='bbox 1379 5217 1416 5267; x_wconf 81' lang='lat'><strong>¹²</strong></span> 
     </span>
     <span class='ocr_line' id='line_1_58' title="bbox 250 5274 1939 5404; baseline 0.007 -22"><span class='ocrx_word' id='word_1_681' title='bbox 250 5344 304 5400; x_wconf 83' lang='lat' dir='ltr'><strong>per</strong></span> <span class='ocrx_word' id='word_1_682' title='bbox 326 5274 561 5403; x_wconf 48' lang='lat' dir='ltr'><strong>estr&#39;ipocgmquoli</strong></span> <span class='ocrx_word' id='word_1_683' title='bbox 570 5274 727 5403; x_wconf 52' lang='lat' dir='ltr'><strong>{orantem</strong></span> <span class='ocrx_word' id='word_1_684' title='bbox 749 5344 842 5387; x_wconf 82' lang='lat' dir='ltr'><strong>umore</strong></span> <span class='ocrx_word' id='word_1_685' title='bbox 868 5332 959 5403; x_wconf 83' lang='lat' dir='ltr'><strong>pretio</strong></span> <span class='ocrx_word' id='word_1_686' title='bbox 987 5303 1078 5404; x_wconf 59' lang='lat' dir='ltr'><strong>corrfe³</strong></span> <span class='ocrx_word' id='word_1_687' title='bbox 1153 5306 1257 5358; x_wconf 59' lang='lat' dir='ltr'><strong>smum</strong></span> <span class='ocrx_word' id='word_1_688' title='bbox 1271 5311 1299 5359; x_wconf 72' lang='lat'><strong>⁰²</strong></span> <span class='ocrx_word' id='word_1_689' title='bbox 1312 5308 1451 5373; x_wconf 62' lang='lat' dir='ltr'>¹¹³⁹th</span> <span class='ocrx_word' id='word_1_690' title='bbox 1465 5309 1509 5361; x_wconf 66' lang='lat'><strong>¹²³⁰</strong></span> <span class='ocrx_word' id='word_1_691' title='bbox 1522 5323 1596 5361; x_wconf 73' lang='lat'>‘⁰¹⁰&#39;</span> <span class='ocrx_word' id='word_1_692' title='bbox 1610 5315 1665 5373; x_wconf 54' lang='grc' dir='ltr'><strong>ω’</strong></span> <span class='ocrx_word' id='word_1_693' title='bbox 1682 5312 1842 5379; x_wconf 54' lang='lat' dir='ltr'><strong>dignum</strong></span> <span class='ocrx_word' id='word_1_694' title='bbox 1853 5302 1939 5361; x_wconf 59' lang='grc' dir='ltr'><strong>’Μ’</strong></span> 
     </span>
     <span class='ocr_line' id='line_1_59' title="bbox 253 5400 1955 5495; baseline 0.007 -41"><span class='ocrx_word' id='word_1_695' title='bbox 253 5402 336 5455; x_wconf 84' lang='lat' dir='ltr'><strong>ratur</strong></span> <span class='ocrx_word' id='word_1_696' title='bbox 358 5417 368 5454; x_wconf 96' lang='lat'><em>:</em></span> <span class='ocrx_word' id='word_1_697' title='bbox 397 5402 446 5458; x_wconf 78' lang='lat' dir='ltr'><strong>uti</strong></span> <span class='ocrx_word' id='word_1_698' title='bbox 470 5400 655 5475; x_wconf 85' lang='lat' dir='ltr'><strong>reliquieum</strong></span> <span class='ocrx_word' id='word_1_699' title='bbox 676 5400 872 5458; x_wconf 69' lang='lat' dir='ltr'><strong>adiubabunt</strong></span> <span class='ocrx_word' id='word_1_700' title='bbox 895 5406 928 5457; x_wconf 94' lang='lat' dir='ltr'><strong>ut</strong></span> <span class='ocrx_word' id='word_1_701' title='bbox 955 5401 985 5458; x_wconf 89' lang='lat' dir='ltr'><strong>in</strong></span> <span class='ocrx_word' id='word_1_702' title='bbox 1009 5416 1077 5459; x_wconf 90' lang='lat' dir='ltr'><strong>oon·</strong></span> <span class='ocrx_word' id='word_1_703' title='bbox 1170 5405 1225 5478; x_wconf 78' lang='grc'>(33)</span> <span class='ocrx_word' id='word_1_704' title='bbox 1241 5406 1333 5489; x_wconf 71' lang='lat' dir='ltr'><strong>Bonus</strong></span> <span class='ocrx_word' id='word_1_705' title='bbox 1356 5404 1435 5463; x_wconf 80' lang='lat' dir='ltr'><strong>delos</strong></span> <span class='ocrx_word' id='word_1_706' title='bbox 1458 5410 1536 5464; x_wconf 86' lang='lat' dir='ltr'><strong>recte</strong></span> <span class='ocrx_word' id='word_1_707' title='bbox 1561 5405 1698 5495; x_wconf 51' lang='lat' dir='ltr'><strong>dicitnr}</strong></span> <span class='ocrx_word' id='word_1_708' title='bbox 1730 5400 1955 5495; x_wconf 69' lang='lat' dir='ltr'><strong>quandoquidtffl</strong></span> 
     </span>
     <span class='ocr_line' id='line_1_60' title="bbox 258 5475 1955 5557; baseline 0.008 -33"><span class='ocrx_word' id='word_1_709' title='bbox 258 5475 349 5525; x_wconf 88' lang='lat' dir='ltr'><strong>textu.</strong></span> <span class='ocrx_word' id='word_1_710' title='bbox 1133 5478 1210 5549; x_wconf 90' lang='lat' dir='ltr'><strong>apud</strong></span> <span class='ocrx_word' id='word_1_711' title='bbox 1227 5482 1364 5550; x_wconf 79' lang='lat' dir='ltr'><strong>antiquos</strong></span> <span class='ocrx_word' id='word_1_712' title='bbox 1376 5494 1431 5534; x_wconf 84' lang='lat' dir='ltr'><strong>vox</strong></span> <span class='ocrx_word' id='word_1_713' title='bbox 1444 5476 1595 5538; x_wconf 80' lang='lat' dir='ltr'><strong>deluserat</strong></span> <span class='ocrx_word' id='word_1_714' title='bbox 1612 5482 1725 5536; x_wconf 76' lang='lat' dir='ltr'><strong>medam</strong></span> <span class='ocrx_word' id='word_1_715' title='bbox 1737 5480 1955 5557; x_wconf 65' lang='lat' dir='ltr'><strong>significaturus</strong></span> 
     </span>
     <span class='ocr_line' id='line_1_61' title="bbox 289 5541 1953 5622; baseline 0.004 -25"><span class='ocrx_word' id='word_1_716' title='bbox 289 5542 343 5613; x_wconf 78' lang='lat'><strong>(32)</strong></span> <span class='ocrx_word' id='word_1_717' title='bbox 358 5541 481 5607; x_wconf 80' lang='lat' dir='ltr'><strong>Notatur,</strong></span> <span class='ocrx_word' id='word_1_718' title='bbox 498 5542 552 5599; x_wconf 88' lang='lat' dir='ltr'><strong>boe</strong></span> <span class='ocrx_word' id='word_1_719' title='bbox 567 5548 621 5612; x_wconf 85' lang='lat' dir='ltr'><strong>est,</strong></span> <span class='ocrx_word' id='word_1_720' title='bbox 638 5543 774 5618; x_wconf 84' lang='lat' dir='ltr'><strong>culpatus</strong></span> <span class='ocrx_word' id='word_1_721' title='bbox 789 5546 842 5600; x_wconf 91' lang='lat' dir='ltr'><strong>aut</strong></span> <span class='ocrx_word' id='word_1_722' title='bbox 855 5544 1053 5618; x_wconf 87' lang='lat' dir='ltr'><strong>reprehensus</strong></span> <span class='ocrx_word' id='word_1_723' title='bbox 1069 5565 1077 5604; x_wconf 75' lang='grc' dir='ltr'>ι</span> <span class='ocrx_word' id='word_1_724' title='bbox 1132 5552 1162 5604; x_wconf 92' lang='lat' dir='ltr'><strong>et</strong></span> <span class='ocrx_word' id='word_1_725' title='bbox 1176 5548 1264 5604; x_wconf 88' lang='lat' dir='ltr'><strong>medo</strong></span> <span class='ocrx_word' id='word_1_726' title='bbox 1274 5549 1448 5605; x_wconf 90' lang='lat' dir='ltr'><strong>sumebatur</strong></span> <span class='ocrx_word' id='word_1_727' title='bbox 1459 5565 1512 5622; x_wconf 87' lang='lat' dir='ltr'><strong>pro</strong></span> <span class='ocrx_word' id='word_1_728' title='bbox 1525 5551 1652 5607; x_wconf 85' lang='lat' dir='ltr'><strong>solertia</strong></span> <span class='ocrx_word' id='word_1_729' title='bbox 1663 5550 1953 5620; x_wconf 79' lang='lat' dir='ltr'><strong>licita,maximeoum</strong></span> 
     </span>
    </p>
   </div>
   <div class='ocr_carea' id='block_1_10' title="bbox 255 5612 1925 5690">
    <p class='ocr_par' dir='ltr' id='par_1_11' title="bbox 255 5612 1925 5690">
     <span class='ocr_line' id='line_1_62' title="bbox 255 5612 1925 5690; baseline 0.009 -21"><span class='ocrx_word' id='word_1_730' title='bbox 255 5626 314 5690; x_wconf 90' lang='lat' dir='ltr'><strong>quo</strong></span> <span class='ocrx_word' id='word_1_731' title='bbox 329 5628 418 5671; x_wconf 88' lang='lat' dir='ltr'><strong>sensu</strong></span> <span class='ocrx_word' id='word_1_732' title='bbox 434 5612 571 5673; x_wconf 85' lang='lat' dir='ltr'><strong>Horatius</strong></span> <span class='ocrx_word' id='word_1_733' title='bbox 586 5614 672 5689; x_wconf 87' lang='lat' dir='ltr'><strong>epist.</strong></span> <span class='ocrx_word' id='word_1_734' title='bbox 689 5616 725 5675; x_wconf 88' lang='lat' dir='ltr'><strong>ad</strong></span> <span class='ocrx_word' id='word_1_735' title='bbox 738 5616 875 5677; x_wconf 78' lang='lat' dir='ltr'><strong>Saevum.</strong></span> <span class='ocrx_word' id='word_1_736' title='bbox 1132 5620 1273 5681; x_wconf 86' lang='lat' dir='ltr'><strong>adversus</strong></span> <span class='ocrx_word' id='word_1_737' title='bbox 1288 5620 1404 5683; x_wconf 67' lang='lat' dir='ltr'><strong>besum</strong></span> <span class='ocrx_word' id='word_1_738' title='bbox 1419 5626 1471 5683; x_wconf 87' lang='lat' dir='ltr'><strong>aut</strong></span> <span class='ocrx_word' id='word_1_739' title='bbox 1482 5618 1633 5683; x_wconf 88' lang='lat' dir='ltr'><strong>latronem</strong></span> <span class='ocrx_word' id='word_1_740' title='bbox 1649 5624 1862 5685; x_wconf 85' lang='lat' dir='ltr'><strong>adhibebatur.</strong></span> <span class='ocrx_word' id='word_1_741' title='bbox 1922 5629 1925 5637; x_wconf 84' lang='lat'>&#39;</span> 
     </span>
    </p>
   </div>
   <div class='ocr_carea' id='block_1_11' title="bbox 0 0 2089 6180">
    <p class='ocr_par' dir='ltr' id='par_1_12' title="bbox 0 0 2089 6180">
     <span class='ocr_line' id='line_1_63' title="bbox 0 0 2089 6180; baseline 0 0"><span class='ocrx_word' id='word_1_742' title='bbox 0 0 2089 6180; x_wconf 95' lang='lat' dir='ltr'><strong> </strong></span> 
     </span>
    </p>
   </div>
  </div>
 </body>
</html>
