4159 6184
244 277 303 340 727
979 283 1010 343 S.
1036 279 1225 344 suseusu
1871 296 1919 359 ua
2015 338 2017 363 t

279 419 324 472 58.
340 412 461 472 Pulchre
477 417 574 471 autem
590 415 679 473 etiam
695 416 810 490 Moyses
834 433 900 472 cum
916 415 1069 474 benedico·
1085 414 1159 485 Ain
1182 413 1274 474 silvis.
1300 415 1373 477 Μ
1404 418 1440 477 Et
1461 419 1540 479 Dans
1563 420 1748 481 obumbravit
1768 435 1916 501 supeream,

245 509 288 560 ret
304 503 454 576 Benjamin
477 505 587 562 tribum
612 506 685 561 dixit
702 524 708 562 :
724 529 739 556 a
754 505 883 563 Dilectus
908 523 925 561 a
948 507 1073 563 Domino
1130 507 1393 580 quandovisusest
1407 510 1432 566 ei
1446 510 1732 579 Christusoui'licet
1744 516 1918 586 apertisocolis
2015 502 2017 507 ⁵

244 593 389 650 habitabit
404 594 506 662 ridens,
524 601 551 651 et
575 599 649 650 Deus
675 595 865 652 obumbrabit
889 612 979 670 super
1002 613 1072 652 eum
1128 597 1240 653 videret
1256 597 1341 665 nihil,
1357 604 1456 657 tamea
1479 600 1630 657 Christum
1653 602 1775 660 videbat.
1789 605 1822 660 ut
1839 609 1919 666 meda

247 685 387 740 omnibus
413 683 527 751 diebus,
543 689 571 740 rt
591 684 667 740 iuter
691 685 830 741 humeros
857 685 1020 758 requiescet
1032 685 1075 740 di·
1129 685 1247 742 videbat
1262 693 1446 760 presentem,
1460 705 1546 760 quem
1563 690 1652 747 etiam
1674 691 1806 749 audiebat
1823 693 1921 768 loquer·

246 769 340 827 lectus
356 787 372 826 a
387 769 509 826 Domino
526 771 613 842 (licut.
629 789 728 840 xxxin,
745 772 800 844 12),
818 795 831 824 a
849 772 899 846 qui
914 773 1003 829 etiem
1021 790 1073 829 vas
1129 781 1197 831 tem.
1214 775 1277 831 Non
1293 777 1431 834 cecitatis
1446 784 1492 835 est
1506 779 1692 837 obumbratio
1706 779 1822 850 ista,sed
1833 787 1921 856 gratia.

247 859 398 916 electionis
419 864 463 915 est
478 861 586 934 tactus,
597 861 697 933 Neque
725 861 804 917 enim
829 861 912 918 aliter
936 861 992 919 nisi
1016 864 1073 920 Do·
1128 865 1260 936 Denique
1274 866 1372 922 Maris
1387 867 1496 923 dicitur
1512 886 1518 924 :
1537 890 1552 919 «ι
1568 869 1697 941 Spiritus
1711 874 1823 928 sanctus
1842 889 1925 946 super·

247 949 318 1004 mini
344 952 389 1004 est
413 948 600 1006 miseratione
624 955 651 1006 et
676 967 776 1006 amors
797 967 965 1008 conversus.
991 952 1073 1008 Unde
1128 953 1240 1010 verniet
1254 953 1283 1008 in
1299 959 1338 1022 te,
1353 959 1383 1011 et
1405 955 1498 1013 virtus
1523 957 1668 1014 Altissimi
1691 959 1865 1018 obumbrabit
1884 963 1924 1018 tibi

247 1041 276 1093 et
290 1037 351 1108 ipse
367 1036 440 1092 nihil
456 1038 562 1094 merito
576 1039 710 1096 tribuens
734 1056 799 1110 suo,
813 1041 864 1096 sed
881 1045 976 1096 totum
992 1040 1043 1097 dei
1058 1070 1074 1083 ·
1129 1042 1206 1114 (tac.
1223 1059 1245 1108 r,
1260 1044 1318 1116 35).

246 1141 314 1181 rens
329 1125 455 1193 Christo,
471 1127 512 1182 ait
527 1129 613 1200 :iugo
630 1127 708 1184 enim
725 1146 790 1184 sum
808 1129 950 1185 minimus
961 1133 1075 1202 aposto·
1163 1132 1209 1188 59.
1228 1153 1243 1183 u
1257 1133 1293 1188 ut
1316 1132 1394 1189 inter
1422 1135 1564 1192 humeros
1592 1137 1764 1208 requiescet,
1783 1161 1797 1189 a
1819 1139 1867 1197 hoc
1883 1148 1925 1208 est,

246 1215 342 1272 lorum
372 1217 421 1288 qui
452 1234 510 1272 non
536 1235 601 1272 sum
635 1218 743 1292 dignus
779 1217 875 1274 vocari
911 1219 1072 1292 apostolus,
1129 1220 1562 1296 interbonosectusetopera
1585 1226 1721 1299 pretiosa.
1736 1227 1927 1303 Nametsupra

247 1304 386 1378 quoniam
412 1311 583 1378 persecutus
609 1323 675 1362 sum
698 1307 858 1364 Ecclesiam
883 1308 944 1363 Dei.
974 1307 1076 1364 Gratia
1128 1308 1221 1365 hebes
1236 1310 1315 1380 quod
1327 1310 1462 1368 issachar
1474 1312 1633 1385 supposuit
1646 1312 1800 1371 humerum
1811 1332 1888 1371 suum
1899 1318 1927 1372 ad

246 1394 535 1452 autemDeisumid
553 1397 724 1468 quodsum,
742 1396 957 1470 etgratiaejus
981 1413 1074 1470 egena
1129 1395 1489 1470 laborandum,etiactus
1505 1401 1927 1475 estviragricola.Quemlau·

247 1483 277 1540 in
305 1501 352 1540 me
381 1501 439 1542 non
469 1484 562 1556 furtu
586 1486 648 1542 Cor.
677 1503 723 1551 xv,
748 1487 776 1553 e,
802 1486 856 1558 10).
883 1508 897 1536 ι
927 1486 1075 1542 Habitahit
1127 1485 1929 1566 lusimitatus,posuittldeinovellaplantaria,ideoque

246 1572 341 1629 tideus
354 1571 383 1628 in
400 1573 486 1628 domo
510 1590 600 1646 quam
625 1577 690 1631 ante
714 1575 856 1642 restabat,
873 1574 1019 1632 habitabit
1043 1575 1073 1630 in
1129 1575 1215 1649 quasi
1230 1576 1327 1633 bonus
1339 1576 1468 1648 agricola
1482 1577 1556 1636 dixit
1571 1595 1578 1635 :
1596 1602 1611 1629 «
1630 1580 1690 1654 Ego
1705 1580 1928 1656 planteri,rtpolto
2015 1578 2017 1625 l

154 1740 159 1749 ἱ
246 1661 444 1720 tabernaculis
459 1662 576 1734 Christi,
593 1663 643 1736 qai
665 1667 732 1720 ante
756 1664 833 1720 sicut
854 1663 941 1737 lupus
957 1665 1075 1721 errabat
1130 1663 1235 1737 rigavit
1249 1664 1274 1736 (l
1288 1664 1349 1722 Cor.
1366 1683 1407 1734 ιιι,
1423 1668 1462 1739 6).
1479 1689 1494 1718 »

943 1866 1931 1904 w

444 2071 499 2156 IN
532 2067 753 2156 LIBRUM
781 2069 853 2153 DE
884 2069 1010 2154 uult
1040 2069 1114 2154 ET
1143 2067 1382 2157 JEJUNIO
1410 2069 1754 2180 ADMONITIO,

266 2276 327 2340 Ubi
341 2274 493 2338 nonnulla
508 2273 546 2335 dc
558 2272 681 2352 jejunio
696 2271 966 2351 Quadragesimali
982 2272 1223 2334 Mediolanensis
1236 2273 1393 2348 Ecclesia,
1409 2292 1445 2337 ac
1460 2275 1498 2337 de
1517 2275 1664 2338 conviviis
1682 2295 1779 2357 super
1802 2277 1926 2358 sepulcre

822 2378 996 2452 martyrum
1011 2370 1176 2433 celebratis
1190 2371 1383 2434 inseruntur.

281 2759 398 2833 Legeati
414 2756 492 2813 hunc
507 2755 615 2811 librum
630 2753 709 2810 haud
725 2753 844 2810 dilsscile
859 2752 948 2808 tuerit
962 2755 1021 2808 tres
1036 2752 1066 2807 in
1081 2769 1114 2809 eo
1129 2755 1228 2826 partes
1242 2753 1483 2812 animadvertere.
1500 2756 1532 2812 lu
1549 2755 1660 2830 prima,
1682 2774 1776 2831 eaque
1801 2757 1935 2830 precipua

246 2850 282 2906 ds
290 2846 403 2921 jejunio
418 2846 525 2918 agitur,
541 2849 570 2899 et
584 2841 772 2916 potissimum
787 2842 823 2898 ds
837 2840 1088 2912 Quadragcsimali
1113 2843 1192 2914 qnod
1216 2843 1290 2899 testa
1313 2844 1463 2916 paschalia
1486 2847 1642 2903 antecedit.
1662 2846 1763 2903 Primo
1774 2847 1866 2920 itaqua
1877 2843 1935 2901 illud

246 2936 420 2995 Ambrosius
448 2931 552 2990 asserit
576 2932 650 3003 (cap.
675 2932 703 3002 1)
727 2931 886 3002 quamdam
901 2947 965 2986 esse
989 2933 1229 3004 pugnam,oujas
1258 2933 1398 2990 beneficio
1426 2934 1578 2991 victoriam
1605 2937 1717 3005 crucis,
1743 2941 1773 2993 et
1800 2934 1935 2993 [lominica

247 3023 469 3084 resurrectionis
483 3026 626 3092 tropeum
642 3024 841 3090 reportemus3
859 3019 888 3074 in
904 3018 959 3075 hoc
973 3027 1071 3075 autem
1087 3019 1186 3092 prelio
1202 3021 1300 3094 ipsum
1315 3021 1484 3094 Dominum,
1501 3029 1534 3079 ut
1548 3024 1633 3080 nobis
1658 3026 1789 3082 traderet
1806 3021 1936 3098 pugnandi
2015 3092 2017 3095 Ι

247 3119 352 3182 artem,
376 3117 404 3169 st
427 3110 561 3168 vincendi
585 3109 709 3182 gratiam
734 3109 907 3182 impertiret,
933 3125 1109 3180 precurrere
1123 3109 1269 3178 ,voluisse
1295 3110 1398 3167 Postea
1421 3118 1532 3184 quanta
1550 3113 1659 3185 jejunii
1683 3112 1779 3171 virtus
1802 3115 1848 3180 sit,
1871 3111 1935 3168 brevi
2015 3110 2017 3137 ¹

246 3201 478 3262 dinumeratione
494 3199 692 3272 prodigiorum
708 3215 771 3269 quac
794 3196 889 3269 ipsius
914 3214 968 3269 opo
991 3199 1027 3254 ab
1051 3197 1116 3254 Elia
1138 3202 1254 3272 patrate
1278 3203 1487 3270 memorantur,
1504 3201 1597 3274 aperit
1612 3203 1689 3275 (cap.
1706 3206 1767 3259 2et
1779 3205 1817 3272 3).
1831 3201 1935 3257 Verun-
2015 3216 2016 3243 ι

246 3297 344 3350 tamen
369 3306 436 3347 cum
456 3290 519 3360 jem
546 3287 654 3342 multos
681 3286 771 3342 libros
795 3285 827 3341 de
849 3285 920 3341 Elia
946 3288 1030 3357 pestis
1058 3286 1235 3360 scripsisset,
1265 3285 1400 3359 pluribus
1426 3290 1462 3345 de
1490 3289 1541 3346 illo
1570 3307 1601 3347 se
1630 3292 1936 3365 disputaturumnegat

244 3385 319 3454 (cap.
335 3382 362 3448 3,
380 3395 461 3435 num.
480 3377 519 3449 5),
535 3379 689 3432 contentus
713 3375 797 3432 nobis
821 3375 949 3433 suasisse
978 3379 1009 3431 ut
1037 3377 1175 3433 eumdem
1197 3375 1226 3432 in
1250 3385 1332 3432 sacro
1356 3378 1553 3452 quadraginta
1576 3380 1693 3437 dierum
1715 3380 1829 3455 jejunio
1856 3376 1936 3434 imite-

244 3487 323 3527 mur.

278 3559 325 3614 Sic
339 3557 424 3630 quasi
441 3555 578 3628 prelatus
593 3555 629 3610 de
639 3553 752 3626 jejunio
768 3553 888 3626 propius
904 3555 940 3610 ad
962 3558 1170 3627 argumentum
1194 3571 1282 3612 suum
1307 3556 1428 3613 accedit.
1444 3557 1579 3615 Ostendit
1593 3561 1669 3631 (cap.
1688 3560 1717 3632 1)
1733 3559 1863 3616 eamdem
1884 3569 1937 3612 esse

238 3647 345 3720 J'ejunii
370 3662 404 3701 ac
428 3643 531 3700 mundi
549 3641 754 3714 antiquitatem
772 3659 778 3697 :
796 3641 889 3714 legem
915 3643 1098 3700 abstinentie
1123 3648 1191 3702 ante
1213 3648 1332 3702 ceteras
1356 3663 1374 3701 a
1397 3646 1455 3702 Deo
1480 3645 1583 3715 latam,
1608 3663 1668 3721 qua
1691 3647 1802 3704 violata
1822 3646 1935 3702 Adamas

240 3737 403 3793 nuditatem
419 3733 584 3808 cognoverit
598 3749 683 3788 suam
700 3749 706 3786 :
724 3731 852 3787 declaret
866 3732 971 3804 (cap.5)
988 3733 1096 3789 Noachi
1109 3733 1241 3807 exemplo
1256 3734 1389 3808 ignotum
1405 3735 1442 3791 ad
1457 3736 1487 3791 id
1501 3736 1644 3810 temporis
1657 3737 1755 3794 tuisse
1769 3735 1830 3793 vini
1845 3749 1935 3791 usum:
2015 3802 2016 3813 ἵ

238 3826 383 3882 Abraham
399 3825 429 3880 in
445 3823 574 3880 convivio
590 3839 643 3878 sao
657 3820 770 3893 angelis
784 3821 900 3894 ipsique
915 3821 987 3878 adeo
1011 3823 1115 3879 mundi
1138 3823 1230 3881 totius
1254 3825 1377 3880 Domino
1401 3825 1504 3881 vinam
1521 3842 1579 3882 non
1602 3826 1795 3883 ministrasse
1811 3843 1818 3881 τ
1834 3825 1935 3896 Moysen

237 3916 364 3987 denique
377 3912 485 3988 populo
501 3911 592 3968 solam
608 3927 716 3982 aquam
737 3927 788 3982 per
812 3910 989 3966 miraculum
1012 3913 1217 3986 suppeditasse
1240 3913 1271 3968 in
1297 3914 1421 3971 deserto.
1439 3915 1482 3969 ed
1507 3915 1567 3971 hec
1590 3915 1678 3973 nohis
1703 3915 1842 3972 eumdem
1864 3911 1935 3967 illum

236 4005 366 4077 Moysen,
390 4003 537 4068 lllisaenm,
569 4000 728 4069 Danielem,
753 3998 885 4072 aliosque
909 4001 1170 4073 prestantissimos
1200 4003 1278 4058 viros
1301 4002 1352 4076 qui
1381 4006 1501 4076 propter
1525 4003 1675 4075 jejunium
1704 4002 1845 4060 celebrati
1868 4002 1935 4062 sunt,
2015 3996 2016 4021 ¹

237 4093 376 4167 proponit
399 4093 552 4163 (cap.det
564 4091 603 4161 7).
620 4089 693 4145 Hinc
717 4089 833 4145 venitur
856 4090 930 4162 (cap.
956 4091 983 4158 8,
1006 4090 1023 4144 9
1047 4094 1075 4146 et
1099 4091 1174 4163 seq.)
1199 4089 1354 4163 adjsjanii
1382 4091 1535 4160 utilitates,
1564 4091 1665 4162 eisque
1696 4107 1807 4166 magno
1831 4101 1937 4145 nurnero
2015 4146 2016 4157 χ

235 4182 387 4238 recensitis
401 4179 632 4252 intemperantia
656 4194 689 4234 ec
713 4177 800 4234 laxus
823 4178 1019 4246 incommoda,
1035 4180 1138 4246 turha,
1164 4179 1318 4252 dispendia
1343 4182 1541 4252 opponuntur.
1557 4178 1659 4251 Neque
1681 4195 1754 4236 vero
1778 4178 1850 4234 illud
1872 4191 1937 4248 pre·

235 4270 409 4326 termittitur
432 4269 507 4343 (cap.
524 4269 570 4336 10,
586 4283 668 4324 num.
694 4267 728 4322 31
752 4271 780 4322 ct
804 4267 1008 4340 seq),J'ejunii
1034 4284 1123 4340 opera
1153 4285 1206 4324 nos
1236 4269 1272 4323 ad
1297 4266 1426 4340 mysticae
1451 4284 1571 4332 mensae,
1597 4267 1653 4323 hoc
1678 4272 1738 4336 est,
1763 4261 1937 4324 llucharistie

235 4358 402 4416 societatem
428 4357 552 4414 admitti.
578 4357 643 4413 Hac
670 4361 789 4412 sanctus
818 4355 940 4412 antistes
969 4355 1164 4429 precipiendo
1188 4372 1248 4428 qua
1272 4356 1384 4411 ratione
1413 4373 1467 4412 nos
1489 4357 1622 4428 jejunare
1644 4361 1784 4430 oporteat
1806 4350 1938 4412 concludit
2015 4416 2016 4421 η

236 4448 312 4520 (cap.
330 4447 385 4518 10).

268 4535 403 4592 Secunda
419 4539 498 4607 parte
512 4535 684 4590 Ambrosius
709 4533 738 4588 in
764 4535 809 4590 sui
833 4534 973 4606 temporis
989 4533 1292 4607 intemperantissime
1318 4532 1449 4588 convivia
1472 4532 1630 4590 invehitur.
1650 4533 1802 4590 Describit
1816 4533 1885 4605 (cap.
1901 4526 1937 4594 12)
2015 4604 2016 4607 Ἴ

230 4627 325 4701 primo
341 4625 498 4695 autpertum
512 4633 537 4680 ct
551 4625 748 4679 cr'tisstmcram
764 4623 906 4679 tramittam
921 4625 1154 4695 compotationes
1169 4628 1258 4694 etque
1273 4621 1439 4678 ebrietates.
1469 4621 1581 4679 Deinde
1604 4622 1640 4678 ad
1668 4622 1777 4696 epulas
1801 4621 1935 4695 potentiam

229 4721 256 4772 et
269 4715 487 4790 fortissimorum
506 4712 718 4767 adolescentium
743 4711 846 4767 transit
872 4713 947 4784 (cap.
971 4711 1005 4766 13
1028 4718 1058 4769 st
1082 4712 1166 4784 seq).
1190 4711 1225 4766 llt
1250 4726 1308 4782 quo
1333 4727 1435 4768 sorum
1458 4710 1667 4768 temulentiam
1696 4713 1796 4787 magis
1820 4709 1935 4767 odiosam

228 4805 343 4872 reddat,
358 4819 510 4876 expressas
526 4818 559 4856 ac
574 4800 651 4855 velut
666 4799 811 4871 spirantes
826 4799 958 4873 ipsorum
975 4801 1119 4874 imagines
1133 4801 1170 4856 ob
1187 4799 1289 4856 oculos
1314 4799 1406 4872 ponit.
1434 4800 1609 4874 perstringit
1632 4801 1716 4875 (cap.
1736 4804 1782 4871 17,
1800 4817 1878 4856 num.
1898 4794 1935 4862 61)
2015 4840 2016 4849 ,

228 4894 315 4950 otiam
332 4891 434 4948 modos
449 4890 592 4962 quosdam
609 4887 726 4944 bibendi
742 4889 813 4944 adeo
829 4889 1001 4961 stupendos,
1018 4895 1051 4947 ut
1065 4890 1122 4946 nisi
1137 4888 1196 4945 illis
1211 4892 1318 4956 nostre
1343 4888 1437 4944 aetatis
1463 4904 1610 4961 ganeones
1637 4889 1764 4948 insania
1787 4907 1840 4947 sua
1861 4886 1936 4942 tidem

226 4984 365 5048 tacerent,
381 4981 471 5037 forare
486 4979 652 5034 viderentur
667 4977 863 5034 incredibiles.
878 4979 1026 5036 Postremo
1043 4980 1219 5036 teminorum
1245 4993 1362 5050 quoque
1385 4976 1523 5050 objurgat
1546 4981 1622 5050 (cap.
1642 4980 1691 5048 18,
1709 4995 1795 5035 num.
1809 4977 1854 5047 66)
1866 4973 1935 5029 vino·
2015 5020 2016 5035 ,

224 5071 355 5138 lentiam,
370 5088 428 5143 qua
443 5069 497 5125 illc
515 5067 629 5141 percitae
645 5067 823 5123 Baccharum
848 5067 941 5124 instar
964 5085 1016 5140 per
1039 5068 1121 5126 urhis
1148 5067 1277 5140 compita
1300 5066 1516 5133 discurrebant,
1532 5083 1623 5140 eaque
1643 5069 1867 5142 perpetrabant,
1881 5075 1934 5136 qua
2015 5108 2016 5121 .

224 5177 281 5217 aon
297 5161 370 5234 ipsis
387 5160 491 5234 magis,
509 5174 597 5232 quam
611 5157 823 5228 spectatoribus
838 5161 935 5212 essent
950 5158 1129 5230 perniciosa.

257 5249 289 5304 ln
304 5249 484 5322 tertiaparte
499 5245 746 5320 opportunitatem
765 5245 921 5301 verborum
937 5245 1027 5317 lsaie,
1045 5263 1111 5320 que
1138 5246 1169 5302 in
1196 5242 1320 5301 ecclesia
1345 5243 1446 5300 eodem
1471 5243 1518 5300 die
1543 5242 1619 5301 lecta
1644 5245 1779 5314 fuerant,
1805 5239 1934 5315 arripiens

223 5338 307 5394 dcc'ot
318 5339 393 5410 (cap.
411 5338 454 5406 19)
471 5338 546 5393 hano
563 5351 669 5392 mensa
684 5333 832 5390 licentiam
847 5335 983 5391 vitiorum
998 5334 1142 5404 omnium,
1159 5336 1187 5390 st
1202 5333 1297 5407 ipsius
1312 5348 1430 5405 quoque
1444 5331 1573 5389 eventia
1596 5349 1660 5405 qua
1677 5351 1734 5406 per
1749 5335 1799 5390 133
1813 5335 1842 5388 et
1861 5327 1932 5385 netes

222 5429 360 5498 sumptus
374 5424 495 5482 luciaria
510 5424 713 5492 corraduntur,
727 5423 918 5480 seminarium
935 5440 968 5480 ac
984 5428 1110 5481 matrem
1124 5423 1338 5479 esse.Attamen
1353 5420 1592 5494 exsequentibus
1615 5422 1709 5480 isaioe
1724 5421 1825 5480 verbis
1836 5415 1932 5494 pmhai
2015 5456 2016 5465 ι

221 5519 298 5587 (cap.
312 5516 358 5586 20)
373 5514 635 5571 clementissimum
649 5515 734 5586 juxta
748 5529 782 5570 ec
797 5512 1009 5586 peritissimum
1026 5512 1175 5569 medicum
1191 5513 1373 5579 assensum,
1390 5510 1440 5581 qui
1467 5509 1591 5566 salutern
1607 5510 1648 5566 ad
1665 5527 1756 5590 opem
1778 5525 1860 5566 suam
1873 5521 1929 5579 per·

221 5601 406 5673 fugientibus
434 5601 577 5656 restituet.
607 5601 642 5654 tlt
667 5617 724 5672 quo
751 5601 958 5657 vehementius
987 5602 1024 5656 ad
1051 5601 1080 5656 id
1104 5598 1238 5673 impellat
1266 5598 1424 5667 auditores,
1458 5602 1623 5656 extremum
1658 5599 1821 5672 judicium,
1854 5593 1928 5666 cajus

263 5690 404 5744 'ationem
439 5687 468 5739 in
502 5687 669 5758 prophetica
701 5688 823 5746 lectione
856 5691 1020 5762 audierant,
1055 5690 1113 5748 illis
1148 5691 1178 5746 iu
1213 5688 1384 5748 memoriam
1422 5692 1537 5746 revocat
1568 5691 1648 5761 (cap.
1688 5692 1737 5758 21,
1768 5703 1847 5745 num.
1875 5685 1925 5749 77)·
