4159 6184
289 283 348 344 839

1012 278 1045 338 s.
1069 271 1256 343 AMBROSII
1900 284 1947 345 ete

291 415 361 470 ffijpi
379 413 462 478 (berit,
480 429 516 468 ιν,
533 411 607 476 tiit»
624 409 796 466 Remedium
818 410 935 481 quidem
958 410 1046 471 stertit,
1065 411 1113 464 sed
1132 414 1155 476 ,t
1175 409 1252 462 vivillo
1269 407 1453 462 servnonihns
1476 405 1664 461 contradicat.
1694 405 1807 477 Sapiens
1829 415 1866 464 est
1888 417 1948 471 enin
2021 436 2022 501 p

289 507 386 556 tamen
413 497 623 554 conscientiam
647 495 818 554 vulneravit.
840 498 896 554 Sed
921 503 982 554 esto
1008 503 1040 553 ut
1064 497 1116 553 ali-

289 587 406 660 quando
422 585 507 642 fessis
519 603 642 642 somnus
652 586 782 659 obrepat,
796 592 939 644 terremur
949 587 1115 652 insomniis,

288 677 471 748 exagitamur
494 674 669 734 visionibus,
686 693 718 729 ut
742 693 799 730 non
823 676 886 746 Jem
912 676 1038 748 requies,
1065 677 1116 731 sed

288 781 375 840 paena
394 765 441 821 sit.
460 764 501 820 lte
528 765 606 819 enim
635 765 745 820 abeunt
771 765 876 820 divitiae
902 765 1011 830 saeculi,
1028 764 1116 820 veluti

289 855 438 912 somnium
468 854 661 926 exsurgentis.
687 853 815 909 Surrexit
841 854 949 926 aliquis
972 871 1006 910 ex
1029 853 1115 911 istius

290 942 420 1016 corporis
447 959 562 1012 wmno,
587 946 616 998 et
641 941 714 998 nihil
744 943 884 1016 possedit,
903 943 991 1017 idque
1016 943 1114 1016 ipsum

289 1032 367 1105 quod
382 1047 413 1087 se
428 1031 564 1086 credebat
578 1031 696 1097 hebere,
712 1031 821 1087 amisit.

322 1121 349 1174 9.
365 1119 538 1175 constituite
554 1120 625 1176 mihi
642 1137 720 1176 nunc
735 1121 854 1177 divitem
869 1120 966 1187 illum,
978 1120 1028 1193 qui
1041 1137 1115 1193 quo·

286 1209 401 1266 tidiana
416 1209 497 1264 lucra
512 1213 540 1265 et
554 1215 684 1280 questus
699 1210 793 1267 varios
809 1211 993 1282 congerebat,
1009 1215 1037 1265 et
1051 1227 1115 1266 exa-

287 1297 437 1371 gitabatur
451 1297 661 1369 cupiditatibus
677 1299 750 1364 suis,
765 1298 864 1354 subito
881 1297 1114 1371 resipiscentem,

1172 497 1332 563 intellectu,
1350 503 1378 552 ct
1393 496 1485 563 lor-tis,
1502 499 1531 550 et
1546 509 1691 564 magnus:
1707 494 1771 564 quis
1795 501 1847 553 hm
1869 500 1950 571 durus,

1172 590 1205 641 ut
1219 585 1248 641 in
1264 590 1421 658 conspectu
1436 583 1604 656 ejuspossit
1633 581 1814 640 subsisteret
1835 585 1880 651 Qui
1900 589 1952 647 latit

1171 680 1287 730 montes
1302 675 1523 740 inveterascere,
1540 677 1569 727 et
1584 671 1727 739 nesciunt,
1755 677 1783 728 et
1807 677 1895 732 evertit
1915 695 1952 736 eos
2021 656 2022 705 l

1171 764 1332 819 iracundia.
1351 763 1404 829 Qui
1420 765 1583 818 commovet
1601 761 1703 816 orbum
1723 765 1883 819 terrarame
1904 767 1953 822 iun·

1171 853 1328 921 dementis,
1344 857 1373 907 et
1387 852 1530 907 columnae
1544 851 1607 922 ejus
1633 851 1808 922 quatiuntur.
1834 853 1882 916 Qui
1901 855 1953 912 dicit

1171 941 1237 1008 soli,
1253 945 1281 996 et
1294 958 1350 997 non
1366 941 1468 1008 oritur,
1486 941 1626 995 adversus
1642 944 1739 995 autem
1767 939 1856 996 sidera
1880 931 1953 999 consi-

1170 1035 1250 1102 gnat.
1265 1029 1319 1094 Qui
1334 1029 1462 1085 extendit
1473 1027 1580 1084 coelum
1595 1027 1687 1097 solus,
1704 1031 1732 1082 et
1754 1027 1874 1084 ambulat
1896 1031 1954 1086 sicot

1170 1120 1199 1173 in
1216 1119 1385 1191 pavimento
1403 1134 1494 1190 snpra
1508 1134 1599 1173 mare.
1615 1116 1668 1182 Oui
1697 1115 1763 1171 iecit
1786 1116 1913 1189 vergilias,
1935 1125 1956 1175 et

1169 1206 1338 1279 hesperum,
1352 1208 1381 1263 et
1394 1204 1633 1278 septentrionem,
1645 1210 1676 1260 et
1688 1204 1763 1260 susti
1774 1203 1952 1262 ministerium:

1170 1296 1221 1368 qui
1237 1296 1305 1352 lacit
1324 1311 1431 1368 magne
1457 1299 1486 1349 ct
1514 1292 1737 1366 investigabilis,
1763 1292 1956 1366 glorioseqneet

288 1386 581 1458 considerantemque
597 1403 707 1454 secum,
721 1388 791 1460 quia
806 1405 863 1443 nou
880 1404 947 1444 eum
963 1388 1113 1455 morietur,
1168 1384 1326 1451 immensa,
1343 1399 1468 1456 quorum
1484 1399 1542 1438 non
1558 1388 1603 1438 est
1615 1398 1768 1438 numerus.
1784 1383 1812 1437 Si
1839 1385 1955 1454 preterie-

287 1475 410 1553 eocipiet
436 1475 545 1540 urrrrria,
566 1493 661 1548 neque
690 1477 779 1532 simol
804 1471 959 1533 descendet
986 1493 1053 1533 curn
1081 1494 1114 1533 eo
1170 1475 1207 1529 rit
1222 1491 1278 1541 me,
1295 1491 1354 1529 non
1370 1473 1496 1528 videbo:
1513 1477 1544 1528 et
1557 1473 1581 1528 si
1598 1471 1953 1544 mepretcrgressuslverit,

287 1566 380 1640 gloria
404 1565 509 1622 danius
535 1566 609 1636 ejus,
627 1571 654 1620 et
679 1567 755 1638 quod
781 1584 815 1622 ca
839 1584 903 1639 quae
928 1565 1067 1639 possidet,
1083 1566 1115 1621 in
1170 1578 1222 1618 nec
1238 1563 1279 1617 sic
1295 1562 1386 1618 sciam
1401 1562 1460 1629 (lob
1476 1578 1514 1626 rx,
1529 1561 1617 1631 9-17).
1638 1561 1754 1624 Quanto
1775 1559 1956 1615 vehementiore

287 1655 340 1711 hec
354 1655 414 1710 vita
437 1654 563 1709 habeant
588 1653 699 1726 aliquid
715 1653 882 1726 voluptatis,
900 1671 958 1710 non
980 1656 1068 1710 etism
1084 1655 1113 1710 in
1168 1653 1240 1707 tuba
1254 1652 1309 1707 iste
1324 1650 1470 1722 increpuit
1485 1651 1521 1704 de
1536 1648 1651 1704 Donrini
1663 1651 1804 1722 potestate
1817 1648 1830 1704 t
1843 1648 1891 1704 Sed
1901 1648 1956 1703 iace

287 1744 431 1807 laturum,
443 1743 620 1814 aperientem
636 1743 735 1798 orarios
751 1745 786 1798 nd
804 1743 931 1799 coelestia
942 1746 997 1815 (77.
1013 1743 1114 1799 Nonne
1165 1740 1314 1810 justorum
1327 1739 1481 1806 auxilium,
1499 1755 1556 1794 non
1574 1739 1657 1793 ruina
1671 1744 1725 1793 est.
1754 1738 1876 1810 Denique
1895 1737 1957 1792 vide·

286 1833 339 1887 tibi
355 1832 471 1887 videtur
486 1833 561 1886 sicut
576 1832 627 1903 qui
653 1833 682 1886 in
707 1834 819 1887 somnis
836 1833 964 1899 bibebat,
979 1833 1089 1889 bibisse
1107 1862 1116 1907 ς
1170 1834 1219 1884 tur
1232 1830 1354 1901 exprimi
1372 1828 1512 1900 potentie,
1528 1827 1578 1883 sed
1591 1827 1684 1900 magis
1699 1826 1896 1900 redemptionis
1908 1841 1956 1879 uos·

286 1926 315 1976 et
329 1920 406 1975 sicut
422 1919 470 1992 qui
487 1921 516 1974 in
534 1920 647 1976 somnis
667 1919 849 1992 epulabatur,
867 1920 1003 1994 epulatus
1020 1937 1026 1975 ε
1046 1939 1114 1994 ape·
1171 1921 1223 1974 trae
1238 1919 1377 1988 mysteria
1391 1917 1587 1973 declarantur.

287 2010 382 2066 ruisse
398 2013 497 2064 autem
513 2007 613 2064 oculos
624 2013 651 2064 et
666 2010 837 2081 cognovisse
852 2011 929 2082 quod
943 2009 1116 2081 animaejus
1490 2031 1607 2088 CAPUT
1634 2031 1668 2086 v·

286 2099 373 2154 inane
388 2098 525 2170 speravit,
540 2101 568 2152 et
583 2097 679 2153 adhuc
701 2099 926 2170 sacristaeque
943 2099 1032 2162 sitiat,
1046 2099 1115 2170 quis
1170 2129 1259 2180 Deum
1273 2125 1369 2194 fecisse
1382 2126 1485 2177 ,mmm
1518 2124 1724 2186 inveterascere,
1741 2120 1770 2175 id
1794 2121 1841 2186 ω),
1866 2120 1959 2173 mm
1985 2081 1988 2087 ’

290 2187 410 2243 ffl⁰d¹¹ffl
428 2204 485 2242 ¹¹⁰⁰
502 2185 589 2241 habel
604 2187 734 2255 amitiit,
750 2205 803 2242 11ssss
818 2188 957 2258 rapiendi)
971 2186 1113 2260 exple-lui,
1210 2197 1311 2252 Veteris
1329 2195 1492 2249 Testa-menti
1507 2193 1701 2265 inspiritalem
1716 2207 1823 2248 scaram
1842 2191 1958 2246 convertis·

288 2275 338 2333 scd
355 2275 493 2332 incitatur
514 2292 547 2330 eo
570 2275 710 2350 egentior,
727 2293 783 2348 quo
801 2277 884 2346 plura
900 2276 1066 2348 quesierit?
1082 2277 1115 2332 lit
1204 2283 1257 2322 ⁸01
1284 2266 1400 2337 Jttlaeot,
1415 2265 1486 2336 qaod
1507 2264 1578 2321 illud
1598 2265 1799 2332 iynorflvt’t't'ttt,
1825 2259 1959 2318 militi

289 2364 338 2419 hic
352 2380 420 2436 ergo
435 2364 572 2428 surrexit,
589 2367 618 2420 st
632 2379 738 2418 vanum
755 2370 799 2418 est
815 2363 974 2419 somnium.
1204 2355 1260 2448 reor?
1274 2354 1332 2393 esse
1345 2338 1378 2392 ob
1391 2337 1519 2419 prodictu
1532 2351 1597 2407 qaae
1611 2334 1715 2418 Christi
1729 2337 1844 2416 mortem
1853 2341 1909 2388 seer
1919 2345 1959 2457 gg

611 2477 725 2534 tlthh'T
746 2479 791 2534 IV·
1204 2426 1244 2463 aa
1257 2412 1315 2474 iilo,
1331 2408 1377 2464 scd
1391 2424 1511 2464 raeccine
1524 2410 1558 2462 ob
1572 2408 1637 2463 sota
1651 2405 1898 2476 deiectionemque

1204 2482 1332 2540 cribttur,
1344 2482 1504 2549 Turprcntur
1518 2479 1575 2532 cilio
1589 2477 1718 2548 qitoecium
1735 2475 1838 2531 Christi
1857 2489 1933 2545 opera
1944 2477 1961 2522 et

287 2569 422 2638 Quomodo
441 2570 525 2623 amici
546 2567 595 2624 lob
617 2568 653 2622 cci
675 2568 869 2624 corroboratam
891 2586 954 2625 eum
978 2571 1114 2625 vementes
1201 2551 1501 2624 praecipueambutatio
1528 2551 1560 2604 ²¹²⁸
1585 2552 1682 2614 '’ulfi’'
1708 2547 1806 2603 “bl'de
1831 2543 1961 2601 'libbam‘

321 2642 380 2712 ejus
394 2639 513 2696 dotorem
528 2639 735 2696 acerbaverint:
747 2649 773 2695 et
786 2657 868 2710 qaam
880 2641 1027 2710 muenifice
1037 2639 1110 2696 idem

1203 2625 1288 2690 Petri,
1305 2638 1337 2677 oc
1356 2621 1389 2678 de
1402 2620 1574 2677 conterendis
1596 2620 1716 2676 iratribus
1747 2619 1861 2685 Tirarris,
1887 2615 1960 2688 quibu

320 2714 435 2840 mittini,
448 2712 481 2768 cte
494 2711 591 2840 ‘¹²²’th
604 2716 742 2782 potestate,
759 2728 791 2767 oc
805 2711 995 2784 redemptionis
1008 2721 1109 2783 myste·
1202 2711 1314 2766 ⁶0'lt0t'st
1329 2702 1423 2749 '2⁰⁸2'ss
1438 2693 1630 2763 militianm

320 2801 365 2840 riu
397 2797 568 2855 eetcuncerr.

1202 2811 1245 2862 l‘e.
1261 2809 1316 2872 Qui
1332 2813 1401 2864 sunt
1413 2810 1491 2865 enirn
1507 2814 1622 2864 montes
1637 2825 1715 2880 quos
1729 2807 1923 2862 inveterascere
1932 2799 1962 2852 lt·

322 2900 365 2954 10.
382 2899 436 2953 Sed
454 2898 559 2954 iterum
575 2898 672 2968 ipsum
694 2896 851 2953 avidiamus
866 2895 1010 2953 dicentem
1028 2915 1062 2952 z«
1078 2897 1111 2953 ln
1167 2897 1215 2965 cit,
1226 2897 1289 2953 nisi
1300 2902 1421 2971 Moyses,
1437 2905 1532 2954 Aaron
1547 2901 1575 2953 et
1588 2897 1676 2953 illias.
1692 2897 1783 2953 iesus
1797 2895 1879 2955 Nave,
1892 2890 1963 2946 aede
2021 2964 2022 2975 ἵ

286 2985 406 3042 veritate
422 2985 487 3042 novi
512 2985 589 3055 quod
613 2984 653 3039 ite
678 2988 737 3051 est;
760 2985 907 3057 quomodo
931 2985 1008 3040 enim
1033 2987 1111 3042 929
1166 3004 1203 3043 on
1218 2987 1376 3060 propheta,
1391 3003 1491 3043 ornnes
1506 2986 1573 3042 libri
1591 2984 1703 3041 Veteris
1717 2973 1962 3041 Testainentilllr
2021 2980 2022 2995 ¹

285 3074 340 3130 erit
351 3073 463 3145 justus,
492 3071 634 3140 mortalis,
657 3077 712 3128 eto.
735 3073 803 3143 (tob.
820 3090 859 3136 rx,
875 3073 913 3144 2).
928 3095 941 3122 »
958 3073 1111 3130 incumbe·
1166 3075 1211 3132 nit
1224 3075 1486 3132 Dominustesus:
1503 3075 1615 3130 Novum
1630 3073 1739 3129 detulit
1758 3071 1963 3128 Testamentum,

286 3162 412 3220 bontilli
440 3161 527 3219 amici
544 3161 593 3232 qni
615 3161 650 3215 ed
676 3160 888 3217 consolandum
916 3166 1064 3229 venerant,
1081 3146 1146 3218 etC
1165 3169 1194 3221 et
1206 3163 1279 3221 illud
1296 3165 1373 3236 quod
1388 3168 1450 3220 erat
1464 3168 1557 3231 vetus,
1575 3164 1685 3219 laetum
1702 3167 1749 3219 est
1764 3175 1877 3217 novum.
1896 3156 1962 3209 lnue·
2021 3154 2022 3183 t

285 3253 370 3326 quasi
384 3251 496 3308 inimici
506 3249 615 3305 amaris
627 3265 694 3305 euna
706 3251 901 3324 perurgebant
912 3251 1109 3307 sermonibus.
1164 3259 1249 3309 vatus
1261 3254 1318 3325 (79)
1333 3261 1378 3310 est
1392 3252 1586 3318 Christianus,
1602 3251 1778 3308 inveteravit
1792 3244 1964 3305 litteratissi-

288 3340 383 3397 Unum
399 3341 477 3396 enim
493 3336 590 3395 solatii
603 3355 696 3411 genus
707 3339 789 3394 estin
801 3355 931 3394 erumna
947 3339 1017 3394 etin
1034 3356 1112 3396 ama·
1164 3341 1200 3397 tit
1215 3349 1339 3410 montes,
1356 3349 1385 3398 et
1396 3340 1545 3397 convertit.
1571 3342 1679 3396 Evertit
1707 3340 1789 3395 enim
1816 3344 1844 3393 et
1868 3327 1964 3390 subruit

289 3429 417 3485 ritudine
436 3427 603 3484 constitutis
618 3426 704 3500 culpo
724 3444 835 3495 vacare,
854 3435 885 3483 ut
908 3445 942 3483 ee
966 3427 1029 3501 qum
1046 3445 1109 3501 per·
1164 3431 1346 3488 intellectum
1362 3431 1525 3486 secundum
1540 3429 1679 3496 litteram,
1696 3435 1726 3485 et
1752 3425 1856 3484 statuit
1881 3415 1965 3478 iutelli-

287 3518 439 3590 petiuntur
453 3516 584 3583 adversa,
601 3533 658 3573 aon
675 3533 727 3589 pro
742 3517 839 3573 delicti
860 3519 950 3590 pretio
966 3518 1111 3575 sustinere
1165 3521 1293 3594 gentiam
1306 3520 1480 3593 spiritalem.
1497 3519 1667 3576 intellectus
1680 3535 1752 3590 crgo
1768 3515 1816 3572 ille
1831 3511 1906 3584 legis
1918 3521 1965 3563 m·

287 3607 447 3662 videantur.
462 3605 520 3661 lloc
535 3622 651 3677 quoque
666 3611 766 3661 sancto
786 3606 847 3662 viro
862 3607 990 3664 adimere
1005 3608 1110 3681 gestie·
1165 3611 1229 3665 nuit
1242 3608 1379 3677 carnalis,
1395 3612 1424 3664 et
1439 3609 1533 3664 lectus
1549 3611 1594 3665 est
1616 3606 1774 3680 spiritalis.
1804 3602 1881 3660 Unde
1906 3601 1965 3670 ipo·

288 3695 372 3764 hant;
390 3699 421 3750 ut
435 3695 581 3750 videretur
605 3695 666 3766 ipse
691 3713 749 3750 suae
774 3700 877 3750 auctor
897 3713 1043 3766 erumna,
1060 3697 1111 3768 qni
1165 3698 1258 3754 stolus
1274 3698 1314 3752 ait
1331 3714 1337 3752 :
1355 3697 1471 3753 Scimus
1487 3702 1586 3753 autem
1602 3697 1764 3770 quiedsstl
1780 3693 1837 3749 Lex
1850 3683 1966 3762 spiritalis

286 3784 414 3858 peccetis
428 3783 566 3857 gravibus
579 3783 696 3839 Domini
712 3784 904 3840 contraxisset
920 3787 1072 3851 offensam,
1084 3790 1112 3841 et
1164 3794 1219 3854 est,
1236 3804 1289 3859 ego
1308 3791 1405 3843 eutem
1422 3784 1548 3842 carnalis
1564 3801 1630 3841 sum
1646 3785 1739 3857 (Rom.
1755 3799 1807 3850 vn,
1823 3779 1875 3849 et).
1891 3800 1903 3825 »
1925 3768 1967 3828 sat

287 3889 338 3946 pro
353 3871 553 3945 impietatibus
576 3873 638 3928 suis
663 3872 714 3928 ille
738 3864 874 3929 toleraret
891 3891 897 3930 :
914 3873 1111 3930 describentes
1165 3881 1194 3931 et
1209 3877 1271 3948 ipse
1286 3875 1336 3948 qui
1352 3874 1478 3931 carnalis
1493 3879 1565 3942 erat,
1583 3877 1678 3929 lactus
1694 3877 1742 3929 cst
1757 3861 1968 3944 spiritaliasicvt

286 3961 443 4036 impiorum
459 3961 603 4034 supplicia
619 3980 625 4018 :
644 3967 674 4017 ut
696 3961 745 4034 qui
761 3962 831 4017 vitiu
850 3965 990 4031 sererent,
1006 3969 1034 4018 et
1050 3980 1110 4019 rne-
1164 3964 1228 4036 ipse
1243 3961 1378 4029 asseruit,
1395 3963 1496 4020 dicens
1513 3980 1520 4019 :
1537 3985 1552 4016 a
1568 3963 1640 4019 Puto
1656 3962 1740 4018 enim
1771 3965 1800 4017 et
1827 3972 1878 4030 ego
1901 3945 1967 4023 spiri·

284 4055 379 4108 terent
407 4049 464 4106 sibi
493 4050 713 4122 dolores,quod
739 4049 877 4105 mandata
905 4051 1033 4122 perirent
1060 4051 1111 4107 Dei
1165 4057 1229 4109 tum
1244 4053 1514 4121 Deihabeo(lCor.
1534 4053 1658 4120 vr,ttt).
1690 4051 1752 4106 llos
1782 4064 1850 4120 ergo
1876 4041 1968 4098 moult!

285 4141 352 4213 (lob.
370 4157 407 4207 iv,
424 4141 451 4205 8,
466 4139 505 4208 9),
524 4142 553 4194 et
567 4137 671 4212 spiritu
687 4138 751 4192 vita
770 4137 866 4211 ipsius
880 4137 1031 4195 interirent
1042 4141 1110 4212 (78),
1165 4141 1335 4196 inveteravit
1349 4141 1447 4208 tosus,
1463 4145 1492 4196 et
1506 4140 1601 4196 iudei
1617 4140 1769 4196 nesciunt.
1787 4137 1818 4194 Si
1837 4133 1911 4191 enirn
1932 4139 1967 4180 tt

285 4231 336 4302 qui
352 4228 517 4286 insulllurst
536 4229 639 4284 domos
662 4226 758 4282 luteas
782 4227 1015 4284 inhabitantibus
1030 4229 1110 4300 (ibid.
1165 4230 1344 4302 guorissent,
1362 4246 1515 4301 nunquam
1529 4228 1688 4285 Dominum
1705 4225 1873 4299 mejestatis
1898 4212 1968 4274 cruci·

286 4319 341 4390 19),
357 4311 575 4383 etareseerent,
592 4315 1110 4388 cogitationesdestitusretversuto·
1166 4319 1299 4374 fixissent
1316 4335 1322 4372 ε
1340 4335 1492 4391 nunquam
1521 4317 1619 4374 adhuc
1644 4316 1771 4372 bodalca
1805 4305 1968 4370 deliramenti

285 4423 363 4472 rum,
389 4423 421 4462 os
445 4407 608 4462 obstrueret
631 4404 734 4476 injusti
752 4405 820 4477 (iob.
838 4423 863 4474 v,
881 4406 934 4476 19).
952 4409 1019 4472 Qua
1043 4423 1111 4463 vere
1165 4411 1368 4479 sequerentur.
1379 4407 1435 4480 lpsi
1452 4411 1521 4462 sunt
1532 4423 1600 4480 ergo
1611 4405 1660 4480 qui
1672 4406 1823 4462 nesciunt.
1832 4391 1968 4458 Undeetiss

285 4492 404 4564 quidem
420 4494 456 4549 de
472 4493 587 4549 Domini
602 4497 755 4566 potestate,
770 4493 818 4548 sed
836 4509 894 4549 non
911 4495 1112 4551 convenientia
1127 4520 1150 4584 D
1165 4495 1322 4568 Evangelio
1334 4496 1405 4551 dicit
1416 4496 1670 4552 bominustesus:
1688 4519 1703 4546 «
1722 4493 1845 4550 Dimitte
1856 4487 1918 4550 illis,
1930 4482 1969 4536 Pt‘

285 4582 358 4640 tenti
374 4582 426 4637 viri
443 4582 556 4638 meritis
574 4582 753 4638 asserebant.
1167 4589 1221 4650 ter,
1237 4586 1306 4656 quia
1318 4584 1453 4641 nesciunt
1468 4585 1546 4657 quod
1561 4584 1672 4640 iaciunt
1686 4586 1767 4655 (Luc.
1784 4595 1863 4647 xxur,
1876 4575 1946 4643 3⁴)·”

265 4709 273 4719 -
321 4670 430 4727 ll.His
449 4687 517 4738 erpo
542 4669 743 4742 respondim
761 4669 927 4726 inveritate
952 4671 1016 4726 novi
1043 4674 1113 4744 quia
1202 4673 1247 4729 t3.
1264 4673 1320 4728 Sed
1336 4690 1394 4729 nou
1410 4678 1589 4730 excusantur
1601 4674 1672 4746 quia
1686 4673 1839 4736 nesciunt,
1852 4680 1912 4722 cum
1936 4673 1971 4712 or
2021 4684 2022 4757 p

286 4761 329 4817 ita
343 4765 389 4816 est
400 4779 406 4816 :
419 4760 565 4834 quomodo
575 4758 653 4815 enim
667 4759 769 4829 justus
781 4759 914 4816 mortalis
929 4761 1006 4832 apud
1017 4761 1114 4817 Domi·
1167 4763 1242 4818 scire
1258 4761 1361 4828 nolint,
1377 4762 1455 4834 quod
1467 4761 1621 4819 debuerint
1635 4777 1830 4835 cognoscere.
1845 4756 1971 4812 &iterun

285 4849 421 4907 numlSi
438 4850 517 4906 enim
532 4847 656 4904 voluerit
666 4847 779 4918 judicio
796 4849 969 4905 contendere
982 4865 1111 4918 eumeo;
1167 4849 1228 4906 illis
1242 4850 1417 4919 invidemus,
1434 4851 1458 4906 si
1479 4851 1596 4908 Domini
1610 4856 1781 4924 sequentur
1809 4838 1969 4904 meantium.
2021 4854 2022 4929 q

284 4957 341 4996 non
358 4938 457 4998 audiet
472 4937 567 5005 illum,
585 4942 617 4994 ut
643 4953 700 4992 non
726 4937 762 4992 ad
786 4954 880 4992 uncam
902 4939 1024 4994 verbum
1048 4942 1113 5012 ejus
1168 4940 1317 4996 Sententia
1331 4940 1409 4996 enim
1426 4941 1577 5012 superiora
1592 4941 1665 4996 solet
1677 4938 1846 5004 absolvere,
1867 4946 1917 4988 non
1937 4922 1970 4978 lu·

321 5097 377 5171 (77)
394 5099 467 5155 Edit.
481 5102 546 5154 Am.
563 5115 630 5154 curn
656 5115 726 5154 mss.
744 5096 817 5152 Vici.
834 5101 863 5154 et
885 5098 984 5166 Torm,
1002 5103 1026 5155 et
1050 5117 1113 5156 ram
1168 5099 1327 5164 ματοςόργῆς
1341 5100 1417 5148 αὐτοῦ
1432 5099 1646 5164 &revestire-mi.
1672 5100 1779 5173 Neque
1808 5095 1892 5153 etiam
1914 5079 1970 5168 vut-

284 5187 317 5254 en
332 5171 526 5254 compararier
539 5173 569 5253 ia.
585 5169 635 5226 liae
655 5172 710 5224 vita
725 5168 844 5252 babeant
858 5170 963 5240 aliquid
988 5171 1113 5242 uolupta-
1167 5177 1233 5242 pata
1247 5174 1411 5253 rctragatur
1436 5174 1490 5252 Sed
1506 5171 1535 5227 in
1549 5171 1672 5228 lectione
1682 5189 1752 5243 qum
1772 5185 1844 5226 mss.
1861 5169 1969 5229 omniunt

285 5245 347 5368 ξιᾶἰὲ
363 5259 418 5367 naon
433 5246 562 5368 etromsra
574 5243 702 5368 (τὲῑιςνιῖπι
717 5241 1031 5367 αέἒνιὲιζιίνησῐιιιιὶοεὶεῐῡϋ.
1042 5243 1113 5326 illie
1168 5251 1196 5300 et
1209 5250 1267 5299 vet.
1281 5243 1350 5370 ebll'b
1369 5249 1422 5306 est,
1440 5243 1513 5298 urhil
1529 5251 1688 5371 mutssmus.
1707 5245 1789 5370 Inte}
1817 5225 1970 5373 eutffmsst

351 5331 557 5369 ‚cmsser
642 5330 705 5369 ner
828 5330 955 5368 nerun
996 5330 1025 5368 nv
1348 5357 1354 5369 .
1736 5357 1744 5370 .
1829 5328 1845 5365 r

288 5384 496 5453 punctuationc
511 5390 539 5441 et
559 5330 661 5457 busonis
683 5382 802 5450 voculis,
818 5399 882 5457 quae
897 5401 1018 5441 sonsum
1029 5331 1113 5442 Sibabb
1167 5331 1300 5455 bimanbbdb
1316 5331 1536 5442 melbbffsrbbffi
1550 5328 1827 5461 berglubb,nbib:,’etb.⁴
1844 5327 1862 5380 ⁹

290 5451 417 5512 multum
433 5456 581 5512 diversum
597 5455 737 5512 eliciunt.
1203 5457 1260 5531 (79)
1275 5461 1343 5512 tiss.
1360 5455 1488 5523 Thoan„
1502 5457 1587 5515 Dion.
1603 5463 1632 5514 et
1648 5456 1748 5522 eote..
1765 5457 1799 5514 lit
1824 5446 1893 5509 stet
1916 5430 1971 5526 Μ

323 5523 380 5596 (78)
399 5525 482 5583 Rom.
504 5527 572 5583 edit.
598 5536 623 5584 et
646 5528 748 5602 spirit-tt
771 5525 824 5584 ira
846 5527 931 5598 ipsias
955 5527 1111 5586 interirent.
1167 5533 1236 5596 erat,
1251 5533 1327 5587 cetos
1340 5532 1446 5601 sactum
1460 5531 1677 5598 ardumum,
1708 5536 1768 5587 oto.
1798 5522 1878 5594 Quod
1902 5521 1972 5572 ΡΜ

288 5593 361 5654 Huic
386 5597 456 5656 LXX
480 5597 679 5675 suffragentur
703 5598 751 5658 his
776 5597 872 5658 verbis
897 5608 969 5660 :eet
991 5606 1114 5658 etevat·
1168 5617 1225 5660 non
1242 5599 1427 5659 incommode
1440 5605 1537 5675 potest
1556 5597 1705 5676 explicari.
