4159 6184
267 308 325 371 atie
996 310 1029 369 S.
1052 307 1240 370 amenesii
1802 377 1805 383 ,
1881 316 1926 377 lid
2004 323 2005 328 ’

268 440 403 515 flagitiosi
418 446 509 499 erant.
526 440 660 515 Plerique
683 444 753 497 sunt
778 456 835 514 quo
862 438 1027 513 nequiores,
1055 456 1089 496 eo
1103 443 1130 510 Α
1145 440 1198 507 uti,
1214 438 1329 497 etiamsi
1346 440 1382 497 ad
1397 443 1514 515 tempus
1529 437 1786 498 uenseo'rumuon·
1798 442 1925 517 suppetat:

266 531 409 602 tectiores,
426 532 475 605 qui
499 532 653 590 bominum
674 530 893 604 subterfugiunt
904 528 1085 602 indaginem,
1142 530 1354 603 quantomagis
1363 519 1831 605 sapienssuumjudieatquidqntd
1841 537 1928 591 nature

263 620 313 677 ubi
329 637 376 679 res
391 622 455 680 sine
470 622 578 678 arbitro
592 624 745 693 geruntur,
762 623 813 676 aut
826 618 899 675 lateo
919 617 1086 675 testimonio
1142 623 1196 689 est,
1212 619 1262 692 qui
1277 618 1347 676 vivit
1362 621 1525 676 seeundum
1537 624 1674 678 naturam
1690 618 1767 677 liion
1778 618 1848 677 enim
1861 621 1930 680 aruit·
2004 653 2005 660 κ

258 708 361 782 justus
388 710 623 769 circumvenitur.
641 710 739 765 Manet
770 712 869 765 tamen
895 711 964 763 ante
993 706 1086 763 ileum
1141 708 1177 764 iit
1186 709 1237 781 jus
1253 726 1341 765 suum
1356 710 1407 781 qui
1424 708 1559 766 meminit
1573 723 1605 766 ee
1619 710 1655 765 ad
1668 697 1932 783 imaginemlleitee

258 801 372 870 Justus,
388 800 501 857 etiamsi
518 800 728 856 condemnetur
742 798 819 856 828
842 797 878 853 ab
899 796 1085 865 hominibus;
1142 800 1248 865 tum,et
1259 799 1295 854 ad
1311 798 1445 854 homines
1460 814 1477 853 n
1491 796 1682 854 Demiueileo
1696 796 1814 854 dietum:
1828 797 1931 869 drame,
1946 844 1956 855 .

263 888 333 961 quia
356 889 433 945 Deus
456 904 514 943 non
536 888 715 961 judiciorum
740 887 844 954 exitus,
869 902 923 943 nec
946 902 1013 942 cum
1041 885 1088 941 in·
1140 888 1415 959 etmultiplieamiai,
1429 891 1456 943 et
1470 886 1572 966 replete
1590 891 1704 954 terram,
1726 891 1752 944 et
1768 886 1936 945 'dominamini
2004 883 2005 886 ’

262 977 348 1034 textis
367 976 502 1050 nequitie
530 978 705 1035 commentis
733 964 860 1051 negotia,
887 977 938 1033 sed
977 976 1086 1032 nudam
1142 976 1257 1045 incant,
1282 984 1309 1032 et
1333 978 1465 1049 imperate
1484 975 1606 1049 pisellas
1633 977 1728 1043 maris,
1756 977 1936 1033 etmltdititas

263 1068 374 1137 spectat
389 1067 573 1141 negotiorum
598 1071 744 1123 naturam.
771 1067 802 1121 lu
827 1065 960 1139 examine
988 1068 1088 1122 autem
1141 1064 1211 1131 ceti,
1228 1068 1254 1121 el
1269 1066 1393 1122 amnites
1408 1066 1485 1122 8²9
1497 1065 1642 1139 peceribus
1660 1068 1687 1122 et
1707 1064 1825 1121 omelias
1842 1079 1937 1138 serper-

262 1153 417 1211 bcminum
432 1155 511 1212 salsae
524 1155 670 1229 opinionis
685 1172 765 1212 error
779 1154 951 1229 plerumque
970 1153 1089 1210 obducit
1142 1155 1215 1211 libas
1229 1156 1277 1227 qai
1290 1168 1371 1227 saper
1388 1157 1492 1211 terram
1515 1151 1591 1226 (Gen.
1614 1153 1713 1225 ΗΒ).
1738 1152 1771 1208 St
1792 1152 1865 1209 navit
1883 1154 1938 1227 quia

261 1244 472 1302 rimveritatis.
487 1245 624 1302 Manebat
638 1245 715 1317 apud
732 1245 824 1301 Deum
835 1245 971 1301 Susanna
981 1242 1089 1316 pudica
1142 1243 1429 1316 sapientiaomnium
1446 1246 1539 1299 mater
1552 1246 1608 1311 est,
1624 1247 1654 1298 et
1672 1241 1737 1315 ipsa
1759 1242 1852 1298 orbem
1864 1246 1937 1299 terra·

263 1332 356 1400 valde,
387 1335 474 1391 etiam
504 1351 571 1390 eum
595 1335 785 1390 damnaretur
822 1330 977 1401 adulterii;
1019 1332 1089 1404 quia
1143 1348 1209 1388 rum
1226 1331 1367 1406 possidet.
1384 1331 1515 1406 Denique
1540 1330 1678 1388 Salomon
1707 1330 1756 1403 qui
1784 1330 1937 1404 sapientium

262 1419 407 1479 Deusnen
422 1422 634 1480 assertionibus
648 1423 789 1478 laieorum
809 1421 929 1478 testium
946 1420 1089 1477 iaetiexa·
1143 1421 1277 1495 poposcit
1304 1425 1332 1477 et
1361 1421 1473 1495 aceepit
1494 1437 1511 1476 a
1532 1420 1656 1477 Domino
1679 1420 1737 1477 Dec
1755 1422 1869 1477 nostro:
1894 1420 1940 1493 lpse

263 1512 393 1569 minabat
407 1513 514 1581 fidem;
533 1512 583 1568 sed
602 1510 713 1567 intima
742 1510 951 1567 conscientiam
982 1507 1089 1565 mentis
1142 1509 1614 1583 milri,inquit‚ilealiteoramqmae
1627 1507 1941 1571 malmesberiensis:

262 1601 470 1675 interrogabat.
715 1660 720 1668 x
1143 1603 1175 1654 at
1192 1601 1279 1655 seiam
1301 1599 1508 1671 dispositionem
1530 1598 1604 1654 orbis
1621 1602 1769 1666 lemarum,
1791 1605 1815 1655 el
1830 1599 1941 1653 virtulem

581 1706 697 1763 CAPUT
709 1706 769 1761 qu,
1144 1689 1349 1757 elementorum,
1365 1688 1479 1744 initiam
1499 1692 1525 1745 ct
1538 1689 1795 1745 coasammatlenem
1814 1690 1839 1744 el
1858 1685 1941 1743 medie·

261 1801 302 1853 135,
325 1799 414 1853 mhi,
437 1798 551 1853 „omini
579 1796 613 1851 ad
646 1796 783 1851 Abraham
819 1792 990 1865 philosopho,
1040 1792 1089 1849 qo,
1144 1781 1224 1832 talem
1240 1778 1363 1832 omm'am
1381 1792 1483 1842 reram,
1495 1781 1522 1832 el
1534 1777 1685 1833 divisiones
1696 1779 1876 1849 temper-amet
1886 1777 1942 1831 aeri

295 1886 376 1925 suam
390 1868 498 1939 deame,
515 1866 620 1923 Omnia
634 1883 698 1923 esse
714 1866 864 1940 sepientis,
890 1866 1026 1933 torsisse,
1043 1870 1087 1919 ot·
1140 1880 1248 1932 sersus,
1263 1874 1289 1920 ct
1302 1865 1445 1921 stelionem
1460 1864 1662 1937 diepositieaes,
1677 1863 1944 1921 aalarasanlmoliara

296 1956 347 2013 que
362 1940 433 1996 inibi
463 1954 523 2023 qaae
535 1940 667 2011 possessio
690 1937 804 1993 airolae
826 1936 963 1993 diuinitas
978 1938 1015 1992 sit
1027 1952 1089 2007 pro·
1140 1959 1167 2010 ,p
1181 1955 1237 2010 pa,
1253 1956 1411 2019 pem-arum,
1424 1956 1481 2010 ,im
1495 1958 1651 2024 ventorum,
1660 1955 1865 2027 ,3009pr
1875 1952 1944 2008 pomi.

295 2013 1088 2154 mitari)mucis‘Telffgppgmzswilliggzrffsmffgma
1140 2056 1218 2106 narn,
1236 2040 1406 2113 differentias
1421 2040 1578 2110 laetiorum,
1594 2049 1621 2097 et
1644 2044 1759 2099 virtutes
1782 2040 1906 2108 redieram,
1925 2044 1945 2097 el

297 2162 419 2209 cantor:
435 2158 463 2208 at
479 2153 655 2208 Sodomorum
664 2153 817 2223 equitatum
831 2150 902 2207 idem
924 2149 1088 2223 patriarcba
1141 2145 1312 2201 ‘iwffllllssss
1330 2138 1396 2186 ΝΜ
1415 2130 1573 2187 ammiti*
1593 2138 1621 2186 0²
1643 2132 1794 2203 imfirma
1813 2128 1864 2203 (⁴4)
1884 2128 1944 2202 (Sil-

298 2227 329 2281 ia
345 2223 445 2279 Christi
466 2225 577 2279 averrere
599 2240 727 2296 paquara
745 2226 864 2291 reuocat,
891 2222 961 2277 aritia
983 2221 1087 2277 seilicet
1141 2236 1190 2283 vu,
1207 2221 1250 2286 17,
1266 2220 1334 2291 ti).
1351 2219 1405 2275 Sed
1422 2218 1483 2275 bae
1498 2218 1571 2276 nulli
1585 2219 1642 2275 nisi
1654 2220 1782 2294 perlecto
1797 2220 1945 2292 suppelunt.

298 2296 420 2367 refrenat
444 2311 606 2351 recreares.
1177 2306 1221 2360 39.
1249 2306 1381 2379 lienique
1404 2306 1550 2364 Abraham
1589 2309 1727 2381 quandin
1751 2306 1905 2365 adherebat
1926 2305 1947 2359 ei

297 2403 343 2458 37.
355 2400 493 2473 Sequitur
507 2399 589 2456 loeus
604 2415 661 2471 que
677 2398 825 2455 evidenter
839 2398 979 2453 docemur
994 2412 1087 2469 quan·
1142 2396 1206 2463 Lot,
1222 2395 1331 2453 hoeest
1345 2396 1466 2453 deflexio
1492 2414 1619 2465 morum,
1647 2403 1758 2455 sortem
1783 2397 1881 2454 horum
1901 2408 1947 2450 non

262 2496 325 2548 tum
342 2508 424 2547 mens
439 2488 598 2561 superfluis
614 2488 756 2563 portionis
770 2484 1088 2544 irrationabilisexhau·
1142 2488 1300 2558 acceperat.
1328 2485 1381 2541 Ubi
1396 2484 1565 2543 deflexionis
1579 2486 1723 2561 ambiguo
1738 2486 1861 2560 quodam
1875 2488 1948 2555 etque

262 2581 316 2638 stis
335 2579 392 2653 (13)
407 2578 549 2652 proficiat,
567 2581 594 2631 et
610 2580 755 2650 quantum
770 2576 840 2632 vitia
854 2574 933 2631 vitiis
949 2574 1088 2645 adjuncta
1141 2574 1274 2630 anfractu
1290 2574 1453 2640 absolutus,
1469 2579 1563 2632 rectas
1578 2574 1725 2631 virtulum
1740 2573 1856 2632 semitas
1874 2570 1948 2628 conti·

261 2669 331 2726 maii
347 2670 478 2725 afferant.
496 2667 560 2723 Nou
575 2666 655 2723 euim
671 2667 762 2722 otiose
784 2664 936 2738 Scriptura
961 2662 1059 2735 posuit
1079 2680 1085 2718 :
1141 2662 1209 2717 nnis
1224 2664 1330 2719 anime
1341 2663 1560 2736 suegressibus
1573 2664 1660 2737 coepit
1672 2680 1802 2739 carpere,
1813 2662 1950 2719 inomnem

260 2760 293 2815 El
317 2759 394 2815 dicit
417 2759 487 2813 Dens
508 2754 545 2812 od
565 2756 714 2823 Abrabam,
738 2761 882 2826 postquam
905 2752 1015 2808 recessit
1038 2754 1088 2807 Lol
1141 2755 1249 2807 terram
1265 2767 1417 2825 possessor
1431 2752 1566 2820 mittitur,
1582 2757 1670 2828 atquo
1688 2753 1796 2811 dicitur
1809 2752 1835 2810 ei
1848 2767 1854 2806 ε
1868 2750 1948 2821 Same,

260 2848 294 2902 at
310 2847 359 2902 illa
375 2862 384 2901 :
399 2843 608 2917 ltespiccocolis
635 2845 729 2899 loisel
757 2842 820 2897 cide
848 2858 865 2896 a
889 2840 947 2895 loco
977 2842 1007 2894 ln
1036 2856 1088 2911 quo
1141 2844 1167 2896 et
1181 2840 1344 2913 permutata
1366 2849 1468 2897 terram
1499 2843 1526 2897 in
1549 2840 1758 2916 impiladiaem
1773 2852 1799 2899 el
1822 2843 1852 2898 ia
1868 2840 1949 2896 araa-

260 2951 335 2990 mme
349 2941 376 2989 tu
392 2950 430 3001 es,
444 2932 478 2988 acl
493 2933 627 3003 Africam,
643 2940 669 2987 et
689 2931 857 3004 aquilonem,
885 2934 911 2985 cl
938 2929 1086 2997 Orientem,
1141 2930 1243 2998 dinem,
1260 2932 1326 3002 quio
1340 2930 1392 2986 ilbi
1404 2930 1474 2986 dabo
1486 2946 1556 3000 cam,
1568 2933 1711 2989 etsemim'
1724 2941 1771 2988 tae
1792 2932 1822 2987 ia
1835 2934 1950 2988 merram

262 3028 388 3089 elmere,
416 3022 481 3093 qaia
504 3036 611 3076 omnem
634 3022 739 3075 terram
766 3024 899 3091 qnantum
923 3018 1006 3085 uides,
1036 3018 1088 3073 tili
1143 3018 1953 3093 (Gemxm,17).ilrgoquisapientiammerueril,etnon

261 3110 672 3178 dabceom‚clseminitncin
696 3111 828 3165 eternam
857 3108 934 3181 (Gen.
960 3125 1022 3178 xm,
1051 3107 1085 3164 il
1142 3106 1456 3174 tueritancillafilius,
1473 3109 1953 3183 nonpeeeattservuqnonsoeees·

262 3210 287 3258 ct
304 3200 359 3273 t5).
390 3198 463 3255 Hine
488 3203 629 3271 tanquam
659 3215 676 3253 a
702 3198 779 3254 iente
803 3198 966 3254 hauserunt
997 3196 1085 3252 Stoici
1102 3187 1124 3255 C
1144 3196 1219 3252 sioni
1236 3192 1955 3270 cernisobnoxiumsedliberae,idest,Sareillius

263 3286 429 3363 philesophi
447 3287 593 3360 dogmatis
616 3287 661 3343 sui
687 3286 882 3343 sententiam:
909 3286 1008 3342 omnia
1037 3302 1087 3341 sa·
1143 3302 1201 3342 non
1215 3285 1440 3355 servientis,eed
1452 3286 1656 3360 principantis,
1670 3289 1758 3346 bonae
1768 3287 1876 3361 stirpis,
1888 3286 1955 3340 bone

262 3376 368 3451 pientis
392 3394 456 3434 csse
470 3376 603 3449 (Diogen.
617 3376 698 3433 Laer.
711 3374 821 3443 iibvu,
833 3376 862 3431 in
877 3376 938 3433 Vita
948 3375 1087 3447 Zenonis).
1144 3374 1262 3443 indolis,
1279 3374 1507 3448 perfectissimis
1523 3376 1640 3433 virtutis
1654 3370 1956 3446 hereditatemncqui·

265 3466 368 3523 Oriens
383 3466 461 3523 enim
481 3470 511 3522 et
533 3465 683 3533 Occidens,
708 3465 871 3537 Septentrio
894 3468 923 3521 et
952 3463 1088 3520 Meridies
1143 3468 1187 3519 ret
1201 3464 1410 3520 universitatis.
1426 3464 1538 3521 Dicitur
1552 3480 1620 3539 ergo
1633 3466 1785 3524 ebruna:
1802 3462 1957 3536 Sarpedon

264 3556 412 3628 portiones
438 3554 734 3611 suntunivcrsitatis:
749 3554 795 3608 hie
810 3554 889 3609 enim
904 3557 984 3610 totns
1000 3568 1088 3608 mun·
1143 3549 1323 3625 corporalem
1339 3553 1583 3610 resurrectionem
1598 3554 1765 3628 significet,
1779 3556 1833 3613 sed
1857 3551 1958 3628 spiritu·

265 3646 320 3700 ilus
336 3642 506 3700 includitur.
524 3642 589 3698 Hae
614 3658 680 3697 cum
705 3642 841 3715 promisit
856 3642 934 3697 Deus
949 3642 1087 3697 daturum
1143 3640 1211 3711 lem,
1228 3642 1283 3698 boc
1297 3646 1351 3711 est,
1369 3642 1455 3714 Serpa
1470 3645 1518 3715 qui
1533 3642 1636 3699 dormis
1651 3644 1767 3718 (pres.
1780 3664 1809 3712 r,
1824 3644 1961 3715 titsurge

265 3749 296 3790 sc
310 3730 446 3800 Abrahae,
476 3732 544 3806 quid
572 3729 650 3786 aliud
676 3731 815 3798 declarat,
843 3729 899 3785 nisi
915 3730 1039 3803 sapienti
1060 3734 1089 3785 et
1143 3730 1307 3802 alemanis,
1324 3746 1412 3805 surge
1425 3748 1442 3788 a
1456 3731 1671 3805 corporalibus,
1691 3733 1828 3809 relinque
1850 3722 1960 3795 terrena,

266 3822 342 3878 fideii
357 3826 462 3894 praesto
483 3820 591 3887 emnia,
615 3820 716 3876 deesse
738 3818 835 3874 nihili
858 3818 939 3875 Unde
954 3823 982 3875 ct
1007 3819 1088 3875 Salo·
1143 3819 1249 3876 coelum
1265 3820 1378 3893 aspice:
1396 3825 1423 3877 et
1439 3838 1541 3893 aenrpe
1562 3840 1579 3877 a
1602 3826 1738 3891 mortuis,
1770 3824 1827 3882 boc
1849 3824 1891 3878 est
1908 3816 1962 3891 opi·

208 3914 212 3921 '
265 3910 378 3967 meniu
395 3910 557 3967 Proverbiis
582 3910 643 3965 ait:
666 3910 732 3981 Eius
754 3911 803 3979 qai
827 3908 917 3977 fiielis
945 3910 989 3975 sit,
1017 3912 1089 3964 totas
1143 3908 1280 3965 nienibus
1299 3907 1393 3977 variis,
1417 3913 1446 3966 et
1471 3909 1726 3984 disputationibus
1763 3911 1960 3969 Chaldaeorum·

263 4000 382 4057 artaudus
408 4000 569 4055 diuitiarum
598 3998 689 4069 (Prae.
715 4012 785 4063 uun,
806 3998 844 4069 e).
872 3999 984 4061 Quanto
1009 3996 1091 4071 prior
1143 3997 1257 4054 Intuere
1273 3998 1428 4067 mundum,
1445 3999 1559 4057 intuere
1583 4000 1674 4058 etiam
1701 4001 1791 4059 iilum
1811 3999 1859 4075 qni
1880 3998 1963 4072 potest

264 4090 401 4147 Salomon
417 4104 506 4161 quarn
521 4088 615 4143 Zenon
632 4087 797 4143 Stoicorum
822 4086 971 4159 magister,
1002 4090 1089 4159 atquc
1144 4089 1237 4143 totum
1276 4086 1385 4143 donare
1410 4089 1565 4146 mundum.
1597 4091 1629 4146 ln
1659 4092 1891 4165 possessionem,
1923 4085 1962 4139 in·

265 4184 367 4235 auctor
390 4182 475 4234 sectae
508 4177 620 4251 ipsiust
653 4176 765 4241 Quanto
804 4174 884 4247 prior
912 4192 1001 4248 quarn
1026 4176 1089 4248 ipse
1143 4175 1631 4251 quit,tibidabemundum,quem
1647 4176 1964 4238 Deumantearedebas.

266 4272 347 4339 pater
360 4266 550 4340 philosophia
566 4265 657 4333 Plato,
681 4263 725 4320 vel
748 4264 813 4336 ejus
836 4262 969 4319 inventor
994 4260 1109 4319 nomi-'
1178 4266 1222 4320 40.
1238 4265 1405 4322 Peramdala
1420 4275 1524 4323 terrem
1537 4270 1566 4323 in
1587 4269 1798 4339 lenqitadiaem
1810 4271 1871 4339 eins
1890 4271 1914 4322 et
1930 4263 1964 4317 la·

194 4398 198 4403 .
265 4352 840 4429 nisPythagoraslquisautemlrdelis,
864 4352 921 4409 nisi
948 4352 1089 4426 sapiens?
1143 4354 1298 4411 titudinem.
1319 4354 1424 4429 Utique
1435 4357 1512 4413 intra
1544 4362 1734 4416 momentum
1758 4356 1966 4416 terremtatem

261 4444 374 4499 Stultus
390 4446 468 4500 enim
481 4445 556 4501 sicut
568 4443 639 4499 iuna
665 4444 856 4499 immutatur:
882 4442 1000 4515 sepiens
1034 4459 1086 4498 au·
1143 4443 1296 4500 Persarum
1312 4444 1503 4501 interclusam
1519 4444 1664 4520 imperiis,
1683 4449 1725 4505 ab
1743 4448 1836 4507 Indiae
1864 4455 1967 4519 quoque

263 4538 322 4589 lein
339 4532 498 4589 immobilis
514 4533 570 4588 fide
586 4536 746 4604 permanet.
1103 4532 1290 4621 „littoribus
1322 4533 1358 4589 ad
1393 4533 1533 4603 Herculis,
1558 4538 1591 4591 ut
1615 4536 1897 4609 aiunt,oolumnae,
1927 4527 1968 4588 rel

298 4624 343 4679 38.
367 4622 422 4677 Sed
447 4622 519 4677 lorte
540 4621 639 4676 dicas:
665 4621 815 4686 Quomodo
837 4620 978 4693 sapientia
1004 4625 1085 4678 totus
1140 4621 1296 4678 Britannia
1320 4626 1451 4679 extrema
1470 4623 1607 4692 confinia,
1621 4642 1683 4682 non
1701 4628 1804 4701 potuit
1823 4622 1967 4700 perannu-

264 4711 451 4769 mundasset
467 4710 481 4765 ‘i
496 4708 638 4777 Quoniam
654 4710 718 4781 ipsa
728 4712 832 4765 tratura
846 4710 896 4765 det
906 4708 949 4765 illi
976 4714 1085 4766 sortem
1138 4710 1208 4767 lare.
1225 4712 1259 4767 lit
1274 4712 1369 4786 potuit
1384 4712 1469 4785 qnasi
1486 4712 1639 4771 indevotus
1653 4715 1766 4786 videri,
1802 4716 1855 4790 qui
1870 4706 1969 4771 eoeiesli

263 4796 406 4865 omnium,
443 4797 558 4854 etiamsi
579 4796 641 4869 ipsc
666 4796 927 4869 nihil-possident.
964 4797 1086 4855 Domine
1139 4800 1256 4856 oraculo
1277 4817 1336 4857 nen
1362 4800 1521 4870 obedisset,
1546 4802 1571 4859 si
1596 4804 1748 4861 obeunda
1772 4805 1865 4876 hujus
1895 4806 1968 4857 terre

263 4894 307 4945 ast
321 4888 400 4946 enim
415 4890 444 4944 et
457 4902 610 4959 possessor
624 4884 756 4941 omnium
772 4886 925 4957 sapientia,
943 4903 1006 4959 qua
1031 4904 1085 4945 sua
1139 4888 1311 4946 mandatum
1336 4890 1512 4963 accepisset:
1533 4892 1585 4949 sed
1610 4908 1680 4950 cam
1703 4893 1747 4950 sit
1771 4895 1839 4968 eJus
1863 4886 1969 4949 devotio

265 4984 348 5050 putat
364 4982 473 5035 naturae
490 4991 626 5043 munera;
639 4974 779 5047 quoniam
789 4973 818 5029 in
830 4992 917 5030 usum
929 4974 1084 5032 homiuum
1139 4977 1283 5050 probeta;
1305 4978 1375 5050 quia
1389 4979 1425 5035 ad
1451 4994 1593 5052 quercum
1608 4984 1827 5040 tantummodo
1849 4979 1970 5039 Mambre

262 5068 489 5137 datasunt,nee
516 5063 819 5137 uliisiudiget,otiam
836 5062 861 5118 si
884 5064 1019 5120 desintei
1047 5064 1083 5121 ad
1138 5065 1330 5122 transtulerat
1353 5066 1578 5126 tabernaculum
1602 5069 1682 5143 (Gen.
1705 5072 1849 5143 amani),
1878 5067 1969 5140 utique

262 5156 370 5210 victum
381 5154 554 5212 neccssaria.
572 5154 704 5225 Namque
715 5155 747 5207 ut
759 5152 891 5208 musicus
902 5168 1022 5224 organa,
1033 5159 1085 5210 eut
1138 5158 1258 5225 terram,
1269 5154 1323 5214 hoc
1337 5160 1392 5226 eet,
1402 5157 1541 5215 virtutem
1556 5173 1741 5231 poossumus
1757 5162 1916 5235 perfertur
1930 5156 1969 5211 in·

263 5242 392 5298 mentiens
407 5245 630 5310 medicamenta,
651 5246 702 5297 ant
717 5239 871 5296 nnasclerus
894 5258 957 5313 qua
972 5242 1008 5297 ad
1036 5258 1084 5298 na·
1137 5242 1280 5317 teiligere,
1295 5260 1360 5317 que
1380 5245 1475 5303 bonos
1503 5247 1618 5304 fruetus
1644 5248 1747 5317 daret,
1777 5254 1810 5307 et
1836 5244 1970 5315 teeuuffl

262 5331 305 5383 vis
323 5332 548 5388 instrumentum
564 5331 729 5389 necessaria
744 5333 822 5397 snut,
833 5328 947 5385 etiamsi
966 5332 1084 5402 quando
1136 5332 1327 5404 inventiones,
1343 5334 1970 5411 cogitationumqueprimitias‚'moritornm

264 5434 319 5469 nou
355 5417 479 5487 habeat;
504 5419 592 5476 habet
606 5424 704 5475 tamen
728 5434 761 5475 eo
775 5418 838 5490 ipso
861 5433 918 5491 quo
927 5418 1022 5491 possit
1037 5418 1084 5476 bis
1139 5421 1326 5492 vindemiam,
1343 5422 1501 5496 frumento,
1516 5424 1584 5484 rino
1597 5431 1627 5484 et
1644 5426 1715 5485 oleo
1740 5428 1871 5501 repleret
1899 5426 1969 5481 inte·

298 5558 305 5615 l
314 5558 353 5628 ·3)
366 5558 415 5614 Sic
430 5576 502 5617 mss.
519 5560 616 5629 Corb,
632 5562 734 5637 Long.,
756 5561 836 5617 (lolii.
862 5566 891 5618 st
909 5562 980 5619 iliez.
1006 5562 1082 5620 uait.
1137 5565 1378 5623 {naamaniticae
1392 5568 1545 5627 exhaustis.

261 5644 329 5689 vcro
345 5644 411 5689 eum
426 5630 512 5689 Torn.
530 5636 558 5691 et
576 5631 668 5705 Vale,
702 5634 848 5707 sapateli
872 5634 1041 5711 portionibus
1057 5640 1085 5696 et
1174 5636 1232 5714 (lt)
1246 5636 1330 5698 Rom.
1347 5638 1430 5712 edit,
1446 5640 1607 5703 nemnem
1620 5644 1825 5727 alperspime.
