4159 6184
260 245 320 307 444
991 246 1021 311 s.
1047 239 1232 313 44444444
1876 260 1919 317 ua

260 377 290 432 in
305 377 383 434 rixas
397 377 464 448 (38).
481 376 593 453 siquis
615 398 716 439 eorum
743 396 841 456 pugno
864 380 951 438 luerit
966 373 1084 455 percus?
1101 388 1126 454 ,4,
1143 385 1220 440 enim
1238 400 1329 440 unum
1344 386 1532 442 emendatum
1556 383 1616 440 illis
1637 383 1749 441 invideo
1770 386 1828 460 (40),
1842 391 1868 442 44
1884 391 1922 446 do·

260 473 323 538 sus,
339 466 437 525 videas
461 485 513 526 ora
535 471 670 528 saucium
700 471 759 528 vini
782 472 929 546 lacrymas
954 473 1084 541 tundere,
1142 489 1221 529 ceam
1239 489 1446 546 geneseorum
1463 473 1585 530 luxuria
1601 490 1618 528 a
1633 489 1679 529 ma
1694 491 1750 530 non
1764 491 1821 531 esse
1833 475 1925 534 simula·

260 555 444 615 miserabiles
463 559 593 633 epilogos
617 561 783 618 decantare.
800 561 893 619 Habet
916 578 1010 618 unum
1032 561 1087 618 hoc
1142 568 1216 618 tum.
1233 562 1316 619 Certe
1329 560 1378 619 ille
1393 564 1418 618 si
1433 563 1557 636 resipuit
1571 578 1588 618 a
1602 561 1679 632 vino,
1695 561 1745 618 luit
1764 567 1849 620 tamen
1868 580 1925 621 sern-

258 647 444 716 temulentia,
458 654 491 705 ut
504 648 633 706 emolliat
644 654 673 707 et
685 650 810 707 resolvat
832 651 920 707 corda
943 650 1086 707 temulen·
1142 667 1193 723 per
1207 650 1385 708 temulentus
1401 651 1565 725 sacrilegio.

259 739 369 795 torum.
384 737 466 794 Sicut
479 737 556 795 enim
573 739 651 811 ignis
666 741 771 811 probat
786 740 896 796 serrum
912 741 1031 805 durum,
1047 739 1088 796 ita
1448 775 1565 832 CAPUT
1585 775 1658 832 ΧΠ,

261 831 363 882 etvini
378 827 511 883 incendic
527 831 615 883 etiam
640 830 834 901 superborum
859 829 1012 885 homiuum
1038 845 1089 884 eor
1141 865 1305 920 ,ml-,urium
1329 865 1471 920 hommum
1495 865 1631 930 convivia,
1652 881 1713 919 cum
1733 880 1822 935 pamm
1839 865 1932 936 quadum

262 915 408 987 liquescit.
1178 941 1257 1007 atprrc
1267 936 1419 1008 spectaculo
1434 939 1639 1008 comparantur,
1655 939 1681 991 et
1695 951 1784 991 eoram
1795 941 1876 1008 partes
1886 941 1932 992 sir-

296 1005 341 1060 44.
361 1003 469 1061 Omnes
492 1003 548 1062 sibi
573 1005 640 1062 vino
664 1007 791 1078 aquales
815 1007 960 1076 videntur,
988 1007 1087 1062 nullus
1176 1009 1256 1078 prate,
1274 1015 1299 1064 et
1325 1009 1403 1079 pareat
1425 1007 1554 1133 paredam
1574 1008 1704 1076 protasis,
1719 1009 1828 1078 epitasis
1841 1016 1863 1062 et
1875 1013 1931 1062 eata-

262 1093 390 1151 inserior.
408 1094 470 1151 Non
486 1111 598 1168 pauper
612 1094 693 1151 diviti
710 1097 795 1164 cedit,
814 1101 912 1168 utpote
935 1097 985 1169 qui
1012 1114 1086 1169 pau.
1177 1081 1284 1151 stroptrc
1298 1079 1423 1149 quamdi
1437 1080 1606 1147 iperrtisrimc
1620 1077 1813 1134 describantur.

262 1199 361 1255 parem
384 1199 416 1239 se
439 1200 503 1240 esse
518 1183 610 1241 nescit
635 1201 641 1239 :
672 1202 729 1241 non
754 1186 889 1241 infirmus
911 1185 1016 1254 valido,
1040 1184 1087 1240 cui
1179 1185 1221 1238 46.
1238 1187 1334 1257 Apage
1351 1183 1439 1257 igilur
1463 1184 1532 1239 hinc
1557 1183 1754 1240 adolescentes
1772 1183 1932 1252 lubricas,ad

262 1271 360 1328 omnis
372 1270 402 1327 in
418 1272 544 1328 bibendo
559 1278 603 1330 est
617 1273 758 1330 fortitudo
775 1291 782 1330 ε
799 1293 856 1330 444
872 1276 1025 1331 mendicus
1045 1274 1087 1329 lo·
1142 1273 1479 1346 conviviapraeliatorum
1491 1273 1775 1344 vonimus(ll).lnter
1786 1289 1858 1328 arma
1871 1290 1935 1346 praa·

263 1360 384 1434 cupleti,
415 1379 473 1417 non
503 1361 641 1434 ignobilis
664 1362 817 1428 honorato,
845 1380 912 1418 cum
942 1363 1086 1432 bibentes,
1142 1363 1270 1417 dandam
1287 1368 1340 1432 cst,
1357 1363 1513 1434 stipatores
1537 1362 1567 1418 hi
1592 1367 1661 1418 sunt
1683 1360 1777 1418 bellici
1801 1362 1846 1434 qui
1867 1361 1935 1416 mini·

262 1449 348 1506 illum
362 1466 459 1522 regem
470 1449 606 1519 habeant,
623 1450 674 1523 qui
689 1451 816 1507 bibendo
839 1452 1019 1523 superaverit
1034 1467 1086 1505 44·
1143 1456 1246 1519 strant,
1264 1451 1404 1505 succincti
1422 1467 1502 1520 auro,
1520 1455 1548 1506 et
1563 1449 1747 1523 Babylonicis
1762 1449 1869 1505 lumbos
1888 1449 1936 1506 eul-

261 1543 349 1596 teros.
382 1540 543 1612 Meritoque
578 1540 721 1612 scripturn
750 1544 795 1596 est
825 1556 831 1594 :
861 1539 990 1611 AEqualis
1028 1538 1088 1594 vite
1143 1540 1208 1595 l'ulti
1224 1539 1463 1596 balteis:aurcis
1481 1540 1633 1612 torquibus
1656 1539 1751 1596 nitent
1770 1537 1847 1605 colle,
1862 1538 1936 1594 aureis

262 1627 432 1684 bominibus
455 1627 557 1684 vinum
581 1629 611 1684 in
636 1628 773 1686 ebrietate
789 1630 882 1700 (Ereti.
897 1645 974 1693 rarsi,
990 1629 1046 1699 32).
1071 1651 1085 1678 a
1144 1628 1232 1684 bullis
1249 1628 1304 1698 (42)
1321 1645 1424 1684 zonam
1440 1631 1551 1701 tegunt,
1568 1627 1664 1684 aureis
1680 1627 1773 1684 thecis
1788 1626 1884 1683 cultros
1904 1627 1935 1682 in·

262 1716 318 1772 Sed
333 1716 445 1772 utinam
461 1722 490 1772 et
506 1717 583 1788 quod
600 1718 733 1789 sequitur
755 1718 872 1774 audires
889 1733 896 1771 ε
912 1739 926 1767 a
943 1717 1030 1773 bibas
1052 1716 1085 1771 il·
1143 1717 1266 1772 cludunt
1280 1733 1359 1784 suos,
1371 1717 1479 1790 quibua
1495 1716 1635 1772 dimicent
1648 1733 1718 1773 curn
1733 1714 1824 1788 epulis
1838 1716 1937 1770 dividec-

261 1803 313 1859 lud
337 1804 496 1875 moderate,
519 1811 553 1861 ut
576 1806 618 1862 sis
642 1805 758 1863 sobrius
772 1806 865 1879 (4444.)
885 1830 897 1855 e
913 1807 975 1862 Non
995 1805 1087 1862 trabes
1103 1773 1126 1838 B
1143 1807 1198 1862 dis.
1216 1805 1365 1860 444444444-
1385 1806 1467 1878 pueri
1491 1822 1575 1862 corna
1600 1806 1738 1874 nitentes,
1754 1821 1788 1860 ex
1801 1805 1937 1878 34444444-

263 1893 339 1965 quod
356 1910 475 1950 accuses
491 1912 497 1949 :
515 1894 615 1950 vinum
630 1894 659 1951 in
671 1896 858 1968 jucunditate
882 1899 1010 1951 creatum
1031 1899 1086 1964 est,
1142 1895 1240 1950 berica
1256 1895 1289 1949 ad
1305 1894 1358 1950 hos
1373 1911 1445 1950 usus
1462 1893 1556 1963 electi,
1581 1911 1632 1968 per
1658 1893 1839 1968 singularum
1853 1892 1938 1949 distan-

262 1998 320 2038 non
335 1980 365 2038 in
380 1982 519 2039 ebrietate
534 1985 569 2040 ab
587 1982 847 2040 initio.llnsultatio
861 1985 966 2040 animae
982 1988 1010 2039 ct
1024 2000 1087 2040 cor·
1141 1983 1198 2038 tias
1215 1987 1333 2037 :etatum
1349 1983 1427 2038 vices
1440 1983 1506 2056 (43).
1522 1982 1632 2039 Cernes
1649 1982 1823 2056 populorum
1836 1981 1937 2037 diverso·

262 2071 309 2128 dis
331 2071 425 2142 est,si
449 2073 597 2129 moderate
620 2073 704 2130 bibas
730 2090 736 2128 :
762 2073 965 2129 immoderatio
988 2076 1086 2129 autem
1142 2089 1206 2126 rum
1222 2071 1445 2142 or·rliues‚ariem
1462 2072 1626 2128 ordinatam
1643 2070 1938 2145 puteszvaanerposita

262 2164 349 2232 potus
364 2159 546 2217 iracundiam
572 2162 709 2233 eoncitat,
727 2166 755 2218 et
770 2161 872 2218 ruinas
897 2161 1004 2216 multus
1024 2161 1086 2217 elfi-
1142 2165 1288 2233 argentea,
1306 2176 1443 2232 pompam
1459 2161 1610 2217 arbitreris
1627 2180 1633 2217 :
1650 2177 1742 2219 cornu
1758 2161 1811 2232 (44)
1826 2161 1851 2214 44
1865 2158 1937 2214 medio

262 2249 311 2305 cit.
1140 2249 1198 2303 vini
1216 2248 1345 2321 plenum,
1362 2267 1418 2305 non
1435 2249 1703 2322 praeliaris(lii),scd
1720 2249 1843 2323 epularis
1857 2249 1939 2303 instru-

296 2340 341 2396 45.
358 2340 414 2396 Sed
428 2340 502 2395 lortc
522 2338 621 2395 dicant
641 2339 695 2397 has
718 2357 782 2397 esse
811 2341 974 2413 potationes
986 2340 1085 2414 vulga·
1141 2342 1273 2394 mentum
1290 2337 1431 2404 briccium,
1448 2339 1526 2411 quod
1543 2339 1763 2396 discumbentes
1778 2339 1805 2394 in
1821 2340 1937 2395 certamen

261 2428 339 2484 rium
363 2431 392 2484 et
415 2427 631 2484 levissimorum
658 2429 823 2484 hominum.
839 2429 998 2485 Veniamus
1017 2445 1086 2502 ergo
1140 2427 1292 2483 accendat.

260 2519 297 2575 sd
319 2516 427 2572 horum
450 2516 613 2588 potentium
637 2520 666 2572 ct
690 2515 917 2574 fortissimorum
943 2517 1084 2574 convivia.
1176 2516 1219 2570 47.
1238 2515 1334 2569 Primo
1364 2514 1528 2571 minoribus
1560 2513 1672 2588 poculis
1700 2515 1779 2571 volnt
1805 2510 1939 2570 ferentariis

261 2605 324 2661 Non
339 2619 408 2677 ergo
421 2603 469 2660 hic
486 2606 681 2677 unguentatos
696 2605 929 2662 adolescentulos
944 2610 1085 2662 4444444-
1139 2619 1238 2676 pugna
1253 2604 1426 2676 praeluditur
1442 2603 1509 2676 (46).
1526 2604 1635 2659 Verum
1652 2603 1715 2660 berc
1730 2620 1788 2660 non
1802 2598 1938 2659 sobrietatis

261 2699 345 2751 natos
362 2694 438 2749 rosis
452 2694 608 2766 proteram,
625 2694 743 2766 qualem
769 2695 866 2750 terunt
889 2695 972 2751 illum
994 2695 1087 2752 luisse
1139 2691 1262 2766 species,
1278 2694 1328 2748 sed
1345 2692 1463 2748 bibendi
1480 2697 1525 2750 est
1549 2692 1718 2765 disciplina.
1734 2693 1841 2749 Etenim
1856 2693 1883 2745 ut
1894 2693 1939 2744 tra-

261 2785 312 2855 qui
328 2781 476 2838 delibutus
502 2782 672 2854 unguentis,
687 2782 843 2840 redimitus
867 2783 998 2852 floribus,
1015 2784 1084 2840 sub·
1139 2782 1302 2854 goediarurn
1319 2787 1432 2838 actores
1454 2781 1547 2854 primo
1572 2781 1683 2837 sensim
1711 2798 1807 2838 vocem
1829 2778 1939 2844 excitant,

260 2872 347 2928 nixus
371 2871 574 2927 meretricibus
598 2871 666 2943 (39),
683 2871 857 2928 4444444444
879 2877 948 2946 potu
973 2872 1083 2942 ebrius,
1139 2869 1231 2926 donec
1246 2869 1309 2924 udae
1325 2870 1598 2942 vociatliiaperiant
1613 2870 1679 2940 iter,
1694 2875 1727 2926 ut
1742 2875 1839 2943 postca
1848 2865 1940 2938 magnis

260 2964 290 3017 et
303 2960 409 3016 diurno
422 2975 571 3016 cereorum
596 2961 753 3017 comitatus
779 2959 901 3029 lumine,
919 2961 1084 3033 philosophi
1138 2959 1252 3028 possint
1264 2957 1444 3018 clamoribus
1459 2975 1631 3032 personare;
1658 2957 1702 3016 ita
1729 2959 1776 3015 isti
1798 2971 1900 3032 quoque
1916 2954 1939 3008 in

261 3048 438 3106 auditorium
453 3047 635 3121 disputantis
660 3049 811 3122 ingressus
827 3051 875 3106 sit.
892 3051 953 3115 Quo
973 3050 1083 3120 audito,
1139 3045 1280 3120 principio
1296 3046 1475 3120 praelu=criis
1489 3064 1520 3104 se
1535 3051 1669 3104 exercent
1684 3043 1941 3121 poculis,utirritent

260 3154 392 3205 coronas,
422 3141 455 3193 ut
482 3137 574 3204 aiunt,
603 3138 714 3194 sensim
738 3138 905 3207 detraxerit,
935 3144 1121 3212 unguentac
1141 3136 1278 3204 sitinr;ne
1294 3137 1366 3193 torte
1382 3131 1940 3210 restinguanteanr,etsatiatiposterii-

260 3227 422 3294 deterserit,
447 3225 552 3283 scortis
567 3224 749 3283 valedixerit
772 3226 966 3300 philosophus
985 3232 1086 3301 postea
1142 3225 1209 3280 bere
1225 3241 1282 3281 non
1300 3225 1422 3297 possint.
1439 3226 1512 3298 llrgo
1527 3226 1577 3282 ubi
1593 3242 1640 3284 res
1655 3225 1751 3282 calere
1774 3223 1890 3298 eruperit,
1904 3236 1939 3292 po·

260 3321 360 3377 tentus
380 3315 515 3385 evaserit,
540 3320 573 3371 ut
595 3321 673 3372 esset
696 3316 863 3373 sobrietatis
888 3317 963 3374 UO
989 3334 1086 3373 exem·
1141 3318 1227 3369 scunt
1242 3313 1403 3388 majoribus
1418 3314 1641 3387 poculis:iervor
1655 3314 1816 3371 inardescit
1829 3310 1940 3372 martius,

263 3405 357 3479 plum,
377 3403 429 3477 qui
448 3404 541 3460 luerat
560 3406 628 3460 ante
647 3403 794 3462 ebrietatis
821 3404 993 3462 ludibrium.
1023 3407 1086 3462 Non
1141 3401 1221 3458 cibos
1237 3401 1301 3459 sitis
1317 3407 1456 3460 exaestuat
1470 3404 1537 3476 (48),
1553 3409 1582 3460 44
1596 3403 1646 3459 ubi
1662 3403 1802 3460 imminui
1821 3401 1940 3471 visapotu

300 3541 356 3612 (38)
370 3540 503 3612 Pugnare
517 3540 593 3594 inter
616 3537 718 3611 epulas
742 3541 903 3667 praesertim
923 3541 1086 3597 Thracibus
1138 3536 1409 3608 pertinaciorem...
1439 3537 1613 3607 r·ices,idam
1643 3541 1689 3594 est
1718 3553 1752 3593 ac
1779 3535 1850 3591 vices
1873 3527 1941 3586 mini·

1141 3608 1253 3664 strandi
1270 3623 1276 3662 :
1293 3607 1349 3674 val,
1366 3605 1502 3664 ordinum
1528 3610 1709 3665 mutationes
1734 3609 1808 3664 fiunt
1829 3621 1876 3678 pro
1897 3601 1941 3656 sin·

1140 3679 1277 3751 gulorum
1293 3680 1444 3746 ¹‹etatibus;
1460 3679 1501 3736 ita
1516 3686 1549 3736 ut
1571 3680 1601 3734 in
1624 3680 1722 3752 primo
1749 3695 1830 3736 versu
1852 3673 1941 3732 starent

1141 3754 1210 3806 natu
1228 3750 1364 3821 majores,
1378 3755 1406 3806 et
1421 3751 1463 3806 sic
1479 3751 1626 3823 deinceps.

1176 3822 1233 3894 (44)
1247 3821 1349 3890 Carnu,
1367 3821 1395 3876 id
1416 3827 1460 3878 est
1474 3839 1612 3879 corneum
1633 3839 1696 3890 vas,
1714 3837 1771 3895 quo
1797 3823 1895 3875 veteres
1914 3811 1940 3868 ad

1139 3892 1316 4019 {arvandum
1340 3893 1452 3960 vinnm,
1479 3893 1585 3960 oleum,
1603 3891 1738 3968 aliosque
1760 3892 1880 3964 liquores
1892 3890 1940 3941 ute·

1160 3969 1258 4021 antur.

1173 4037 1230 4108 (45)
1259 4034 1367 4092 Omnes
1390 4035 1477 4105 edit,
1493 4051 1549 4090 aaa
1572 4035 1706 4107 epularis,
1731 4034 1778 4091 aad
1799 4030 1938 4107 praitoria

1139 4123 1210 4162 mss.
1228 4111 1339 4175 contra,
1352 4123 1408 4162 aare
1420 4106 1573 4179 praeliaris,
1589 4107 1635 4162 aed
1649 4107 1782 4178 epularis.

1174 4178 1230 4250 (46)
1247 4178 1321 4233 lidii.
1340 4184 1402 4232 Am.
1421 4185 1449 4232 ct
1464 4177 1555 4234 Paris.
1572 4177 1719 4251 quadam,
1745 4179 1817 4233 44444
1838 4174 1940 4232 cotuate-

265 3629 329 3669 mos
343 3617 414 3668 erat.
432 3611 513 3667 Unde
526 3609 633 3684 legitur
648 3611 726 3683 apud
768 3613 907 3680 cratium,
923 3612 1025 3668 441427
1043 3629 1049 3667 :

372 3727 445 3777 Natis
459 3728 485 3776 in
502 3741 579 3776 usum
596 3726 693 3776 laetitiae
711 3726 818 3838 scyphis

370 3791 636 3912 §ppppppee'ppracum
650 3790 802 3840 ceticius
816 3789 960 3840 barbaram

174 4005 177 4008 -
258 3990 263 4002 ⁴
296 3971 353 4042 (39)
368 3968 511 4040 Diogenes
527 3965 659 4021 Laertius
675 3963 725 4019 lib.
742 3981 780 4029 rv,
798 3965 828 4019 in
844 3964 1007 4032 Polemone,
1025 3967 1086 4024 hac

261 4042 297 4098 de
322 4040 424 4096 eodem
450 4035 623 4109 philosopho
646 4035 676 4090 in
701 4033 832 4091 scholam
856 4037 1024 4094 Xenocratis
1039 4039 1084 4094 in-

261 4111 532 4253 grpppppppmptpipt'.
549 4178 606 4233 Noa
630 4180 705 4234 enim
730 4177 903 4234 ernerrdatum
928 4181 986 4236 iltis
1009 4183 1084 4237 invi·
1447 4251 1450 4259 Ι
1900 4244 1903 4251 ,

260 4253 448 4318 rico,·doceam
475 4267 576 4324 penas,
603 4250 709 4304 itam...
732 4251 842 4304 dorcam
870 4260 960 4306 taurea
987 4268 1082 4322 perires,
1137 4251 1305 4322 riispaprrae
1327 4249 1515 4318 proeiadetarr
1531 4250 1608 4318 Era,
1624 4251 1750 4306 velitaris
1763 4263 1862 4320 pupae.
1878 4239 1940 4298 Gill..

260 4320 821 4402 otc.Potiorestdubicproculnostra
844 4322 1084 4395 lectio,quarne
1138 4321 1278 4386 Rcrn.‚et
1301 4319 1364 4375 uliae
1391 4321 1621 4388 Paris.,rctitan'
1662 4338 1748 4392 upra.
1769 4316 1860 4390 Aliqui
1883 4326 1939 4369 mas.

260 4396 361 4450 dacem
373 4393 447 4450 Gall.
465 4410 536 4449 mss.
552 4391 733 4448 exhibemus
1139 4393 1245 4464 partini
1268 4390 1323 4459 his,
1350 4392 1456 4462 partini
1483 4391 1542 4448 illis
1566 4337 1734 4456 accersunt:
1755 4390 1802 4446 alii
1823 4391 1897 4468 aetate
1916 4396 1940 4436 at

296 4465 353 4536 (41)
381 4465 456 4521 Edit.
482 4469 550 4529 vet,
575 4465 663 4531 lpitar
692 4465 759 4518 irinc
784 4464 965 4520 adolescentes
995 4466 1082 4520 444νὶ-
1140 4479 1261 4518 numero
1275 4462 1448 4534 potiores,ut
1463 4463 1493 4518 in
1510 4468 1600 4519 textu.
1618 4463 1708 4520 Porro
1724 4455 1940 4532 terentaruerant

258 4553 313 4604 eos,
329 4537 364 4591 ad
378 4536 500 4592 corrniric
514 4536 705 4606 predictorum
719 4537 895 4590 partiamus...
913 4535 1084 4605 ltom.edit.,
1101 4520 1124 4584 D
1139 4533 1256 4590 levioris
1272 4537 1427 4589 armaturae
1444 4533 1561 4600 milites,
1578 4534 1629 4606 qui
1645 4540 1804 4607 antequam
1827 4529 1889 4587 totis
1907 4539 1940 4577 u·

258 4610 350 4681 lpitar
363 4609 427 4664 dinc
441 4606 476 4661 ad
489 4607 623 4673 contricio,
640 4611 693 4660 etc.
710 4606 779 4660 ltiss.
795 4623 863 4662 vero
878 4607 995 4678 partim,
1015 4611 1085 4663 Arre
1142 4605 1224 4661 ribus
1239 4611 1470 4675 concurreretur,
1486 4621 1589 4678 pugna
1604 4605 1816 4678 praeludebant.
1926 4665 1930 4673 ,

259 4683 365 4750 mitur:
381 4679 498 4751 partim,
514 4679 604 4748 Apape
619 4678 715 4747 ipttar,
730 4683 794 4732 etc.¹
1175 4677 1231 4760 (47)
1247 4677 1337 4743 Edit,
1360 4679 1431 4732 4444
1445 4681 1527 4732 uocis.
1548 4676 1618 4733 litas.
1648 4671 1771 4760 aliquot,
1787 4673 1939 4752 4444414444

294 4752 351 4821 442)
367 4752 409 4807 444
423 4767 495 4806 mss.
513 4749 624 4805 decem.
641 4746 696 4802 Alii
721 4754 819 4803 autem
843 4748 911 4817 diro,
928 4753 956 4803 ct
980 4764 1084 4808 omnes
1138 4747 1195 4802 Alii
1213 4747 1329 4814 melius,
1346 4747 1408 4804 adu
1422 4751 1505 4816 coria,
1521 4747 1575 4804 hoc
1586 4747 1761 4822 estliqurdae
1772 4763 1803 4803 ac
1814 4741 1938 4824 mobilis..¹

257 4813 342 4891 coit,
358 4824 508 4893 infantiam
530 4821 623 4875 {terreis
644 4819 736 4874 brettis.
752 4819 887 4875 Sciebant
901 4820 1019 4891 (pridem
1036 4837 1082 4876 ve·
1174 4819 1230 4888 (48)
1253 4819 1356 4874 Prisca
1379 4819 1461 4884 edit,
1489 4819 1646 4876 inardescit.
1670 4820 1795 4876 Arctitms
1815 4813 1877 4871 crea
1900 4814 1936 4888 aa

256 4902 333 4952 teres
349 4911 453 4951 aureas
467 4891 564 4949 bullas
578 4891 737 4946 infantium
753 4890 827 4946 collo
847 4894 1019 4964 appendere,
1032 4894 1082 4950 sed
1138 4897 1281 4947 eructaret.
1299 4889 1364 4946 Gill.
1380 4891 1410 4947 in
1426 4907 1531 4963 marg..
1546 4892 1654 4959 Ariciae,
1670 4907 1762 4963 quam
1777 4900 1868 4943 vorem
1882 4880 1937 4936 edd·

259 4985 316 5024 non
331 4968 371 5023 ita
386 4965 538 5040 proprium
554 4967 617 5020 erat
630 4962 699 5018 buic
714 4963 789 5016 erati
806 4962 974 5033 hujusmodi
997 4981 1081 5019 orna-

258 5043 400 5098 mentum.
417 5040 450 5093 ut
464 5037 552 5092 etiam
569 5035 598 5090 in
619 5033 788 5106 provectiori
812 5053 867 5087 nun
884 5035 1080 5102 adhiberetur,

259 5111 337 5164 unde
351 5126 449 5164 vocem
465 5109 619 5179 infantiam
642 5105 688 5159 hic
712 5105 906 5160 necessariam
927 5124 984 5160 non
1000 5113 1083 5189 puta-

258 5197 335 5234 mus.
354 5179 441 5234 ltullee
457 5187 554 5234 autem
571 5177 745 5232 dicebantur
760 5175 880 5247 quidam
897 5176 1006 5248 globuli
1030 5179 1081 5250 qui

259 5250 355 5305 bottas
370 5253 461 5322 guttis
474 5251 578 5321 pluvirr
593 5248 795 5303 decidentibus
819 5247 848 5301 in
873 5265 948 5319 aqua
963 5250 1081 5305 excitari

259 5321 360 5375 solitas
375 5322 568 5375 sirnilitndine
584 5319 756 5374 referebant.

295 5392 351 5462 (i3)
366 5391 473 5446 Omnes
488 5393 568 5459 edit,
579 5408 629 5462 per
642 5390 816 5462 stupratorem
829 5389 952 5445 distincti
966 5394 1082 5446 etatum

259 5464 330 5517 cicer
359 5461 458 5516 Cerrras
483 5464 677 5533 pacatarum...
709 5479 773 5516 oasa
798 5462 919 5531 arpoaita
946 5478 1030 5516 citrea
1057 5471 1083 5518 et

258 5535 402 5599 terpentes.
421 5533 492 5587 Cum
509 5534 554 5587 nis
570 5533 699 5603 plerique
715 5549 786 5588 mss.
803 5531 986 5598 lirciunt,nisi
1003 5534 1080 5603 quod

259 5605 494 5664 onrittuntaarea
509 5607 543 5658 et.
559 5603 614 5658 Atii
637 5619 703 5658 vero
729 5603 758 5659 in
783 5602 891 5674 quibus
914 5609 942 5660 et
965 5604 1080 5664 Thana.

259 5682 325 5743 ante
340 5673 421 5734 mille
435 5689 528 5734 annos
543 5677 687 5744 exaratus,
704 5677 737 5732 ut
748 5675 778 5735 in
793 5677 883 5736 testu.
900 5674 962 5735 litio
981 5681 1080 5738 autem

1138 4962 1221 5017 ltom.
1238 4961 1265 5016 in
1283 4965 1393 5017 textum
1408 4962 1568 5030 transtulit,
1593 4968 1697 5019 catera
1723 4977 1780 5017 non
1804 4949 1936 5013 absimilis-

1139 5033 1198 5088 lllis
1214 5034 1390 5089 etinveniunt
1405 5033 1482 5089 haud
1500 5032 1585 5106 pauci
1600 5051 1671 5091 mss.
1685 5031 1848 5105 Elegantius
1856 5031 1936 5100 444444

1137 5105 1262 5171 Thaca,
1287 5105 1390 5169 Laud,
1418 5105 1505 5173 liet,
1531 5111 1617 5162 Tora.
1642 5111 1671 5162 et
1694 5105 1789 5168 Dian,
1815 5095 1938 5156 tarnesca

1136 5179 1265 5241 inertias,
1282 5177 1340 5230 citro
1356 5178 1417 5231 sitia
1430 5181 1579 5238 eametaat:
1595 5177 1704 5250 quibus
1718 5175 1748 5230 in
1764 5171 1859 5229 ultima
1872 5166 1936 5238 parte

1137 5248 1199 5302 cod.
1217 5248 1313 5302 Germ.
1330 5251 1358 5301 et
1373 5246 1452 5302 Colb.
1468 5243 1934 5304 44444444444444444444444441

1137 5319 1167 5373 Et
1182 5319 1230 5373 abi
1244 5320 1376 5373 imminui
1391 5335 1454 5374 cerac
1468 5324 1599 5392 eruperint
1602 5361 1654 5375 .....
1677 5321 1888 5392 reparantur..3..
1910 5305 1935 5358 Et

1136 5391 1310 5445 intermeat
1325 5405 1393 5459 aaepe
1408 5394 1583 5458 peminantar
1586 5433 1639 5447 .....
1648 5390 1827 5446 reductiones
1838 5383 1935 5463 darem

1135 5465 1161 5517 et
1176 5477 1275 5532 rnopaa
1289 5463 1450 5530 certamina,
1466 5467 1520 5518 etc.
1536 5461 1673 5528 Quamvis
1697 5465 1794 5516 eutem
1817 5455 1866 5533 444
1880 5463 1934 5504 sen·

1136 5549 1202 5588 sum
1218 5531 1293 5588 ellici
1309 5531 1381 5588 satis
1396 5534 1584 5590 conrnrodum
1600 5548 1706 5606 negare
1721 5547 1777 5586 non
1796 5534 1933 5599 possimus,

1135 5609 1233 5660 tamen
1249 5619 1307 5660 non
1323 5603 1474 5677 potuimus
1484 5604 1636 5665 lectionem
1648 5587 1932 5662 assentantem„

1135 5674 1721 5748 14444.,8444.,4’444,444444.444444444444
1735 5689 1791 5734 non
1804 5663 1930 5748 preferre.
