4159 6184
142 303 202 368 ree
630 301 681 364 os
703 270 1356 367 sutasassinate-annocum.
1783 295 1845 358 rso

142 437 204 497 iiuc
218 435 301 499 addit
315 433 393 510 (tttt.
410 449 491 494 num.
506 432 554 506 79)
567 433 694 493 athletas
708 449 762 491 cos
774 449 840 492 essa
854 433 964 508 quibus
978 434 1007 490 in
1023 433 1128 490 ultimo
1150 432 1201 489 itlo
1214 431 1262 489 die
1276 447 1384 489 corona
1398 428 1534 505 neganda
1546 427 1597 499 stt,
1621 429 1679 489 nist
1703 445 1844 503 generoso

142 528 242 586 animo
256 526 474 584 certaverimus.
492 527 567 583 'lum
591 541 748 582 conversus
773 525 809 580 ad
833 523 1059 581 catechumenos
1080 522 1158 577 viam
1183 520 1256 593 ipsis
1281 521 1317 577 ed
1346 519 1552 594 perpurgenda
1578 519 1649 576 vitiu
1679 518 1840 593 planiorem

142 618 379 690 securioremque
402 621 557 690 suppetere
581 615 763 671 demonstrat
789 616 863 686 (cap.
883 615 929 684 22,
958 628 1042 668 num.
1064 611 1120 682 88),
1148 610 1329 684 baptismum
1351 609 1491 666 videlicet
1512 612 1732 682 quamnquam
1760 627 1844 668 sacro

142 708 269 780 quodam
284 706 350 780 igue
361 707 501 762 universa
517 705 618 762 sordes
633 706 860 760 consumuntur.
879 701 989 758 Verum
1011 715 1080 757 eum
1102 699 1223 756 minime
1237 700 1382 767 deessent,
1412 699 1463 772 qui
1487 699 1640 771 utmajori
1669 699 1787 757 licentia
1808 701 1839 758 in

142 795 262 870 flagitiis
289 797 352 852 suis
385 797 611 868 perseverarent,
634 795 852 850 sacramentum
876 791 948 848 illud
970 791 1000 846 in
1025 789 1136 846 exitum
1158 790 1222 845 vitre
1246 788 1430 855 differebant,
1455 788 1560 844 acriter
1583 805 1633 845 eos
1657 789 1845 862 reprehendit

141 889 215 959 (cap.
230 887 276 952 22,
293 899 374 940 num.
387 884 444 956 Sl),
460 888 644 956 mortemque
658 883 729 938 dum
746 879 1007 954 procrastinantur,
1022 879 1159 951 ingruere
1174 877 1449 944 commonefaciens,
1465 877 1584 933 eosdem
1605 894 1642 934 ne
1669 895 1844 951 comparen-

141 974 292 1030 dinetione
306 989 361 1030 sua
374 973 496 1029 Geinum
513 971 610 1045 potius
625 987 714 1044 quam
728 969 847 1026 hbelem
857 969 888 1024 in
903 967 1045 1025 sacrificio
1061 967 1208 1024 offerendo
1223 965 1406 1032 aemulentur,
1422 966 1568 1022 absterret
1583 966 1661 1038 (ibid.
1678 983 1761 1024 num.
1784 970 1841 1041 85).

176 1061 305 1120 Tametsi
316 1062 411 1118 tribue
426 1061 568 1134 partibus,
583 1065 616 1116 ut
630 1077 721 1133 supra
734 1058 918 1116 declaratum
932 1060 986 1122 cst,
1002 1055 1169 1113 conetethic
1185 1054 1278 1123 liber3
1299 1059 1398 1110 minen
1414 1053 1484 1127 quia
1495 1053 1612 1111 illarum
1628 1055 1784 1128 potissima
1798 1064 1844 1114 eet

141 1170 175 1210 ea
190 1151 220 1207 in
236 1168 295 1225 qua
309 1151 407 1224 agitur
422 1150 591 1222 dejejunio,
601 1150 680 1222 quod
695 1152 904 1222 argumentum
919 1144 1014 1201 Mliaui
1026 1146 1133 1218 jejunii
1148 1145 1301 1200 occasione
1316 1148 1487 1216 susceptum
1507 1143 1572 1213 fuit,
1595 1144 1661 1202 ideo
1676 1146 1710 1203 dt
1732 1147 1797 1205 lilio
1820 1152 1848 1204 et

137 1242 246 1314 jejunio
261 1239 441 1296 inscribitur.
458 1239 541 1294 lianc
563 1238 684 1294 titulum
699 1253 801 1294 omues
816 1251 889 1292 mss.
905 1251 964 1307 pra
979 1251 1010 1290 ee
1026 1236 1133 1302 ierunt,
1150 1237 1270 1307 excepto
1285 1233 1363 1306 quod
1379 1231 1471 1305 aliqui
1497 1233 1565 1289 Mlier
1594 1250 1702 1293 nomen
1726 1240 1846 1308 preter·

140 1329 292 1386 mittentes
310 1327 449 1384 exhibent
463 1330 590 1395 tuntum,
601 1327 792 1384 Sermosciuti
806 1325 942 1381 Ambrosii
958 1324 992 1380 dc
1004 1325 1123 1396 tejcnto.

177 1416 241 1474 Divi
250 1415 348 1473 Basilii
361 1415 512 1472 homiliam
523 1430 582 1487 qua
595 1415 736 1488 populum
748 1429 836 1469 suum
847 1413 883 1468 ad
890 1412 1040 1485 jejunium
1052 1411 1286 1486 Ouedragesimte
1299 1410 1435 1468 alacriter
1444 1411 1664 1485 suscipiendum
1676 1416 1849 1474 adhortetur

140 1505 290 1578 (Homildc
302 1505 432 1576 jejunio),
460 1504 596 1576 quisquis
607 1519 674 1560 cum
697 1503 751 1560 hoc
770 1501 965 1558 Ambrosiano
991 1503 1119 1557 tractatu
1147 1500 1315 1570 contulerit,
1340 1499 1410 1556 iude
1437 1501 1590 1574 complura
1615 1505 1646 1560 in
1675 1504 1754 1561 hunc
1783 1521 1850 1572 esse

138 1593 287 1652 translata
301 1593 385 1651 facile
401 1593 553 1666 intelliget.
575 1592 785 1652 Verumtamen
809 1591 856 1647 hic
885 1605 1001 1664 quoque
1023 1606 1135 1646 morsm
1155 1606 1245 1646 suum
1275 1590 1382 1646 retinet
1400 1591 1430 1647 S.
1451 1590 1567 1659 Ductor,
1592 1591 1733 1650 nimirum
1762 1594 1850 1651 modo

139 1684 234 1753 addit,
250 1683 337 1740 modo
352 1686 474 1751 resecat,
491 1682 625 1756 quadam
641 1681 818 1754 transponit,
834 1679 892 1738 alie
907 1695 974 1736 cum
989 1695 1036 1736 res
1053 1679 1082 1735 id
1096 1695 1216 1752 poscere
1234 1679 1359 1748 videtur,
1376 1678 1547 1752 amplificat.

177 1770 558 1830 Similiteranimadvertere
573 1775 618 1828 est
631 1770 820 1828 Ambrosium
834 1770 863 1825 in
889 1768 1002 1824 ultimis
1026 1769 1144 1825 duabus
1167 1768 1292 1840 buJusce
1312 1767 1527 1825 lucubrationis
1547 1762 1687 1842 partibus'
1707 1770 1850 1831 nonnulla

140 1878 209 1935 qus
225 1860 319 1934 plebis
334 1877 393 1916 sue
404 1859 536 1917 moribus
551 1859 790 1927 accommodarit,
807 1861 973 1914 mutuatum
989 1873 1055 1915 esse
1069 1874 1105 1914 ex
1117 1857 1234 1914 duabus
1248 1856 1314 1913 aliis
1329 1857 1417 1914 basili
1438 1857 1537 1931 Magni
1558 1857 1699 1927 homiliis,
1724 1877 1849 1932 quarum

139 1950 236 2008 altera
251 1966 326 2022 que,
343 1953 443 2006 contra
457 1949 713 2022 intemperantiam
728 1949 792 2022 ipso
807 1947 883 2004 sacri
898 1947 1049 2004 Psschslis
1059 1947 1107 2004 die
1119 1946 1262 2004 committi
1277 1946 1395 2004 solitam
1410 1946 1748 2020 scripta‚inecribitnrlrr
1760 1952 1850 2009 ebrie-

138 2045 229 2097 tatem
243 2044 270 2096 et
293 2040 401 2106 lusam,
417 2037 510 2094 ultera
524 2039 564 2094 tt
578 2039 743 2111 baptismam
757 2039 912 2094 exhortatio
927 2040 977 2093 est.

176 2131 210 2186 ln
226 2129 282 2185 hcc
299 2127 397 2202 itaque
414 2127 488 2184 libro
509 2143 567 2184 non
584 2143 677 2200 pauca
693 2127 831 2200 reperias,
861 2143 924 2199 quse
948 2127 984 2183 ad
1012 2125 1238 2183 Mediolanensis
1260 2125 1396 2183 Mcclesiae
1419 2127 1650 2185 consuetudines
1673 2130 1850 2203 pertineant.

138 2218 295 2276 llaecinter
309 2216 511 2274 observatione
527 2217 674 2290 praecipua
689 2217 812 2290 dignum
834 2215 949 2272 videtur
975 2217 1053 2288 quod
1074 2219 1254 2272 memoratur
1267 2216 1304 2271 de
1314 2216 1429 2288 jejunio
1445 2215 1691 2290 Quadrupesimae.
1721 2221 1849 2290 Quadra-

133 2309 254 2381 cesima,
271 2306 368 2379 inquit
383 2305 427 2362 vir
439 2310 571 2374 sanctus,
586 2307 650 2362 totis
663 2314 765 2378 practer
778 2305 927 2362 sectemur
942 2313 968 2360 ct
981 2305 1419 2377 Dondmmm-jejtectertlietas.
1435 2306 1652 2378 [locetquidem
1665 2309 1849 2382 angustinus

142 2397 246 2470 (epist.
268 2396 313 2452 36.
338 2395 373 2451 ctl
391 2395 478 2462 casui,
503 2396 656 2464 num.32;
685 2400 714 2450 et
742 2394 920 2467 epistblcd
939 2394 1077 2466 januar„
1107 2409 1189 2448 num.
1214 2394 1243 2464 8)
1271 2392 1392 2448 Sabbati
1421 2393 1482 2450 dies
1506 2396 1636 2467 jejunari
1662 2414 1720 2453 non
1750 2397 1852 2457 solitos

140 2483 313 2552 Mediolani,
326 2484 575 2556 quemadmodum
592 2483 689 2540 Rome
700 2483 927 2555 jejunabantur;
940 2483 990 2538 sed
1006 2481 1071 2551 ejus
1085 2481 1288 2538 testimouium
1301 2481 1436 2554 generate
1446 2485 1500 2540 est.
1513 2486 1551 2538 st
1567 2499 1632 2540 raro
1645 2485 1851 2545 hicsmbrosii

141 2575 233 2632 locus
247 2577 345 2646 aperte
369 2572 467 2646 prodit
481 2589 517 2628 ne
532 2569 768 2645 Quadrageetmc
784 2569 903 2642 quidem
919 2569 1050 2627 sabbatis
1064 2569 1125 2627 illic
1149 2569 1240 2627 inisse
1264 2570 1446 2642 jejunatum.
1462 2571 1670 2630 Verumtamen
1691 2577 1851 2636 Sabbatum

142 2667 284 2721 mucium
301 2661 360 2719 sive
373 2661 524 2718 Paschatis
537 2658 669 2734 vigiliam
682 2659 751 2715 inde
765 2658 926 2732 excipimus
938 2677 945 2728 ;
961 2658 1009 2716 hic
1023 2659 1103 2715 euim
1117 2664 1158 2716 cic
1168 2660 1202 2716 ab
1215 2659 1351 2727 amnites,
1367 2662 1399 2714 ut
1419 2660 1576 2732 loquamur
1590 2678 1657 2719 cum
1687 2666 1853 2738 Augustino

140 2753 244 2825 (epist.
259 2753 305 2820 57,
321 2767 403 2807 num.
418 2751 475 2820 51),
486 2751 640 2822 jejunetur,
657 2749 783 2805 atetiom
798 2749 842 2804 illi
856 2748 965 2804 satiati
974 2748 1116 2820 jejuniam
1135 2749 1307 2807 Mcotmsime
1328 2750 1474 2817 celebrent,
1497 2752 1546 2822 qai
1567 2754 1675 2808 coeteris
1694 2769 1744 2826 per
1766 2759 1854 2812 totam

140 2857 254 2896 annum
268 2839 393 2896 scitatis
407 2838 552 2911 prandent.
569 2837 637 2902 Quae
652 2854 720 2893 cum
735 2836 778 2893 ita
793 2836 865 2904 sint,
880 2836 1113 2894 Mediolanenses
1128 2840 1244 2893 tuntum
1258 2854 1325 2892 xxxa
1339 2838 1402 2894 dies
1414 2837 1602 2908 jejunabant,
1618 2857 1687 2897 cum
1699 2843 1850 2916 jejunium

142 2945 238 2998 suum
254 2945 311 2984 uon
329 2927 471 2984 nisiierie
486 2925 830 2999 secundapostprimam
844 2925 1028 2982 Dominicam
1045 2927 1074 2981 in
1090 2923 1319 2997 Ouedragesima
1334 2925 1546 2983 exordirentur.
1577 2928 1677 3002 Neque
1705 2931 1784 2987 enim
1809 2937 1855 2990 est

141 3017 227 3092 quod
242 3033 297 3073 vox
310 3015 546 3088 Quadragesime
560 3031 738 3088 quemquam
755 3018 878 3082 moreat,
895 3014 1042 3086 siquidem
1055 3014 1084 3069 iu
1097 3013 1164 3071 aliis
1179 3030 1295 3087 quoque
1310 3013 1457 3082 Ecclesiis,
1473 3015 1525 3071 ubi
1538 3017 1654 3089 jejunia
1682 3036 1742 3076 non
1758 3025 1857 3078 matu·

140 3107 210 3162 rius
225 3105 413 3178 incipiebant,
430 3121 488 3160 nou
501 3104 628 3177 emptius
652 3120 736 3159 axam
759 3101 863 3160 diebus
876 3103 1086 3176 jejunabatur;
1102 3118 1177 3174 quos,
1196 3105 1229 3158 ut
1252 3101 1294 3158 eit
1317 3102 1475 3176 Gregorius
1498 3105 1623 3179 Magnus
1637 3106 1729 3177 (bom.
1756 3110 1789 3165 tt
1818 3113 1850 3168 irc

145 3196 315 3264 Evonp.)et
329 3197 394 3266 post
417 3209 484 3249 enm
501 3191 550 3248 alii
565 3191 662 3260 multi,
678 3194 759 3264 quasi
773 3194 937 3248 ennicostri
952 3191 1075 3248 decimae
1098 3193 1151 3248 Dte
1171 3191 1278 3248 merus.
1303 3192 1379 3257 Quin
1408 3192 1498 3249 etiem
1514 3195 1624 3252 recenti
1653 3199 1796 3256 memoria
1819 3201 1851 3258 S.

144 3283 273 3342 Carolus
288 3281 317 3338 in
334 3282 429 3354 prima
444 3299 498 3338 sua
512 3282 622 3354 synodo
638 3280 740 3337 statuit
754 3280 808 3337 hoc
821 3281 969 3353 jejunium
994 3297 1052 3337 uon
1076 3281 1159 3354 prius
1184 3280 1384 3353 incipiendum
1408 3281 1576 3353 Mediolani,
1599 3284 1694 3359 iisque
1721 3288 1855 3347 diaecesis

143 3371 231 3428 illius
245 3369 390 3444 partibus,
407 3371 454 3426 ati
469 3386 504 3426 es
519 3371 552 3425 li.
572 3370 711 3425 Arntroeii
729 3370 853 3425 instituto
864 3369 959 3424 divina
977 3368 1070 3438 osteis
1087 3369 1273 3426 celebrantur.

183 3459 244 3516 Hoc
259 3459 290 3514 in
305 3475 391 3532 opere
407 3457 479 3514 nihil
495 3457 639 3514 contineri
668 3461 772 3530 preter
785 3473 935 3514 sermones
950 3473 1024 3530 quos
1039 3457 1214 3514 Ambrosius
1229 3459 1266 3514 ad
1292 3459 1411 3530 plebem
1432 3477 1528 3530 suam,
1551 3465 1657 3536 partim
1681 3483 1697 3523 e
1723 3469 1857 3527 catechu-

143 3548 257 3616 menis,
270 3547 377 3620 partim
393 3562 408 3602 e
423 3547 577 3619 baptizatis
593 3547 786 3618 compositam
802 3545 916 3614 habuit,
932 3550 1013 3602 extra
1028 3547 1256 3603 controversiam
1275 3552 1329 3604 est.
1346 3547 1481 3605 Dubitari
1503 3557 1602 3608 autem
1631 3559 1728 3626 potest
1754 3556 1858 3616 illosne

142 3639 269 3695 ineunte
283 3653 320 3693 an
336 3639 459 3692 exeunte
474 3635 703 3709 Quadragesima
717 3634 861 3691 habuerit.
878 3635 1031 3692 lluimvero
1047 3636 1125 3706 quod
1140 3635 1229 3691 dicit:
1245 3637 1278 3691 Et
1292 3644 1323 3691 ta
1337 3635 1437 3693 dodini
1461 3653 1563 3695 mmet
1586 3646 1665 3698 taam
1683 3645 1719 3701 ud
1742 3663 1857 3717 agonem

144 3726 261 3790 timei,
277 3725 465 3796 subscripsisti
478 3723 513 3779 nd
526 3725 748 3796 competitionem
757 3737 866 3780 corona
881 3723 956 3795 (cap.
973 3724 1018 3788 21,
1034 3739 1118 3779 num.
1133 3722 1199 3795 79);
1225 3723 1254 3778 id
1277 3723 1397 3796 quidem
1427 3725 1594 3800 significare
1622 3726 1738 3789 ridetur
1767 3735 1857 3792 verba

145 3814 212 3872 ficri
226 3813 263 3870 ad
281 3813 485 3886 competentes
500 3813 550 3884 qui
562 3813 626 3883 jam
641 3813 678 3868 ed
694 3812 851 3884 baptisma,
864 3811 899 3868 ad
911 3811 987 3884 quod
1001 3828 1059 3868 non
1075 3810 1133 3868 nisi
1146 3811 1203 3867 sub
1217 3811 1328 3868 exitum
1343 3813 1579 3887 Quadragesime
1608 3817 1857 3888 inscribebantur,

147 3919 257 3960 nomen
271 3901 430 3958 dedissent.
447 3905 484 3955 tt
500 3917 515 3956 e
530 3902 675 3957 contrario
690 3902 806 3958 eosdem
822 3915 972 3958 sermones
988 3904 1055 3957 ante
1069 3899 1178 3956 initum
1191 3917 1307 3956 sacrum
1333 3901 1389 3958 hoc
1411 3907 1528 3976 tempus
1559 3907 1764 3978 pronuntiatos
1791 3929 1856 3969 esse

147 3992 282 4066 apertius
315 3993 463 4047 testantur
495 3989 547 4046 illa
570 3989 657 4062 primi
679 3990 783 4062 cepitis
810 3990 917 4046 verba:
949 3988 1088 4045 Ceramus
1108 3989 1175 4045 taba
1199 3992 1333 4063 tanquam
1358 3993 1389 4046 irs
1414 3992 1548 4063 pretium
1572 3996 1786 4067 progredientes.
1812 4043 1818 4056 .
1850 4042 1857 4055 .

146 4085 287 4138 certmners
298 4080 425 4136 imminet
442 4120 448 4135 .
466 4120 474 4133 .
492 4121 498 4135 .
514 4081 652 4134 tuirriaco
666 4083 790 4135 nostrum
800 4079 989 4151 jejuniamest
1004 4079 1098 4150 (uum.
1116 4079 1153 4149 t).
1171 4079 1247 4134 'lum
1263 4083 1402 4151 praterea
1416 4080 1524 4138 Christi
1549 4083 1716 4157 exemplum
1743 4087 1854 4145 ibidem

146 4169 342 4244 propositum,
355 4167 471 4241 alisque
487 4168 679 4240 sequentibus
700 4167 846 4239 capitibus
876 4169 1007 4239 subjecta
1023 4167 1097 4224 satis
1117 4168 1294 4225 confirmant
1312 4168 1344 4224 id
1358 4174 1462 4226 sancto
1476 4171 1595 4243 presuli
1611 4173 1725 4232 consilii
1756 4177 1858 4247 tuisse,

146 4259 247 4317 fideles
263 4258 300 4315 sd
327 4257 548 4329 susciplendum
573 4255 647 4314 illud
671 4257 820 4328 jejunium
836 4272 1011 4330 praeparare.
1029 4257 1110 4323 Quod
1127 4257 1218 4329 igitur
1246 4257 1282 4313 de
1312 4257 1529 4331 subscriptione
1557 4261 1593 4316 ad
1620 4265 1857 4334 competitionem

146 4364 260 4406 coronas
286 4344 404 4414 dicitur,
430 4346 459 4400 id
480 4344 772 4418 explicaripotestde
795 4345 934 4402 omnibus
957 4345 987 4401 in
1016 4344 1187 4401 universum
1218 4345 1403 4414 Christianis,
1429 4346 1537 4419 quibus
1560 4349 1624 4421 jam
1650 4351 1718 4408 indo
1743 4373 1759 4409 a
1788 4354 1855 4412 libri

143 4436 264 4494 exordio
281 4435 433 4492 victoriam
449 4439 537 4508 atque
555 4438 699 4507 tropaeum
715 4433 948 4506 eretpolticitns.
977 4434 1032 4491 Sed
1060 4433 1132 4490 forte
1160 4433 1259 4489 licebit
1286 4433 1376 4489 etiam
1405 4438 1561 4508 utramque
1586 4438 1755 4510 opinionem
1785 4460 1854 4500 con·

145 4525 256 4590 cillere,
277 4523 302 4580 si
324 4539 398 4596 opus
419 4521 493 4578 illud
517 4523 613 4579 tribus
633 4521 823 4579 concionibus
841 4526 974 4578 constare
1006 4522 1177 4589 dixerimus,
1203 4538 1218 4577 e
1242 4521 1351 4594 quibus
1372 4522 1585 4604 Basiliaqaram
1610 4527 1704 4586 instar
1739 4532 1855 4591 diverso

143 4619 278 4687 tempore
293 4610 402 4668 habitis
422 4611 595 4669 Ambrosius
614 4615 716 4685 postea
743 4611 852 4667 librum
882 4609 1050 4667 coniecerit:
1079 4611 1155 4683 quod
1180 4626 1248 4666 eam
1277 4610 1366 4667 stiam
1393 4609 1463 4668 alibi
1489 4629 1548 4669 uon
1576 4616 1669 4673 semel
1707 4619 1859 4677 lectitasse

143 4702 320 4760 ridebimus.
1433 4748 1446 4772 ,
1858 4751 1860 4754 ,

176 4791 289 4848 Verum
319 4788 412 4846 multo
436 4789 556 4860 majoris
580 4785 762 4846 difficultatis
786 4805 833 4846 res
853 4794 897 4846 cst
916 4793 1046 4846 statuere
1069 4792 1159 4862 quoto
1180 4805 1258 4845 anno
1278 4791 1387 4846 eadem
1410 4789 1468 4847 illa
1490 4792 1645 4850 conciones
1675 4785 1857 4867 assignanda

143 4881 222 4947 sint;
249 4881 279 4934 st
293 4882 327 4934 ut
340 4877 496 4950 loquamur
520 4878 656 4952 ingenue,
685 4878 732 4934 vix
755 4879 918 4953 quidquam
934 4877 1003 4935 certi
1030 4878 1108 4951 quod
1125 4878 1161 4932 ad
1190 4877 1266 4934 hauc
1286 4879 1484 4952 coguitionem
1511 4883 1700 4949 condurata
1726 4881 1855 4941 lectione

142 4966 395 5026 istiuslibricrui
423 4970 527 5040 potest.
544 4967 742 5025 Nihilominus
769 4972 867 5024 tamen
897 4969 921 5024 si
950 4967 1021 5040 quid
1050 4966 1150 5039 petitis
1178 4983 1213 5023 ex
1240 4967 1305 5039 ipso
1335 4968 1511 5040 conjecturis
1539 4971 1630 5026 lldere
1658 4971 1856 5043 permittatur,

144 5057 352 5132 cognoscimus
363 5056 426 5126 jam
442 5061 502 5112 tam
518 5055 610 5114 libros
625 5055 768 5128 plurimos
784 5062 823 5114 De
835 5058 906 5116 Elias
932 5059 1018 5127 pestis
1032 5056 1189 5130 scripsisse
1212 5058 1401 5114 Ambrosium
1431 5059 1505 5130 (cap.
1535 5059 1563 5127 3,
1592 5075 1674 5115 num.
1690 5059 1856 5133 5):proin-

144 5148 239 5220 deque
252 5145 352 5218 ipsum
366 5148 437 5201 tunc
452 5145 592 5218 temporie
606 5161 664 5202 uon
693 5163 801 5219 paucos
830 5147 860 5201 in
888 5146 1058 5218 episcopatu
1084 5162 1176 5202 annos
1196 5147 1345 5220 peregisse
1367 5163 1486 5203 neccsse
1501 5151 1556 5204 est.
1573 5149 1731 5220 Quousque
1753 5155 1853 5207 autem

145 5235 326 5308 producendi
341 5235 410 5290 cuni
425 5233 468 5289 illi
495 5235 564 5302 sint,
591 5252 648 5292 non
667 5233 791 5291 aliunde
822 5234 927 5291 melius
955 5234 1090 5308 colligere
1118 5251 1204 5308 posse
1232 5234 1320 5291 nobis
1347 5235 1495 5302 videmur,
1525 5251 1615 5307 quam
1643 5252 1678 5293 ex
1707 5238 1857 5299 mentione

144 5323 630 5398 psalmcrnmatquebymnorum,
647 5340 772 5397 quorum
800 5327 919 5380 cantum
947 5324 983 5380 ab
1011 5323 1076 5397 ipso
1103 5341 1155 5398 per
1181 5323 1305 5380 Justinae
1335 5321 1583 5395 persecutionem,
1612 5324 1667 5382 boc
1692 5331 1749 5397 est,
1778 5344 1856 5386 sano

144 5410 204 5482 888,
221 5413 251 5468 in
267 5411 475 5470 Mediolanensi
492 5413 619 5470 Ecclesia
633 5413 802 5472 institutum
830 5418 945 5470 constet
965 5416 1040 5487 (cap.
1070 5414 1115 5480 lb,
1143 5429 1226 5469 num.
1254 5412 1313 5475 55).
1343 5411 1446 5483 ltaque
1478 5412 1642 5472 dicendum
1670 5421 1749 5475 esset
1776 5415 1857 5476 banc

144 5499 483 5572 librumscriptumnou
504 5501 678 5559 luisseaute
706 5503 833 5559 reditum
861 5501 1061 5560 Valentiniani
1090 5500 1214 5572 junioris
1242 5498 1451 5567 Mediolanum,
1482 5517 1572 5572 quem
1601 5503 1632 5560 in
1662 5505 1765 5562 urdem
1795 5523 1856 5564 uua

146 5604 208 5670 cum
224 5587 388 5645 Theodosio
402 5594 469 5662 post
484 5590 663 5646 exstinctum
679 5589 839 5645 Maximum
854 5593 1024 5664 tyrannum,
1040 5591 1142 5658 idest,
1157 5587 1311 5656 annosas,
1328 5603 1462 5645 reversus
1477 5594 1533 5646 cst.
1566 5591 1624 5650 Nec
1651 5592 1709 5649 alia
1730 5594 1804 5652 forte
1819 5595 1856 5651 ds

147 5693 230 5734 causa
244 5677 412 5736 reseruntur
425 5675 570 5736 militares
585 5678 638 5740 tiri
653 5678 716 5736 suis
742 5679 772 5734 in
788 5680 1044 5754 propinationibus
1072 5679 1229 5754 dictitare:
1246 5677 1312 5751 opto
1337 5677 1456 5736 aotam
1484 5681 1686 5756 imperatorem
1709 5684 1786 5758 (cap.
1803 5683 1850 5742 17.

149 5781 225 5827 num.
245 5766 300 5841 82).
855 5773 858 5788 ·
