<?xml version="1.0" encoding="UTF-8"?>
<!DOCTYPE html PUBLIC "-//W3C//DTD XHTML 1.0 Transitional//EN"
    "http://www.w3.org/TR/xhtml1/DTD/xhtml1-transitional.dtd">
<html xmlns="http://www.w3.org/1999/xhtml" xml:lang="en" lang="en">
 <head>
  <title>
</title>
<meta http-equiv="Content-Type" content="text/html;charset=utf-8" />
  <meta name='ocr-system' content='tesseract 3.04.00' />
  <meta name='ocr-capabilities' content='ocr_page ocr_carea ocr_par ocr_line ocrx_word'/>
</head>
<body>
  <div class='ocr_page' id='page_1' title='image "./patrologiaecurs31goog/patrologiaecurs31goog_0421.png"; bbox 0 0 4159 6184; ppageno 0'>
   <div class='ocr_carea' id='block_1_1' title="bbox 162 309 1867 392">
    <p class='ocr_par' dir='ltr' id='par_1_1' title="bbox 162 309 1867 392">
     <span class='ocr_line' id='line_1_1' title="bbox 162 309 1867 392; baseline 0.012 -23"><span class='ocrx_word' id='word_1_1' title='bbox 162 309 223 381; x_wconf 75' lang='grc'><strong>833</strong></span> <span class='ocrx_word' id='word_1_2' title='bbox 491 313 542 376; x_wconf 83' lang='lat' dir='ltr'><strong>be</strong></span> <span class='ocrx_word' id='word_1_3' title='bbox 562 310 930 381; x_wconf 70' lang='lat' dir='ltr'><strong>insensatissime</strong></span> <span class='ocrx_word' id='word_1_4' title='bbox 950 312 1018 390; x_wconf 79' lang='lat' dir='ltr'><strong>JOB</strong></span> <span class='ocrx_word' id='word_1_5' title='bbox 1040 317 1091 376; x_wconf 76' lang='lat' dir='ltr'><strong>Et</strong></span> <span class='ocrx_word' id='word_1_6' title='bbox 1113 311 1244 380; x_wconf 76' lang='lat' dir='ltr'><strong>batte.</strong></span> <span class='ocrx_word' id='word_1_7' title='bbox 1261 351 1301 364; x_wconf 91' lang='lat'>-</span> <span class='ocrx_word' id='word_1_8' title='bbox 1315 316 1545 383; x_wconf 80' lang='lat' dir='ltr'>ADMONI&#39;IIO.</span> <span class='ocrx_word' id='word_1_9' title='bbox 1807 330 1867 392; x_wconf 76' lang='lat' dir='ltr'><strong>aas</strong></span> 
     </span>
    </p>
   </div>
   <div class='ocr_carea' id='block_1_2' title="bbox 161 440 1957 5766">
    <p class='ocr_par' dir='ltr' id='par_1_2' title="bbox 162 440 1870 1146">
     <span class='ocr_line' id='line_1_2' title="bbox 163 440 1867 530; baseline 0.012 -34"><span class='ocrx_word' id='word_1_10' title='bbox 163 441 251 497; x_wconf 89' lang='lat' dir='ltr'><strong>initia</strong></span> <span class='ocrx_word' id='word_1_11' title='bbox 265 440 392 500; x_wconf 84' lang='lat' dir='ltr'><strong>invicem</strong></span> <span class='ocrx_word' id='word_1_12' title='bbox 407 444 590 516; x_wconf 83' lang='lat' dir='ltr'><strong>contulisset,</strong></span> <span class='ocrx_word' id='word_1_13' title='bbox 606 445 788 520; x_wconf 87' lang='lat' dir='ltr'><strong>ejuraturum</strong></span> <span class='ocrx_word' id='word_1_14' title='bbox 807 447 907 504; x_wconf 89' lang='lat' dir='ltr'><strong>tuisse.</strong></span> <span class='ocrx_word' id='word_1_15' title='bbox 926 446 1000 512; x_wconf 84' lang='lat' dir='ltr'><strong>Quid</strong></span> <span class='ocrx_word' id='word_1_16' title='bbox 1017 447 1095 501; x_wconf 81' lang='lat' dir='ltr'><strong>cn²m</strong></span> <span class='ocrx_word' id='word_1_17' title='bbox 1113 447 1276 508; x_wconf 75' lang='lat' dir='ltr'><strong>evidentius</strong></span> <span class='ocrx_word' id='word_1_18' title='bbox 1292 451 1327 508; x_wconf 84' lang='lat' dir='ltr'><strong>its</strong></span> <span class='ocrx_word' id='word_1_19' title='bbox 1342 452 1437 508; x_wconf 76' lang='lat' dir='ltr'><strong>verbiS</strong></span> <span class='ocrx_word' id='word_1_20' title='bbox 1450 454 1557 526; x_wconf 85' lang='lat' dir='ltr'><strong>quibus</strong></span> <span class='ocrx_word' id='word_1_21' title='bbox 1573 457 1681 512; x_wconf 69' lang='lat' dir='ltr'><strong>Amba-</strong></span> <span class='ocrx_word' id='word_1_22' title='bbox 1702 457 1746 512; x_wconf 77' lang='lat' dir='ltr'><strong>ire</strong></span> <span class='ocrx_word' id='word_1_23' title='bbox 1764 477 1867 530; x_wconf 75' lang='lat' dir='ltr'><strong>perer·</strong></span> 
     </span>
     <span class='ocr_line' id='line_1_3' title="bbox 164 529 1869 617; baseline 0.011 -29"><span class='ocrx_word' id='word_1_24' title='bbox 164 533 265 589; x_wconf 80' lang='lat' dir='ltr'>dinem</span> <span class='ocrx_word' id='word_1_25' title='bbox 281 532 418 605; x_wconf 75' lang='lat' dir='ltr'>querelas</span> <span class='ocrx_word' id='word_1_26' title='bbox 433 551 450 592; x_wconf 89' lang='lat' dir='ltr'><strong>a</strong></span> <span class='ocrx_word' id='word_1_27' title='bbox 464 535 574 592; x_wconf 88' lang='lat' dir='ltr'><strong>sanctis</strong></span> <span class='ocrx_word' id='word_1_28' title='bbox 587 529 687 594; x_wconf 82' lang='lat' dir='ltr'><strong>Iob’et</strong></span> <span class='ocrx_word' id='word_1_29' title='bbox 701 533 791 592; x_wconf 79' lang='lat' dir='ltr'><strong>David</strong></span> <span class='ocrx_word' id='word_1_30' title='bbox 808 552 896 608; x_wconf 85' lang='lat' dir='ltr'><strong>super</strong></span> <span class='ocrx_word' id='word_1_31' title='bbox 910 535 1061 590; x_wconf 83' lang='lat' dir='ltr'><strong>homiaem</strong></span> <span class='ocrx_word' id='word_1_32' title='bbox 1082 536 1207 592; x_wconf 70' lang='lat' dir='ltr'><strong>irrisoriis</strong></span> <span class='ocrx_word' id='word_1_33' title='bbox 1222 537 1338 596; x_wconf 88' lang='lat' dir='ltr'><strong>habites</strong></span> <span class='ocrx_word' id='word_1_34' title='bbox 1365 541 1598 598; x_wconf 85' lang='lat' dir='ltr'><strong>examinatarum</strong></span> <span class='ocrx_word' id='word_1_35' title='bbox 1629 563 1660 600; x_wconf 85' lang='lat' dir='ltr'><strong>sc</strong></span> <span class='ocrx_word' id='word_1_36' title='bbox 1681 543 1841 617; x_wconf 63' lang='lat' dir='ltr'><strong>‘pontit-rtur</strong></span> <span class='ocrx_word' id='word_1_37' title='bbox 1858 555 1869 606; x_wconf 77' lang='lat' dir='ltr'><strong>t</strong></span> 
     </span>
     <span class='ocr_line' id='line_1_4' title="bbox 166 623 1869 706; baseline 0.008 -26"><span class='ocrx_word' id='word_1_38' title='bbox 166 624 313 694; x_wconf 76' lang='lat' dir='ltr'><strong>Utriusque</strong></span> <span class='ocrx_word' id='word_1_39' title='bbox 326 623 422 695; x_wconf 84' lang='lat' dir='ltr'><strong>ipIter,</strong></span> <span class='ocrx_word' id='word_1_40' title='bbox 438 623 536 697; x_wconf 91' lang='lat' dir='ltr'><strong>inquit</strong></span> <span class='ocrx_word' id='word_1_41' title='bbox 550 623 611 699; x_wconf 88' lang='lat' dir='ltr'><strong>(lib.</strong></span> <span class='ocrx_word' id='word_1_42' title='bbox 629 641 651 692; x_wconf 89' lang='grc' dir='ltr'><strong>ι,</strong></span> <span class='ocrx_word' id='word_1_43' title='bbox 665 641 729 698; x_wconf 91' lang='lat' dir='ltr'><strong>cap.</strong></span> <span class='ocrx_word' id='word_1_44' title='bbox 747 625 773 693; x_wconf 90' lang='lat'><strong>1,</strong></span> <span class='ocrx_word' id='word_1_45' title='bbox 790 640 872 682; x_wconf 90' lang='lat' dir='ltr'><strong>num.</strong></span> <span class='ocrx_word' id='word_1_46' title='bbox 888 624 928 695; x_wconf 67' lang='grc'><strong>3),</strong></span> <span class='ocrx_word' id='word_1_47' title='bbox 943 625 1175 696; x_wconf 66' lang='lat' dir='ltr'><strong>interpellationes</strong></span> <span class='ocrx_word' id='word_1_48' title='bbox 1189 628 1360 686; x_wconf 77' lang='lat' dir='ltr'><strong>considerari</strong></span> <span class='ocrx_word' id='word_1_49' title='bbox 1381 630 1458 686; x_wconf 86' lang='lat' dir='ltr'><strong>cordi</strong></span> <span class='ocrx_word' id='word_1_50' title='bbox 1472 639 1543 696; x_wconf 72' lang='lat' dir='ltr'><strong>est„</strong></span> <span class='ocrx_word' id='word_1_51' title='bbox 1578 632 1632 690; x_wconf 87' lang='lat' dir='ltr'><strong>Sao</strong></span> <span class='ocrx_word' id='word_1_52' title='bbox 1661 637 1747 706; x_wconf 69' lang='lat' dir='ltr'><strong>ipiter</strong></span> <span class='ocrx_word' id='word_1_53' title='bbox 1773 638 1869 694; x_wconf 87' lang='lat' dir='ltr'><strong>ordine</strong></span> 
     </span>
     <span class='ocr_line' id='line_1_5' title="bbox 162 711 1870 790; baseline 0.008 -22"><span class='ocrx_word' id='word_1_54' title='bbox 162 711 319 784; x_wconf 70' lang='lat' dir='ltr'><strong>spectanda</strong></span> <span class='ocrx_word' id='word_1_55' title='bbox 332 711 410 771; x_wconf 79' lang='lat' dir='ltr'><strong>nobis</strong></span> <span class='ocrx_word' id='word_1_56' title='bbox 424 716 498 770; x_wconf 78' lang='lat' dir='ltr'><strong>seret.</strong></span> <span class='ocrx_word' id='word_1_57' title='bbox 514 713 574 774; x_wconf 83' lang='lat' dir='ltr'><strong>Hoc</strong></span> <span class='ocrx_word' id='word_1_58' title='bbox 588 713 690 790; x_wconf 89' lang='lat' dir='ltr'><strong>ulique</strong></span> <span class='ocrx_word' id='word_1_59' title='bbox 705 729 765 770; x_wconf 91' lang='lat' dir='ltr'><strong>non</strong></span> <span class='ocrx_word' id='word_1_60' title='bbox 781 711 839 770; x_wconf 86' lang='lat' dir='ltr'><strong>nIsi</strong></span> <span class='ocrx_word' id='word_1_61' title='bbox 852 711 957 786; x_wconf 89' lang='lat' dir='ltr'><strong>primis</strong></span> <span class='ocrx_word' id='word_1_62' title='bbox 972 711 1089 768; x_wconf 89' lang='lat' dir='ltr'><strong>duobus</strong></span> <span class='ocrx_word' id='word_1_63' title='bbox 1103 712 1188 770; x_wconf 88' lang='lat' dir='ltr'><strong>libris</strong></span> <span class='ocrx_word' id='word_1_64' title='bbox 1201 719 1339 788; x_wconf 81' lang='lat' dir='ltr'><strong>prestare</strong></span> <span class='ocrx_word' id='word_1_65' title='bbox 1355 719 1458 790; x_wconf 88' lang='lat' dir='ltr'><strong>potuIt,</strong></span> <span class='ocrx_word' id='word_1_66' title='bbox 1490 721 1566 790; x_wconf 90' lang='lat' dir='ltr'><strong>qnod</strong></span> <span class='ocrx_word' id='word_1_67' title='bbox 1597 725 1627 776; x_wconf 89' lang='lat' dir='ltr'><strong>et</strong></span> <span class='ocrx_word' id='word_1_68' title='bbox 1653 722 1763 780; x_wconf 84' lang='lat' dir='ltr'>ibidem</span> <span class='ocrx_word' id='word_1_69' title='bbox 1793 743 1810 782; x_wconf 89' lang='lat' dir='ltr'><strong>a</strong></span> <span class='ocrx_word' id='word_1_70' title='bbox 1837 744 1870 784; x_wconf 87' lang='lat' dir='ltr'><strong>se</strong></span> 
     </span>
     <span class='ocr_line' id='line_1_6' title="bbox 163 800 1868 884; baseline 0.007 -27"><span class='ocrx_word' id='word_1_71' title='bbox 163 801 328 878; x_wconf 78' lang='lat' dir='ltr'><strong>prestitum</strong></span> <span class='ocrx_word' id='word_1_72' title='bbox 343 801 442 872; x_wconf 82' lang='lat' dir='ltr'><strong>tradit,</strong></span> <span class='ocrx_word' id='word_1_73' title='bbox 456 818 523 863; x_wconf 87' lang='lat' dir='ltr'><strong>cam</strong></span> <span class='ocrx_word' id='word_1_74' title='bbox 535 803 623 867; x_wconf 23' lang='lat' dir='ltr'><strong>,initio</strong></span> <span class='ocrx_word' id='word_1_75' title='bbox 637 801 716 861; x_wconf 88' lang='lat' dir='ltr'><strong>tertii</strong></span> <span class='ocrx_word' id='word_1_76' title='bbox 730 800 799 860; x_wconf 83' lang='lat' dir='ltr'><strong>libri</strong></span> <span class='ocrx_word' id='word_1_77' title='bbox 814 801 856 858; x_wconf 87' lang='lat' dir='ltr'><strong>stc</strong></span> <span class='ocrx_word' id='word_1_78' title='bbox 870 801 1002 875; x_wconf 90' lang='lat' dir='ltr'><strong>loquitur</strong></span> <span class='ocrx_word' id='word_1_79' title='bbox 1015 801 1090 876; x_wconf 90' lang='lat' dir='ltr'><strong>(cap.</strong></span> <span class='ocrx_word' id='word_1_80' title='bbox 1107 805 1134 874; x_wconf 83' lang='lat'><strong>1,</strong></span> <span class='ocrx_word' id='word_1_81' title='bbox 1149 819 1231 859; x_wconf 89' lang='lat' dir='ltr'><strong>num.</strong></span> <span class='ocrx_word' id='word_1_82' title='bbox 1248 805 1275 877; x_wconf 85' lang='lat' dir='ltr'><strong>t)</strong></span> <span class='ocrx_word' id='word_1_83' title='bbox 1292 821 1298 862; x_wconf 89' lang='lat'>:</span> <span class='ocrx_word' id='word_1_84' title='bbox 1316 809 1446 878; x_wconf 81' lang='lat' dir='ltr'><strong>Superior</strong></span> <span class='ocrx_word' id='word_1_85' title='bbox 1461 810 1537 865; x_wconf 74' lang='lat' dir='ltr'><strong>erotis</strong></span> <span class='ocrx_word' id='word_1_86' title='bbox 1552 809 1765 884; x_wconf 74' lang='lat' dir='ltr'><strong>ilispnrtatiosuiI</strong></span> <span class='ocrx_word' id='word_1_87' title='bbox 1778 813 1810 871; x_wconf 83' lang='lat' dir='ltr'><strong>cte</strong></span> <span class='ocrx_word' id='word_1_88' title='bbox 1824 817 1868 870; x_wconf 87' lang='lat' dir='ltr'><strong>in-</strong></span> 
     </span>
     <span class='ocr_line' id='line_1_7' title="bbox 162 889 1869 974; baseline 0.009 -28"><span class='ocrx_word' id='word_1_89' title='bbox 162 891 354 964; x_wconf 82' lang='lat' dir='ltr'><strong>terpellatione</strong></span> <span class='ocrx_word' id='word_1_90' title='bbox 366 900 525 949; x_wconf 78' lang='lat' dir='ltr'><strong>sanctorem</strong></span> <span class='ocrx_word' id='word_1_91' title='bbox 540 892 655 974; x_wconf 85' lang='lat' dir='ltr'><strong>(nempe</strong></span> <span class='ocrx_word' id='word_1_92' title='bbox 669 890 724 952; x_wconf 82' lang='lat' dir='ltr'><strong>Job</strong></span> <span class='ocrx_word' id='word_1_93' title='bbox 740 894 768 951; x_wconf 84' lang='lat' dir='ltr'><strong>at</strong></span> <span class='ocrx_word' id='word_1_94' title='bbox 782 889 884 965; x_wconf 87' lang='lat' dir='ltr'><strong>David)</strong></span> <span class='ocrx_word' id='word_1_95' title='bbox 899 890 970 966; x_wconf 86' lang='lat' dir='ltr'><strong>quod</strong></span> <span class='ocrx_word' id='word_1_96' title='bbox 982 891 1095 964; x_wconf 67' lang='lat' dir='ltr'><strong>propitia</strong></span> <span class='ocrx_word' id='word_1_97' title='bbox 1116 896 1143 948; x_wconf 85' lang='lat' dir='ltr'><strong>et</strong></span> <span class='ocrx_word' id='word_1_98' title='bbox 1165 893 1303 950; x_wconf 80' lang='lat' dir='ltr'><strong>traderitis</strong></span> <span class='ocrx_word' id='word_1_99' title='bbox 1329 895 1446 952; x_wconf 82' lang='lat' dir='ltr'><strong>conditio</strong></span> <span class='ocrx_word' id='word_1_100' title='bbox 1470 897 1604 966; x_wconf 83' lang='lat' dir='ltr'><strong>trrrnaao,</strong></span> <span class='ocrx_word' id='word_1_101' title='bbox 1635 905 1689 958; x_wconf 89' lang='lat' dir='ltr'><strong>eta.</strong></span> <span class='ocrx_word' id='word_1_102' title='bbox 1718 901 1869 962; x_wconf 88' lang='lat' dir='ltr'><strong>Postremo</strong></span> 
     </span>
     <span class='ocr_line' id='line_1_8' title="bbox 164 979 1869 1062; baseline 0.009 -27"><span class='ocrx_word' id='word_1_103' title='bbox 164 979 303 1055; x_wconf 87' lang='lat' dir='ltr'><strong>quisquis</strong></span> <span class='ocrx_word' id='word_1_104' title='bbox 318 981 455 1038; x_wconf 91' lang='lat' dir='ltr'><strong>eumdem</strong></span> <span class='ocrx_word' id='word_1_105' title='bbox 468 981 634 1044; x_wconf 84' lang='lat' dir='ltr'><strong>secundum</strong></span> <span class='ocrx_word' id='word_1_106' title='bbox 650 979 758 1041; x_wconf 89' lang='lat' dir='ltr'><strong>librum</strong></span> <span class='ocrx_word' id='word_1_107' title='bbox 775 996 842 1038; x_wconf 91' lang='lat' dir='ltr'><strong>oum</strong></span> <span class='ocrx_word' id='word_1_108' title='bbox 858 980 991 1052; x_wconf 82' lang='lat' dir='ltr'><strong>ejusdem</strong></span> <span class='ocrx_word' id='word_1_109' title='bbox 1007 979 1103 1052; x_wconf 89' lang='lat' dir='ltr'><strong>operis</strong></span> <span class='ocrx_word' id='word_1_110' title='bbox 1119 985 1222 1054; x_wconf 90' lang='lat' dir='ltr'><strong>quarto</strong></span> <span class='ocrx_word' id='word_1_111' title='bbox 1239 998 1412 1056; x_wconf 89' lang='lat' dir='ltr'><strong>componere</strong></span> <span class='ocrx_word' id='word_1_112' title='bbox 1441 985 1573 1054; x_wconf 74' lang='lat' dir='ltr'><strong>volitent,</strong></span> <span class='ocrx_word' id='word_1_113' title='bbox 1602 987 1626 1044; x_wconf 83' lang='lat' dir='ltr'><strong>Is</strong></span> <span class='ocrx_word' id='word_1_114' title='bbox 1654 990 1756 1062; x_wconf 90' lang='lat' dir='ltr'><strong>procul</strong></span> <span class='ocrx_word' id='word_1_115' title='bbox 1780 992 1869 1050; x_wconf 88' lang='lat' dir='ltr'><strong>dubio</strong></span> 
     </span>
     <span class='ocr_line' id='line_1_9' title="bbox 163 1069 1654 1146; baseline 0.005 -20"><span class='ocrx_word' id='word_1_116' title='bbox 163 1086 217 1143; x_wconf 90' lang='lat' dir='ltr'><strong>per</strong></span> <span class='ocrx_word' id='word_1_117' title='bbox 232 1086 263 1127; x_wconf 90' lang='lat' dir='ltr'><strong>se</strong></span> <span class='ocrx_word' id='word_1_118' title='bbox 278 1069 431 1144; x_wconf 80' lang='lat' dir='ltr'><strong>intelllget,</strong></span> <span class='ocrx_word' id='word_1_119' title='bbox 442 1087 505 1130; x_wconf 88' lang='lat' dir='ltr'><strong>eam</strong></span> <span class='ocrx_word' id='word_1_120' title='bbox 522 1069 719 1128; x_wconf 72' lang='lat' dir='ltr'><strong>diversitatem</strong></span> <span class='ocrx_word' id='word_1_121' title='bbox 734 1085 822 1142; x_wconf 89' lang='lat' dir='ltr'><strong>qnam</strong></span> <span class='ocrx_word' id='word_1_122' title='bbox 836 1069 978 1128; x_wconf 73' lang='lat' dir='ltr'><strong>Erasmus</strong></span> <span class='ocrx_word' id='word_1_123' title='bbox 988 1069 1117 1144; x_wconf 89' lang='lat' dir='ltr'><strong>jactitat,</strong></span> <span class='ocrx_word' id='word_1_124' title='bbox 1133 1089 1238 1145; x_wconf 90' lang='lat' dir='ltr'><strong>purum</strong></span> <span class='ocrx_word' id='word_1_125' title='bbox 1250 1077 1354 1146; x_wconf 90' lang='lat' dir='ltr'><strong>putum</strong></span> <span class='ocrx_word' id='word_1_126' title='bbox 1371 1091 1434 1130; x_wconf 89' lang='lat' dir='ltr'><strong>esse</strong></span> <span class='ocrx_word' id='word_1_127' title='bbox 1445 1079 1654 1134; x_wconf 83' lang='lat' dir='ltr'><strong>cornnrentum.</strong></span> 
     </span>
    </p>

    <p class='ocr_par' dir='ltr' id='par_1_3' title="bbox 161 1157 1873 2390">
     <span class='ocr_line' id='line_1_10' title="bbox 201 1157 1871 1244; baseline 0.01 -30"><span class='ocrx_word' id='word_1_128' title='bbox 201 1158 327 1216; x_wconf 83' lang='lat' dir='ltr'><strong>Romani</strong></span> <span class='ocrx_word' id='word_1_129' title='bbox 341 1159 461 1233; x_wconf 87' lang='lat' dir='ltr'><strong>quidem</strong></span> <span class='ocrx_word' id='word_1_130' title='bbox 477 1159 603 1216; x_wconf 78' lang='lat' dir='ltr'><strong>editores</strong></span> <span class='ocrx_word' id='word_1_131' title='bbox 616 1159 672 1218; x_wconf 88' lang='lat' dir='ltr'><strong>hos</strong></span> <span class='ocrx_word' id='word_1_132' title='bbox 687 1174 790 1216; x_wconf 90' lang='lat' dir='ltr'><strong>omnes</strong></span> <span class='ocrx_word' id='word_1_133' title='bbox 804 1157 896 1221; x_wconf 84' lang='lat' dir='ltr'><strong>libros</strong></span> <span class='ocrx_word' id='word_1_134' title='bbox 911 1174 946 1214; x_wconf 84' lang='lat' dir='ltr'><strong>ax</strong></span> <span class='ocrx_word' id='word_1_135' title='bbox 960 1175 1042 1231; x_wconf 85' lang='lat' dir='ltr'><strong>aequo</strong></span> <span class='ocrx_word' id='word_1_136' title='bbox 1059 1159 1114 1216; x_wconf 90' lang='lat' dir='ltr'><strong>sub</strong></span> <span class='ocrx_word' id='word_1_137' title='bbox 1131 1161 1277 1218; x_wconf 77' lang='lat' dir='ltr'>Ambrosii</span> <span class='ocrx_word' id='word_1_138' title='bbox 1295 1161 1413 1219; x_wconf 77' lang='lat' dir='ltr'><strong>nontine</strong></span> <span class='ocrx_word' id='word_1_139' title='bbox 1428 1181 1494 1220; x_wconf 90' lang='lat' dir='ltr'><strong>cum</strong></span> <span class='ocrx_word' id='word_1_140' title='bbox 1511 1163 1576 1222; x_wconf 88' lang='lat' dir='ltr'><strong>aliis</strong></span> <span class='ocrx_word' id='word_1_141' title='bbox 1591 1167 1722 1238; x_wconf 87' lang='lat' dir='ltr'><strong>ejusdem</strong></span> <span class='ocrx_word' id='word_1_142' title='bbox 1733 1172 1871 1244; x_wconf 90' lang='lat' dir='ltr'><strong>operibus</strong></span> 
     </span>
     <span class='ocr_line' id='line_1_11' title="bbox 165 1227 1870 1332; baseline 0.01 -29"><span class='ocrx_word' id='word_1_143' title='bbox 165 1244 246 1322; x_wconf 90' lang='lat' dir='ltr'><strong>prelo</strong></span> <span class='ocrx_word' id='word_1_144' title='bbox 262 1247 423 1322; x_wconf 84' lang='lat' dir='ltr'><strong>subjecere,</strong></span> <span class='ocrx_word' id='word_1_145' title='bbox 439 1248 490 1306; x_wconf 88' lang='lat' dir='ltr'><strong>sed</strong></span> <span class='ocrx_word' id='word_1_146' title='bbox 506 1264 556 1305; x_wconf 90' lang='lat' dir='ltr'><strong>eos</strong></span> <span class='ocrx_word' id='word_1_147' title='bbox 576 1249 700 1306; x_wconf 86' lang='lat' dir='ltr'><strong>tortasse</strong></span> <span class='ocrx_word' id='word_1_148' title='bbox 711 1245 799 1322; x_wconf 87' lang='lat' dir='ltr'><strong>paulo</strong></span> <span class='ocrx_word' id='word_1_149' title='bbox 815 1227 956 1332; x_wconf 69' lang='lat' dir='ltr'><strong>auripcius</strong></span> <span class='ocrx_word' id='word_1_150' title='bbox 971 1247 1131 1305; x_wconf 85' lang='lat' dir='ltr'><strong>distraxere</strong></span> <span class='ocrx_word' id='word_1_151' title='bbox 1147 1250 1183 1305; x_wconf 89' lang='lat' dir='ltr'><strong>ab</strong></span> <span class='ocrx_word' id='word_1_152' title='bbox 1200 1250 1332 1307; x_wconf 83' lang='lat' dir='ltr'><strong>invicem.</strong></span> <span class='ocrx_word' id='word_1_153' title='bbox 1350 1251 1480 1310; x_wconf 89' lang='lat' dir='ltr'><strong>Primum</strong></span> <span class='ocrx_word' id='word_1_154' title='bbox 1500 1271 1530 1310; x_wconf 84' lang='lat' dir='ltr'><strong>aa</strong></span> <span class='ocrx_word' id='word_1_155' title='bbox 1548 1257 1665 1312; x_wconf 87' lang='lat' dir='ltr'><strong>tertium</strong></span> <span class='ocrx_word' id='word_1_156' title='bbox 1679 1257 1789 1319; x_wconf 89' lang='lat' dir='ltr'><strong>librum</strong></span> <span class='ocrx_word' id='word_1_157' title='bbox 1805 1265 1870 1320; x_wconf 90' lang='lat' dir='ltr'><strong>tan·</strong></span> 
     </span>
     <span class='ocr_line' id='line_1_12' title="bbox 165 1335 1870 1424; baseline 0.01 -31"><span class='ocrx_word' id='word_1_158' title='bbox 165 1353 255 1410; x_wconf 88' lang='lat' dir='ltr'><strong>quam</strong></span> <span class='ocrx_word' id='word_1_159' title='bbox 271 1337 483 1394; x_wconf 88' lang='lat' dir='ltr'><strong>commentarIa</strong></span> <span class='ocrx_word' id='word_1_160' title='bbox 498 1337 529 1393; x_wconf 94' lang='lat' dir='ltr'><strong>in</strong></span> <span class='ocrx_word' id='word_1_161' title='bbox 543 1337 653 1395; x_wconf 90' lang='lat' dir='ltr'><strong>librum</strong></span> <span class='ocrx_word' id='word_1_162' title='bbox 666 1335 721 1395; x_wconf 81' lang='lat' dir='ltr'><strong>Iob</strong></span> <span class='ocrx_word' id='word_1_163' title='bbox 734 1337 829 1410; x_wconf 85' lang='lat' dir='ltr'><strong>prtmo</strong></span> <span class='ocrx_word' id='word_1_164' title='bbox 845 1353 898 1393; x_wconf 93' lang='lat' dir='ltr'><strong>suo</strong></span> <span class='ocrx_word' id='word_1_165' title='bbox 912 1339 991 1392; x_wconf 89' lang='lat' dir='ltr'><strong>tomo</strong></span> <span class='ocrx_word' id='word_1_166' title='bbox 1007 1336 1195 1394; x_wconf 83' lang='lat' dir='ltr'><strong>inseruerunt</strong></span> <span class='ocrx_word' id='word_1_167' title='bbox 1212 1355 1218 1395; x_wconf 92' lang='lat'><strong>:</strong></span> <span class='ocrx_word' id='word_1_168' title='bbox 1235 1341 1397 1396; x_wconf 85' lang='lat' dir='ltr'><strong>secumlum</strong></span> <span class='ocrx_word' id='word_1_169' title='bbox 1413 1347 1510 1398; x_wconf 68' lang='lat' dir='ltr'><strong>autem</strong></span> <span class='ocrx_word' id='word_1_170' title='bbox 1526 1347 1555 1398; x_wconf 90' lang='lat' dir='ltr'><strong>et</strong></span> <span class='ocrx_word' id='word_1_171' title='bbox 1570 1349 1707 1416; x_wconf 89' lang='lat' dir='ltr'><strong>quartum</strong></span> <span class='ocrx_word' id='word_1_172' title='bbox 1737 1366 1754 1406; x_wconf 89' lang='lat' dir='ltr'><strong>a</strong></span> <span class='ocrx_word' id='word_1_173' title='bbox 1783 1367 1870 1424; x_wconf 86' lang='lat' dir='ltr'><strong>supe·</strong></span> 
     </span>
     <span class='ocr_line' id='line_1_13' title="bbox 163 1424 1869 1510; baseline 0.009 -28"><span class='ocrx_word' id='word_1_174' title='bbox 163 1425 294 1484; x_wconf 87' lang='lat' dir='ltr'><strong>rioribus</strong></span> <span class='ocrx_word' id='word_1_175' title='bbox 309 1426 426 1484; x_wconf 77' lang='lat' dir='ltr'><strong>avulsos</strong></span> <span class='ocrx_word' id='word_1_176' title='bbox 444 1427 472 1482; x_wconf 88' lang='lat' dir='ltr'><strong>in</strong></span> <span class='ocrx_word' id='word_1_177' title='bbox 489 1427 651 1483; x_wconf 88' lang='lat' dir='ltr'><strong>secundum</strong></span> <span class='ocrx_word' id='word_1_178' title='bbox 664 1430 777 1482; x_wconf 88' lang='lat' dir='ltr'><strong>tomam</strong></span> <span class='ocrx_word' id='word_1_179' title='bbox 793 1425 849 1482; x_wconf 90' lang='lat' dir='ltr'><strong>snb</strong></span> <span class='ocrx_word' id='word_1_180' title='bbox 864 1424 950 1482; x_wconf 90' lang='lat' dir='ltr'><strong>titulo</strong></span> <span class='ocrx_word' id='word_1_181' title='bbox 965 1425 1189 1484; x_wconf 77' lang='lat' dir='ltr'><strong>linarrotionum</strong></span> <span class='ocrx_word' id='word_1_182' title='bbox 1205 1429 1232 1484; x_wconf 88' lang='lat' dir='ltr'><strong>in</strong></span> <span class='ocrx_word' id='word_1_183' title='bbox 1250 1429 1382 1486; x_wconf 86' lang='lat' dir='ltr'><strong>Psalmos</strong></span> <span class='ocrx_word' id='word_1_184' title='bbox 1396 1449 1453 1498; x_wconf 82' lang='lat' dir='ltr'><strong>xm,</strong></span> <span class='ocrx_word' id='word_1_185' title='bbox 1470 1450 1524 1487; x_wconf 79' lang='lat' dir='ltr'><strong>sun</strong></span> <span class='ocrx_word' id='word_1_186' title='bbox 1543 1451 1574 1488; x_wconf 87' lang='lat' dir='ltr'><strong>nr</strong></span> <span class='ocrx_word' id='word_1_187' title='bbox 1591 1453 1666 1491; x_wconf 78' lang='lat' dir='ltr'><strong>asxn</strong></span> <span class='ocrx_word' id='word_1_188' title='bbox 1696 1438 1869 1510; x_wconf 85' lang='lat' dir='ltr'><strong>rejecerunt.</strong></span> 
     </span>
     <span class='ocr_line' id='line_1_14' title="bbox 164 1514 1872 1603; baseline 0.009 -32"><span class='ocrx_word' id='word_1_189' title='bbox 164 1516 255 1572; x_wconf 86' lang='lat' dir='ltr'><strong>Porro</strong></span> <span class='ocrx_word' id='word_1_190' title='bbox 270 1532 335 1572; x_wconf 90' lang='lat' dir='ltr'><strong>cum</strong></span> <span class='ocrx_word' id='word_1_191' title='bbox 352 1515 524 1590; x_wconf 79' lang='lat' dir='ltr'><strong>hqjusmcdi</strong></span> <span class='ocrx_word' id='word_1_192' title='bbox 539 1515 684 1590; x_wconf 75' lang='lat' dir='ltr'>separatio</span> <span class='ocrx_word' id='word_1_193' title='bbox 700 1514 761 1572; x_wconf 90' lang='lat' dir='ltr'><strong>lieri</strong></span> <span class='ocrx_word' id='word_1_194' title='bbox 779 1531 966 1588; x_wconf 89' lang='lat' dir='ltr'><strong>nequaquem</strong></span> <span class='ocrx_word' id='word_1_195' title='bbox 980 1516 1118 1588; x_wconf 88' lang='lat' dir='ltr'><strong>potuerit,</strong></span> <span class='ocrx_word' id='word_1_196' title='bbox 1134 1517 1203 1591; x_wconf 89' lang='lat' dir='ltr'><strong>quin</strong></span> <span class='ocrx_word' id='word_1_197' title='bbox 1220 1518 1407 1575; x_wconf 78' lang='lat' dir='ltr'><strong>induceretur</strong></span> <span class='ocrx_word' id='word_1_198' title='bbox 1430 1520 1459 1575; x_wconf 89' lang='lat' dir='ltr'><strong>In</strong></span> <span class='ocrx_word' id='word_1_199' title='bbox 1476 1523 1604 1579; x_wconf 72' lang='lat' dir='ltr'><strong>cariatone</strong></span> <span class='ocrx_word' id='word_1_200' title='bbox 1632 1528 1745 1583; x_wconf 82' lang='lat' dir='ltr'><strong>tastum</strong></span> <span class='ocrx_word' id='word_1_201' title='bbox 1774 1528 1872 1603; x_wconf 85' lang='lat' dir='ltr'><strong>ailqaa</strong></span> 
     </span>
     <span class='ocr_line' id='line_1_15' title="bbox 166 1604 1871 1689; baseline 0.008 -27"><span class='ocrx_word' id='word_1_202' title='bbox 166 1606 302 1677; x_wconf 85' lang='lat' dir='ltr'><strong>mutatio,</strong></span> <span class='ocrx_word' id='word_1_203' title='bbox 318 1610 347 1662; x_wconf 88' lang='lat' dir='ltr'><strong>ct</strong></span> <span class='ocrx_word' id='word_1_204' title='bbox 360 1606 533 1679; x_wconf 83' lang='lat' dir='ltr'><strong>praclarum</strong></span> <span class='ocrx_word' id='word_1_205' title='bbox 548 1623 624 1680; x_wconf 92' lang='lat' dir='ltr'><strong>opus</strong></span> <span class='ocrx_word' id='word_1_206' title='bbox 637 1605 837 1662; x_wconf 88' lang='lat' dir='ltr'><strong>membrorum</strong></span> <span class='ocrx_word' id='word_1_207' title='bbox 852 1621 974 1661; x_wconf 91' lang='lat' dir='ltr'><strong>suorum</strong></span> <span class='ocrx_word' id='word_1_208' title='bbox 989 1604 1139 1662; x_wconf 76' lang='lat' dir='ltr'><strong>iuratione</strong></span> <span class='ocrx_word' id='word_1_209' title='bbox 1154 1624 1186 1661; x_wconf 89' lang='lat' dir='ltr'><strong>nc</strong></span> <span class='ocrx_word' id='word_1_210' title='bbox 1202 1605 1373 1677; x_wconf 71' lang='lat' dir='ltr'>disjectione</span> <span class='ocrx_word' id='word_1_211' title='bbox 1388 1609 1603 1680; x_wconf 86' lang='lat' dir='ltr'><strong>quodammodo</strong></span> <span class='ocrx_word' id='word_1_212' title='bbox 1625 1624 1871 1689; x_wconf 78' lang='lat' dir='ltr'><strong>corrumperetur,</strong></span> 
     </span>
     <span class='ocr_line' id='line_1_16' title="bbox 164 1693 1873 1778; baseline 0.008 -28"><span class='ocrx_word' id='word_1_213' title='bbox 164 1695 235 1752; x_wconf 88' lang='lat' dir='ltr'><strong>biuc</strong></span> <span class='ocrx_word' id='word_1_214' title='bbox 250 1693 321 1750; x_wconf 92' lang='lat' dir='ltr'><strong>illud</strong></span> <span class='ocrx_word' id='word_1_215' title='bbox 337 1695 452 1752; x_wconf 81' lang='lat' dir='ltr'><strong>consilii</strong></span> <span class='ocrx_word' id='word_1_216' title='bbox 469 1713 526 1752; x_wconf 89' lang='lat' dir='ltr'><strong>non</strong></span> <span class='ocrx_word' id='word_1_217' title='bbox 543 1695 609 1752; x_wconf 83' lang='lat' dir='ltr'><strong>tulii</strong></span> <span class='ocrx_word' id='word_1_218' title='bbox 625 1711 725 1751; x_wconf 90' lang='lat' dir='ltr'><strong>corum</strong></span> <span class='ocrx_word' id='word_1_219' title='bbox 743 1694 995 1767; x_wconf 75' lang='lat' dir='ltr'><strong>approbationem,</strong></span> <span class='ocrx_word' id='word_1_220' title='bbox 1012 1695 1062 1766; x_wconf 89' lang='lat' dir='ltr'><strong>qui</strong></span> <span class='ocrx_word' id='word_1_221' title='bbox 1079 1695 1195 1750; x_wconf 87' lang='lat' dir='ltr'><strong>Patrem</strong></span> <span class='ocrx_word' id='word_1_222' title='bbox 1214 1695 1331 1768; x_wconf 86' lang='lat' dir='ltr'><strong>scripte,</strong></span> <span class='ocrx_word' id='word_1_223' title='bbox 1348 1697 1446 1768; x_wconf 86' lang='lat' dir='ltr'><strong>quella</strong></span> <span class='ocrx_word' id='word_1_224' title='bbox 1463 1699 1498 1753; x_wconf 85' lang='lat' dir='ltr'><strong>ub</strong></span> <span class='ocrx_word' id='word_1_225' title='bbox 1516 1698 1572 1755; x_wconf 71' lang='lat' dir='ltr'><strong>illis</strong></span> <span class='ocrx_word' id='word_1_226' title='bbox 1590 1700 1690 1759; x_wconf 87' lang='lat' dir='ltr'><strong>relicta</strong></span> <span class='ocrx_word' id='word_1_227' title='bbox 1704 1709 1784 1778; x_wconf 88' lang='lat' dir='ltr'><strong>sunt,</strong></span> <span class='ocrx_word' id='word_1_228' title='bbox 1801 1705 1873 1762; x_wconf 88' lang='lat' dir='ltr'><strong>talia</strong></span> 
     </span>
     <span class='ocr_line' id='line_1_17' title="bbox 165 1781 1872 1867; baseline 0.007 -27"><span class='ocrx_word' id='word_1_229' title='bbox 165 1783 223 1840; x_wconf 87' lang='lat' dir='ltr'><strong>sibi</strong></span> <span class='ocrx_word' id='word_1_230' title='bbox 239 1783 369 1840; x_wconf 73' lang='lat' dir='ltr'><strong>exhiberi</strong></span> <span class='ocrx_word' id='word_1_231' title='bbox 381 1785 448 1856; x_wconf 88' lang='lat' dir='ltr'><strong>jure</strong></span> <span class='ocrx_word' id='word_1_232' title='bbox 462 1784 640 1841; x_wconf 86' lang='lat' dir='ltr'><strong>desiderant.</strong></span> <span class='ocrx_word' id='word_1_233' title='bbox 654 1784 727 1840; x_wconf 91' lang='lat' dir='ltr'><strong>Hinc</strong></span> <span class='ocrx_word' id='word_1_234' title='bbox 742 1781 880 1840; x_wconf 79' lang='lat' dir='ltr'><strong>Nicotaus</strong></span> <span class='ocrx_word' id='word_1_235' title='bbox 896 1783 987 1840; x_wconf 82' lang='lat' dir='ltr'><strong>Faber</strong></span> <span class='ocrx_word' id='word_1_236' title='bbox 1000 1783 1106 1838; x_wconf 88' lang='lat' dir='ltr'><strong>studiis</strong></span> <span class='ocrx_word' id='word_1_237' title='bbox 1125 1783 1260 1840; x_wconf 69' lang='lat' dir='ltr'><strong>erdovirsi</strong></span> <span class='ocrx_word' id='word_1_238' title='bbox 1277 1783 1340 1838; x_wconf 80' lang='lat' dir='ltr'>XIII</span> <span class='ocrx_word' id='word_1_239' title='bbox 1356 1785 1503 1858; x_wconf 84' lang='lat' dir='ltr'><strong>quautam</strong></span> <span class='ocrx_word' id='word_1_240' title='bbox 1521 1790 1685 1859; x_wconf 72' lang='lat' dir='ltr'><strong>praefectus,</strong></span> <span class='ocrx_word' id='word_1_241' title='bbox 1702 1793 1745 1848; x_wconf 88' lang='lat' dir='ltr'><strong>vir</strong></span> <span class='ocrx_word' id='word_1_242' title='bbox 1766 1793 1872 1867; x_wconf 88' lang='lat' dir='ltr'><strong>pietate</strong></span> 
     </span>
     <span class='ocr_line' id='line_1_18' title="bbox 161 1871 1872 1954; baseline 0.006 -26"><span class='ocrx_word' id='word_1_243' title='bbox 161 1873 250 1944; x_wconf 79' lang='lat' dir='ltr'><strong>juata</strong></span> <span class='ocrx_word' id='word_1_244' title='bbox 265 1876 353 1944; x_wconf 92' lang='lat' dir='ltr'><strong>etque</strong></span> <span class='ocrx_word' id='word_1_245' title='bbox 367 1872 529 1929; x_wconf 78' lang='lat' dir='ltr'><strong>arraditicne</strong></span> <span class='ocrx_word' id='word_1_246' title='bbox 545 1871 739 1940; x_wconf 82' lang='lat' dir='ltr'><strong>clarissimus,</strong></span> <span class='ocrx_word' id='word_1_247' title='bbox 756 1871 927 1944; x_wconf 86' lang='lat' dir='ltr'><strong>neutiquam</strong></span> <span class='ocrx_word' id='word_1_248' title='bbox 943 1871 998 1928; x_wconf 88' lang='lat' dir='ltr'><strong>sibi</strong></span> <span class='ocrx_word' id='word_1_249' title='bbox 1014 1871 1196 1945; x_wconf 84' lang='lat' dir='ltr'><strong>temperavit,</strong></span> <span class='ocrx_word' id='word_1_250' title='bbox 1214 1872 1284 1946; x_wconf 86' lang='lat' dir='ltr'><strong>quin</strong></span> <span class='ocrx_word' id='word_1_251' title='bbox 1302 1873 1389 1929; x_wconf 81' lang='lat' dir='ltr'><strong>litare</strong></span> <span class='ocrx_word' id='word_1_252' title='bbox 1405 1873 1624 1933; x_wconf 82' lang='lat' dir='ltr'><strong>distractionum</strong></span> <span class='ocrx_word' id='word_1_253' title='bbox 1636 1878 1711 1936; x_wconf 91' lang='lat' dir='ltr'><strong>benc</strong></span> <span class='ocrx_word' id='word_1_254' title='bbox 1725 1880 1872 1954; x_wconf 90' lang='lat' dir='ltr'><strong>improba-</strong></span> 
     </span>
     <span class='ocr_line' id='line_1_19' title="bbox 166 1959 1873 2034; baseline 0.006 -18"><span class='ocrx_word' id='word_1_255' title='bbox 166 1965 211 2017; x_wconf 85' lang='lat' dir='ltr'><strong>ret</strong></span> <span class='ocrx_word' id='word_1_256' title='bbox 226 1961 257 2016; x_wconf 94' lang='lat' dir='ltr'><strong>in</strong></span> <span class='ocrx_word' id='word_1_257' title='bbox 273 1961 398 2034; x_wconf 90' lang='lat' dir='ltr'><strong>qaudam</strong></span> <span class='ocrx_word' id='word_1_258' title='bbox 411 1978 465 2018; x_wconf 88' lang='lat' dir='ltr'><strong>saa</strong></span> <span class='ocrx_word' id='word_1_259' title='bbox 479 1959 603 2034; x_wconf 88' lang='lat' dir='ltr'><strong>epistola</strong></span> <span class='ocrx_word' id='word_1_260' title='bbox 617 1961 664 2032; x_wconf 89' lang='lat' dir='ltr'><strong>(ad</strong></span> <span class='ocrx_word' id='word_1_261' title='bbox 682 1961 781 2017; x_wconf 81' lang='lat' dir='ltr'><strong>Front.</strong></span> <span class='ocrx_word' id='word_1_262' title='bbox 794 1959 957 2033; x_wconf 68' lang='lat' dir='ltr'><strong>Danaum),</strong></span> <span class='ocrx_word' id='word_1_263' title='bbox 974 1959 1024 2016; x_wconf 88' lang='lat' dir='ltr'><strong>ubi</strong></span> <span class='ocrx_word' id='word_1_264' title='bbox 1039 1962 1157 2016; x_wconf 80' lang='lat' dir='ltr'><strong>easdem</strong></span> <span class='ocrx_word' id='word_1_265' title='bbox 1174 1961 1299 2017; x_wconf 82' lang='lat' dir='ltr'><strong>editores</strong></span> <span class='ocrx_word' id='word_1_266' title='bbox 1316 1961 1350 2016; x_wconf 83' lang='lat' dir='ltr'><strong>ed</strong></span> <span class='ocrx_word' id='word_1_267' title='bbox 1378 1961 1486 2019; x_wconf 84' lang='lat' dir='ltr'><strong>hancce</strong></span> <span class='ocrx_word' id='word_1_268' title='bbox 1515 1964 1688 2025; x_wconf 86' lang='lat' dir='ltr'><strong>divisionem</strong></span> <span class='ocrx_word' id='word_1_269' title='bbox 1716 1968 1873 2028; x_wconf 90' lang='lat' dir='ltr'><strong>insIItaen-</strong></span> 
     </span>
     <span class='ocr_line' id='line_1_20' title="bbox 166 2049 1872 2130; baseline 0.007 -23"><span class='ocrx_word' id='word_1_270' title='bbox 166 2051 237 2108; x_wconf 86' lang='lat' dir='ltr'><strong>dam</strong></span> <span class='ocrx_word' id='word_1_271' title='bbox 253 2054 368 2107; x_wconf 89' lang='lat' dir='ltr'><strong>coactos</strong></span> <span class='ocrx_word' id='word_1_272' title='bbox 383 2049 474 2108; x_wconf 88' lang='lat' dir='ltr'><strong>luisse</strong></span> <span class='ocrx_word' id='word_1_273' title='bbox 489 2051 595 2107; x_wconf 87' lang='lat' dir='ltr'><strong>asserit</strong></span> <span class='ocrx_word' id='word_1_274' title='bbox 609 2050 736 2124; x_wconf 71' lang='lat' dir='ltr'><strong>praedam</strong></span> <span class='ocrx_word' id='word_1_275' title='bbox 761 2050 928 2123; x_wconf 83' lang='lat' dir='ltr'><strong>interpolare</strong></span> <span class='ocrx_word' id='word_1_276' title='bbox 941 2051 1060 2106; x_wconf 84' lang='lat' dir='ltr'><strong>minime</strong></span> <span class='ocrx_word' id='word_1_277' title='bbox 1073 2051 1213 2124; x_wconf 74' lang='lat' dir='ltr'><strong>probabili</strong></span> <span class='ocrx_word' id='word_1_278' title='bbox 1225 2052 1357 2122; x_wconf 72' lang='lat' dir='ltr'><strong>extmplo.</strong></span> <span class='ocrx_word' id='word_1_279' title='bbox 1375 2051 1474 2125; x_wconf 83' lang='lat' dir='ltr'><strong>Neque</strong></span> <span class='ocrx_word' id='word_1_280' title='bbox 1491 2057 1586 2110; x_wconf 87' lang='lat' dir='ltr'><strong>temen</strong></span> <span class='ocrx_word' id='word_1_281' title='bbox 1616 2058 1816 2130; x_wconf 87' lang='lat' dir='ltr'><strong>putaverimus</strong></span> <span class='ocrx_word' id='word_1_282' title='bbox 1843 2062 1872 2119; x_wconf 91' lang='lat' dir='ltr'><strong>id</strong></span> 
     </span>
     <span class='ocr_line' id='line_1_21' title="bbox 166 2137 1873 2209; baseline 0.008 -15"><span class='ocrx_word' id='word_1_283' title='bbox 166 2138 235 2196; x_wconf 89' lang='lat' dir='ltr'><strong>illos</strong></span> <span class='ocrx_word' id='word_1_284' title='bbox 248 2138 351 2196; x_wconf 85' lang='lat' dir='ltr'><strong>iecisse</strong></span> <span class='ocrx_word' id='word_1_285' title='bbox 366 2138 444 2196; x_wconf 91' lang='lat' dir='ltr'><strong>malo</strong></span> <span class='ocrx_word' id='word_1_286' title='bbox 459 2138 568 2205; x_wconf 78' lang='lat' dir='ltr'><strong>animo,</strong></span> <span class='ocrx_word' id='word_1_287' title='bbox 583 2139 634 2196; x_wconf 88' lang='lat' dir='ltr'><strong>sed</strong></span> <span class='ocrx_word' id='word_1_288' title='bbox 650 2139 861 2201; x_wconf 74' lang='lat' dir='ltr'><strong>credidissem</strong></span> <span class='ocrx_word' id='word_1_289' title='bbox 876 2155 906 2195; x_wconf 90' lang='lat' dir='ltr'><strong>re</strong></span> <span class='ocrx_word' id='word_1_290' title='bbox 920 2155 952 2197; x_wconf 80' lang='lat' dir='ltr'><strong>aa</strong></span> <span class='ocrx_word' id='word_1_291' title='bbox 966 2137 1155 2196; x_wconf 88' lang='lat' dir='ltr'><strong>consulturos</strong></span> <span class='ocrx_word' id='word_1_292' title='bbox 1171 2137 1287 2196; x_wconf 87' lang='lat' dir='ltr'><strong>lectoris</strong></span> <span class='ocrx_word' id='word_1_293' title='bbox 1303 2139 1434 2207; x_wconf 91' lang='lat' dir='ltr'><strong>utilitati,</strong></span> <span class='ocrx_word' id='word_1_294' title='bbox 1452 2140 1477 2198; x_wconf 91' lang='lat' dir='ltr'><strong>si</strong></span> <span class='ocrx_word' id='word_1_295' title='bbox 1498 2147 1713 2204; x_wconf 80' lang='lat' dir='ltr'><strong>Commentario</strong></span> <span class='ocrx_word' id='word_1_296' title='bbox 1728 2150 1758 2205; x_wconf 90' lang='lat' dir='ltr'><strong>in</strong></span> <span class='ocrx_word' id='word_1_297' title='bbox 1783 2149 1873 2209; x_wconf 89' lang='lat' dir='ltr'><strong>variIs</strong></span> 
     </span>
     <span class='ocr_line' id='line_1_22' title="bbox 165 2227 1872 2303; baseline 0.008 -19"><span class='ocrx_word' id='word_1_298' title='bbox 165 2227 324 2301; x_wconf 73' lang='lat' dir='ltr'><strong>Scripturas</strong></span> <span class='ocrx_word' id='word_1_299' title='bbox 337 2232 435 2302; x_wconf 87' lang='lat' dir='ltr'><strong>partes</strong></span> <span class='ocrx_word' id='word_1_300' title='bbox 448 2228 562 2302; x_wconf 83' lang='lat' dir='ltr'><strong>digesta</strong></span> <span class='ocrx_word' id='word_1_301' title='bbox 575 2227 634 2302; x_wconf 91' lang='lat' dir='ltr'><strong>ipsi</strong></span> <span class='ocrx_word' id='word_1_302' title='bbox 649 2232 854 2302; x_wconf 90' lang='lat' dir='ltr'><strong>proponerent,</strong></span> <span class='ocrx_word' id='word_1_303' title='bbox 870 2227 969 2284; x_wconf 90' lang='lat' dir='ltr'><strong>minus</strong></span> <span class='ocrx_word' id='word_1_304' title='bbox 984 2227 1102 2285; x_wconf 86' lang='lat' dir='ltr'><strong>interim</strong></span> <span class='ocrx_word' id='word_1_305' title='bbox 1118 2247 1152 2285; x_wconf 87' lang='lat' dir='ltr'><strong>ce</strong></span> <span class='ocrx_word' id='word_1_306' title='bbox 1168 2229 1352 2286; x_wconf 83' lang='lat' dir='ltr'><strong>Incommode</strong></span> <span class='ocrx_word' id='word_1_307' title='bbox 1368 2247 1431 2303; x_wconf 83' lang='lat' dir='ltr'><strong>quae</strong></span> <span class='ocrx_word' id='word_1_308' title='bbox 1448 2249 1482 2288; x_wconf 86' lang='lat' dir='ltr'><strong>ex</strong></span> <span class='ocrx_word' id='word_1_309' title='bbox 1497 2233 1628 2292; x_wconf 79' lang='lat' dir='ltr'><strong>adarrissa</strong></span> <span class='ocrx_word' id='word_1_310' title='bbox 1644 2236 1675 2293; x_wconf 88' lang='lat' dir='ltr'><strong>iu</strong></span> <span class='ocrx_word' id='word_1_311' title='bbox 1690 2237 1808 2297; x_wconf 90' lang='lat' dir='ltr'><strong>Patrum</strong></span> <span class='ocrx_word' id='word_1_312' title='bbox 1836 2240 1872 2296; x_wconf 92' lang='lat' dir='ltr'><strong>li-</strong></span> 
     </span>
     <span class='ocr_line' id='line_1_23' title="bbox 166 2315 1051 2390; baseline -0.002 -16"><span class='ocrx_word' id='word_1_313' title='bbox 166 2317 237 2374; x_wconf 85' lang='lat' dir='ltr'><strong>bros</strong></span> <span class='ocrx_word' id='word_1_314' title='bbox 251 2315 421 2389; x_wconf 87' lang='lat' dir='ltr'><strong>hujusmodi</strong></span> <span class='ocrx_word' id='word_1_315' title='bbox 436 2316 555 2374; x_wconf 77' lang='lat' dir='ltr'><strong>berullo</strong></span> <span class='ocrx_word' id='word_1_316' title='bbox 570 2321 828 2390; x_wconf 87' lang='lat' dir='ltr'><strong>consequerentur,</strong></span> <span class='ocrx_word' id='word_1_317' title='bbox 844 2317 1051 2389; x_wconf 87' lang='lat' dir='ltr'><strong>expendentes.</strong></span> 
     </span>
    </p>

    <p class='ocr_par' dir='ltr' id='par_1_4' title="bbox 166 2403 1876 3463">
     <span class='ocr_line' id='line_1_24' title="bbox 205 2403 1875 2484; baseline 0.008 -22"><span class='ocrx_word' id='word_1_318' title='bbox 205 2406 305 2479; x_wconf 85' lang='lat' dir='ltr'><strong>Itaque</strong></span> <span class='ocrx_word' id='word_1_319' title='bbox 319 2405 367 2462; x_wconf 91' lang='lat' dir='ltr'><strong>his</strong></span> <span class='ocrx_word' id='word_1_320' title='bbox 382 2410 509 2480; x_wconf 90' lang='lat' dir='ltr'><strong>quatuor</strong></span> <span class='ocrx_word' id='word_1_321' title='bbox 523 2405 608 2463; x_wconf 89' lang='lat' dir='ltr'><strong>libris</strong></span> <span class='ocrx_word' id='word_1_322' title='bbox 623 2405 788 2480; x_wconf 83' lang='lat' dir='ltr'><strong>legitimum</strong></span> <span class='ocrx_word' id='word_1_323' title='bbox 804 2404 938 2463; x_wconf 89' lang='lat' dir='ltr'><strong>ordinem</strong></span> <span class='ocrx_word' id='word_1_324' title='bbox 954 2404 1148 2461; x_wconf 86' lang='lat' dir='ltr'><strong>restituimus.</strong></span> <span class='ocrx_word' id='word_1_325' title='bbox 1166 2403 1239 2461; x_wconf 88' lang='lat' dir='ltr'><strong>Nem</strong></span> <span class='ocrx_word' id='word_1_326' title='bbox 1256 2406 1373 2478; x_wconf 86' lang='lat' dir='ltr'><strong>quodie</strong></span> <span class='ocrx_word' id='word_1_327' title='bbox 1388 2407 1462 2466; x_wconf 88' lang='lat' dir='ltr'><strong>liber</strong></span> <span class='ocrx_word' id='word_1_328' title='bbox 1477 2425 1564 2484; x_wconf 87' lang='lat' dir='ltr'><strong>quam</strong></span> <span class='ocrx_word' id='word_1_329' title='bbox 1579 2429 1633 2471; x_wconf 90' lang='lat' dir='ltr'><strong>nos</strong></span> <span class='ocrx_word' id='word_1_330' title='bbox 1649 2415 1875 2476; x_wconf 88' lang='lat' dir='ltr'><strong>edimussecun·</strong></span> 
     </span>
     <span class='ocr_line' id='line_1_25' title="bbox 166 2493 1873 2579; baseline 0.006 -27"><span class='ocrx_word' id='word_1_331' title='bbox 166 2495 206 2552; x_wconf 84' lang='lat' dir='ltr'><strong>do</strong></span> <span class='ocrx_word' id='word_1_332' title='bbox 221 2493 295 2565; x_wconf 91' lang='lat' dir='ltr'><strong>laco,</strong></span> <span class='ocrx_word' id='word_1_333' title='bbox 312 2494 341 2549; x_wconf 91' lang='lat' dir='ltr'><strong>In</strong></span> <span class='ocrx_word' id='word_1_334' title='bbox 357 2495 473 2552; x_wconf 87' lang='lat' dir='ltr'><strong>duobus</strong></span> <span class='ocrx_word' id='word_1_335' title='bbox 485 2493 656 2558; x_wconf 86' lang='lat' dir='ltr'><strong>recentIoris</strong></span> <span class='ocrx_word' id='word_1_336' title='bbox 669 2493 721 2552; x_wconf 80' lang='lat' dir='ltr'><strong>evi</strong></span> <span class='ocrx_word' id='word_1_337' title='bbox 737 2493 947 2568; x_wconf 88' lang='lat' dir='ltr'><strong>manuscriptis</strong></span> <span class='ocrx_word' id='word_1_338' title='bbox 963 2497 1067 2567; x_wconf 85' lang='lat' dir='ltr'><strong>quarto</strong></span> <span class='ocrx_word' id='word_1_339' title='bbox 1084 2493 1253 2566; x_wconf 85' lang='lat' dir='ltr'><strong>reperiatur,</strong></span> <span class='ocrx_word' id='word_1_340' title='bbox 1273 2495 1298 2550; x_wconf 81' lang='lat' dir='ltr'><strong>it</strong></span> <span class='ocrx_word' id='word_1_341' title='bbox 1317 2512 1349 2550; x_wconf 85' lang='lat' dir='ltr'><strong>ro</strong></span> <span class='ocrx_word' id='word_1_342' title='bbox 1366 2495 1474 2556; x_wconf 88' lang='lat' dir='ltr'><strong>lactum</strong></span> <span class='ocrx_word' id='word_1_343' title='bbox 1503 2500 1692 2574; x_wconf 89' lang='lat' dir='ltr'><strong>arbitremur,</strong></span> <span class='ocrx_word' id='word_1_344' title='bbox 1722 2508 1799 2579; x_wconf 90' lang='lat' dir='ltr'><strong>quod</strong></span> <span class='ocrx_word' id='word_1_345' title='bbox 1831 2508 1873 2563; x_wconf 90' lang='lat' dir='ltr'><strong>illi</strong></span> 
     </span>
     <span class='ocr_line' id='line_1_26' title="bbox 168 2576 1876 2661; baseline 0.006 -19"><span class='ocrx_word' id='word_1_346' title='bbox 168 2584 284 2642; x_wconf 89' lang='lat' dir='ltr'><strong>codices</strong></span> <span class='ocrx_word' id='word_1_347' title='bbox 298 2576 446 2657; x_wconf 84' lang='lat' dir='ltr'><strong>exaliqua</strong></span> <span class='ocrx_word' id='word_1_348' title='bbox 461 2582 618 2658; x_wconf 80' lang='lat' dir='ltr'><strong>exemplari</strong></span> <span class='ocrx_word' id='word_1_349' title='bbox 634 2582 737 2645; x_wconf 82' lang='lat' dir='ltr'><strong>mutilo</strong></span> <span class='ocrx_word' id='word_1_350' title='bbox 753 2583 784 2642; x_wconf 89' lang='lat' dir='ltr'><strong>ia</strong></span> <span class='ocrx_word' id='word_1_351' title='bbox 798 2599 857 2656; x_wconf 86' lang='lat' dir='ltr'><strong>quo</strong></span> <span class='ocrx_word' id='word_1_352' title='bbox 871 2581 950 2644; x_wconf 80' lang='lat' dir='ltr'><strong>team</strong></span> <span class='ocrx_word' id='word_1_353' title='bbox 966 2583 1115 2639; x_wconf 85' lang='lat' dir='ltr'><strong>secundus</strong></span> <span class='ocrx_word' id='word_1_354' title='bbox 1130 2581 1204 2636; x_wconf 86' lang='lat' dir='ltr'><strong>liber</strong></span> <span class='ocrx_word' id='word_1_355' title='bbox 1218 2583 1450 2652; x_wconf 69' lang='lat' dir='ltr'><strong>‹lesitlarubatun</strong></span> <span class='ocrx_word' id='word_1_356' title='bbox 1465 2585 1604 2661; x_wconf 90' lang='lat' dir='ltr'><strong>descripti</strong></span> <span class='ocrx_word' id='word_1_357' title='bbox 1621 2591 1738 2661; x_wconf 90' lang='lat' dir='ltr'><strong>luerint,</strong></span> <span class='ocrx_word' id='word_1_358' title='bbox 1750 2611 1816 2651; x_wconf 90' lang='lat' dir='ltr'><strong>curn</strong></span> <span class='ocrx_word' id='word_1_359' title='bbox 1828 2613 1876 2653; x_wconf 85' lang='lat' dir='ltr'><strong>ve·</strong></span> 
     </span>
     <span class='ocr_line' id='line_1_27' title="bbox 169 2670 1873 2756; baseline 0.006 -26"><span class='ocrx_word' id='word_1_360' title='bbox 169 2691 202 2731; x_wconf 91' lang='lat' dir='ltr'><strong>ro</strong></span> <span class='ocrx_word' id='word_1_361' title='bbox 219 2672 379 2748; x_wconf 86' lang='lat' dir='ltr'><strong>scriptores</strong></span> <span class='ocrx_word' id='word_1_362' title='bbox 394 2678 495 2746; x_wconf 87' lang='lat' dir='ltr'><strong>postea</strong></span> <span class='ocrx_word' id='word_1_363' title='bbox 507 2672 643 2730; x_wconf 89' lang='lat' dir='ltr'><strong>eumdem</strong></span> <span class='ocrx_word' id='word_1_364' title='bbox 658 2672 729 2730; x_wconf 88' lang='lat' dir='ltr'><strong>alibi</strong></span> <span class='ocrx_word' id='word_1_365' title='bbox 745 2671 972 2739; x_wconf 63' lang='lat' dir='ltr'><strong>meminissent,</strong></span> <span class='ocrx_word' id='word_1_366' title='bbox 990 2670 1073 2727; x_wconf 88' lang='lat' dir='ltr'><strong>Illum</strong></span> <span class='ocrx_word' id='word_1_367' title='bbox 1091 2675 1155 2743; x_wconf 86' lang='lat' dir='ltr'><strong>poet</strong></span> <span class='ocrx_word' id='word_1_368' title='bbox 1166 2671 1237 2726; x_wconf 80' lang='lat' dir='ltr'><strong>alios</strong></span> <span class='ocrx_word' id='word_1_369' title='bbox 1253 2676 1310 2727; x_wconf 88' lang='lat' dir='ltr'><strong>tres</strong></span> <span class='ocrx_word' id='word_1_370' title='bbox 1326 2673 1464 2728; x_wconf 80' lang='lat' dir='ltr'><strong>contiuua</strong></span> <span class='ocrx_word' id='word_1_371' title='bbox 1480 2675 1555 2731; x_wconf 87' lang='lat' dir='ltr'><strong>serio</strong></span> <span class='ocrx_word' id='word_1_372' title='bbox 1565 2677 1629 2748; x_wconf 80' lang='lat' dir='ltr'><strong>jam</strong></span> <span class='ocrx_word' id='word_1_373' title='bbox 1656 2684 1723 2737; x_wconf 84' lang='lat' dir='ltr'><strong>ante</strong></span> <span class='ocrx_word' id='word_1_374' title='bbox 1749 2682 1873 2756; x_wconf 88' lang='lat' dir='ltr'><strong>disposi-</strong></span> 
     </span>
     <span class='ocr_line' id='line_1_28' title="bbox 168 2759 1875 2846; baseline 0.006 -27"><span class='ocrx_word' id='word_1_375' title='bbox 168 2768 215 2819; x_wconf 89' lang='lat' dir='ltr'><strong>tos</strong></span> <span class='ocrx_word' id='word_1_376' title='bbox 230 2766 396 2819; x_wconf 85' lang='lat' dir='ltr'><strong>exararunt.</strong></span> <span class='ocrx_word' id='word_1_377' title='bbox 413 2763 448 2818; x_wconf 81' lang='lat' dir='ltr'><strong>Iit</strong></span> <span class='ocrx_word' id='word_1_378' title='bbox 461 2767 538 2819; x_wconf 90' lang='lat' dir='ltr'><strong>certe</strong></span> <span class='ocrx_word' id='word_1_379' title='bbox 553 2780 611 2818; x_wconf 91' lang='lat' dir='ltr'><strong>non</strong></span> <span class='ocrx_word' id='word_1_380' title='bbox 626 2761 761 2818; x_wconf 84' lang='lat' dir='ltr'><strong>absimile</strong></span> <span class='ocrx_word' id='word_1_381' title='bbox 776 2761 918 2833; x_wconf 82' lang='lat' dir='ltr'><strong>quiddam</strong></span> <span class='ocrx_word' id='word_1_382' title='bbox 934 2760 963 2825; x_wconf 83' lang='lat' dir='ltr'><strong>ia</strong></span> <span class='ocrx_word' id='word_1_383' title='bbox 980 2759 1158 2820; x_wconf 80' lang='lat' dir='ltr'><strong>adillanibne</strong></span> <span class='ocrx_word' id='word_1_384' title='bbox 1173 2777 1288 2834; x_wconf 88' lang='lat' dir='ltr'><strong>qnoque</strong></span> <span class='ocrx_word' id='word_1_385' title='bbox 1309 2761 1439 2835; x_wconf 81' lang='lat' dir='ltr'><strong>conIIgIt.</strong></span> <span class='ocrx_word' id='word_1_386' title='bbox 1457 2763 1568 2821; x_wconf 77' lang='lat' dir='ltr'><strong>Etenim</strong></span> <span class='ocrx_word' id='word_1_387' title='bbox 1584 2767 1717 2825; x_wconf 90' lang='lat' dir='ltr'><strong>omnium</strong></span> <span class='ocrx_word' id='word_1_388' title='bbox 1733 2771 1875 2846; x_wconf 82' lang='lat' dir='ltr'><strong>anitquis-</strong></span> 
     </span>
     <span class='ocr_line' id='line_1_29' title="bbox 169 2847 1874 2932; baseline 0.007 -25"><span class='ocrx_word' id='word_1_389' title='bbox 169 2851 253 2908; x_wconf 84' lang='lat' dir='ltr'><strong>sima</strong></span> <span class='ocrx_word' id='word_1_390' title='bbox 268 2867 332 2924; x_wconf 81' lang='lat' dir='ltr'><strong>quar</strong></span> <span class='ocrx_word' id='word_1_391' title='bbox 347 2850 383 2906; x_wconf 89' lang='lat' dir='ltr'><strong>ed</strong></span> <span class='ocrx_word' id='word_1_392' title='bbox 398 2849 603 2924; x_wconf 78' lang='lat' dir='ltr'><strong>imperfectum</strong></span> <span class='ocrx_word' id='word_1_393' title='bbox 618 2850 761 2918; x_wconf 87' lang='lat' dir='ltr'><strong>codicem,</strong></span> <span class='ocrx_word' id='word_1_394' title='bbox 778 2851 884 2922; x_wconf 73' lang='lat' dir='ltr'><strong>utiam</strong></span> <span class='ocrx_word' id='word_1_395' title='bbox 899 2848 1040 2916; x_wconf 84' lang='lat' dir='ltr'><strong>dlximus,</strong></span> <span class='ocrx_word' id='word_1_396' title='bbox 1057 2865 1184 2904; x_wconf 81' lang='lat' dir='ltr'><strong>excussa</strong></span> <span class='ocrx_word' id='word_1_397' title='bbox 1201 2847 1326 2918; x_wconf 88' lang='lat' dir='ltr'><strong>luerunt,</strong></span> <span class='ocrx_word' id='word_1_398' title='bbox 1343 2853 1402 2906; x_wconf 90' lang='lat' dir='ltr'><strong>tres</strong></span> <span class='ocrx_word' id='word_1_399' title='bbox 1423 2849 1513 2908; x_wconf 90' lang='lat' dir='ltr'><strong>libros</strong></span> <span class='ocrx_word' id='word_1_400' title='bbox 1545 2871 1619 2927; x_wconf 90' lang='lat' dir='ltr'><strong>quos</strong></span> <span class='ocrx_word' id='word_1_401' title='bbox 1647 2857 1726 2916; x_wconf 92' lang='lat' dir='ltr'><strong>solos</strong></span> <span class='ocrx_word' id='word_1_402' title='bbox 1754 2859 1874 2932; x_wconf 89' lang='lat' dir='ltr'><strong>bahent,</strong></span> 
     </span>
     <span class='ocr_line' id='line_1_30' title="bbox 168 2937 1874 3017; baseline 0.006 -20"><span class='ocrx_word' id='word_1_403' title='bbox 168 2941 227 2997; x_wconf 89' lang='lat' dir='ltr'><strong>sub</strong></span> <span class='ocrx_word' id='word_1_404' title='bbox 240 2938 335 2996; x_wconf 88' lang='lat' dir='ltr'><strong>titulis</strong></span> <span class='ocrx_word' id='word_1_405' title='bbox 350 2938 492 2996; x_wconf 89' lang='lat' dir='ltr'><strong>librorum</strong></span> <span class='ocrx_word' id='word_1_406' title='bbox 509 2957 530 3008; x_wconf 90' lang='lat'><strong>1,</strong></span> <span class='ocrx_word' id='word_1_407' title='bbox 546 2957 578 2996; x_wconf 87' lang='grc' dir='ltr'><strong>ιιι</strong></span> <span class='ocrx_word' id='word_1_408' title='bbox 593 2947 619 2995; x_wconf 87' lang='lat' dir='ltr'><strong>et</strong></span> <span class='ocrx_word' id='word_1_409' title='bbox 636 2956 665 2996; x_wconf 80' lang='grc' dir='ltr'><strong>ιν</strong></span> <span class='ocrx_word' id='word_1_410' title='bbox 678 2943 908 3013; x_wconf 76' lang='lat' dir='ltr'><strong>representans:</strong></span> <span class='ocrx_word' id='word_1_411' title='bbox 924 2941 1081 3010; x_wconf 86' lang='lat' dir='ltr'><strong>sequentes</strong></span> <span class='ocrx_word' id='word_1_412' title='bbox 1095 2953 1163 2993; x_wconf 89' lang='lat' dir='ltr'><strong>vero</strong></span> <span class='ocrx_word' id='word_1_413' title='bbox 1174 2937 1317 2993; x_wconf 86' lang='lat' dir='ltr'><strong>editiones</strong></span> <span class='ocrx_word' id='word_1_414' title='bbox 1333 2939 1591 3013; x_wconf 80' lang='lat' dir='ltr'><strong>tirasnri,tlosterii,</strong></span> <span class='ocrx_word' id='word_1_415' title='bbox 1607 2943 1749 3017; x_wconf 88' lang='lat' dir='ltr'><strong>Guillotii‚</strong></span> <span class='ocrx_word' id='word_1_416' title='bbox 1767 2966 1874 3009; x_wconf 91' lang='lat' dir='ltr'><strong>memo·</strong></span> 
     </span>
     <span class='ocr_line' id='line_1_31' title="bbox 170 3025 1875 3100; baseline 0.006 -16"><span class='ocrx_word' id='word_1_417' title='bbox 170 3031 270 3084; x_wconf 88' lang='lat' dir='ltr'><strong>ratum</strong></span> <span class='ocrx_word' id='word_1_418' title='bbox 286 3027 450 3084; x_wconf 87' lang='lat' dir='ltr'><strong>secundum</strong></span> <span class='ocrx_word' id='word_1_419' title='bbox 466 3026 573 3082; x_wconf 88' lang='lat' dir='ltr'><strong>librum</strong></span> <span class='ocrx_word' id='word_1_420' title='bbox 589 3043 647 3083; x_wconf 93' lang='lat' dir='ltr'><strong>non</strong></span> <span class='ocrx_word' id='word_1_421' title='bbox 663 3042 716 3083; x_wconf 88' lang='lat' dir='ltr'><strong>sao</strong></span> <span class='ocrx_word' id='word_1_422' title='bbox 731 3025 795 3083; x_wconf 93' lang='lat' dir='ltr'><strong>loco</strong></span> <span class='ocrx_word' id='word_1_423' title='bbox 809 3026 987 3100; x_wconf 89' lang='lat' dir='ltr'><strong>impressum</strong></span> <span class='ocrx_word' id='word_1_424' title='bbox 1003 3027 1172 3081; x_wconf 90' lang='lat' dir='ltr'><strong>ostendunt.</strong></span> <span class='ocrx_word' id='word_1_425' title='bbox 1189 3025 1251 3080; x_wconf 90' lang='lat' dir='ltr'><strong>Non</strong></span> <span class='ocrx_word' id='word_1_426' title='bbox 1273 3025 1364 3082; x_wconf 87' lang='lat' dir='ltr'><strong>luisse</strong></span> <span class='ocrx_word' id='word_1_427' title='bbox 1392 3031 1489 3085; x_wconf 89' lang='lat' dir='ltr'><strong>autem</strong></span> <span class='ocrx_word' id='word_1_428' title='bbox 1516 3029 1606 3088; x_wconf 91' lang='lat' dir='ltr'><strong>alium</strong></span> <span class='ocrx_word' id='word_1_429' title='bbox 1622 3034 1715 3090; x_wconf 89' lang='lat' dir='ltr'><strong>suncti</strong></span> <span class='ocrx_word' id='word_1_430' title='bbox 1743 3036 1875 3095; x_wconf 89' lang='lat' dir='ltr'><strong>Doctoris</strong></span> 
     </span>
     <span class='ocr_line' id='line_1_32' title="bbox 171 3112 1875 3195; baseline 0.006 -21"><span class='ocrx_word' id='word_1_431' title='bbox 171 3117 306 3174; x_wconf 86' lang='lat' dir='ltr'><strong>ordinem</strong></span> <span class='ocrx_word' id='word_1_432' title='bbox 322 3117 350 3173; x_wconf 93' lang='lat' dir='ltr'><strong>io</strong></span> <span class='ocrx_word' id='word_1_433' title='bbox 365 3115 531 3173; x_wconf 85' lang='lat' dir='ltr'><strong>scribendis</strong></span> <span class='ocrx_word' id='word_1_434' title='bbox 545 3115 593 3172; x_wconf 90' lang='lat' dir='ltr'><strong>bis</strong></span> <span class='ocrx_word' id='word_1_435' title='bbox 606 3115 702 3185; x_wconf 89' lang='lat' dir='ltr'><strong>libris,</strong></span> <span class='ocrx_word' id='word_1_436' title='bbox 718 3132 806 3190; x_wconf 90' lang='lat' dir='ltr'><strong>quam</strong></span> <span class='ocrx_word' id='word_1_437' title='bbox 822 3131 889 3173; x_wconf 90' lang='lat' dir='ltr'><strong>eum</strong></span> <span class='ocrx_word' id='word_1_438' title='bbox 905 3131 964 3188; x_wconf 85' lang='lat' dir='ltr'><strong>qao</strong></span> <span class='ocrx_word' id='word_1_439' title='bbox 979 3113 1020 3171; x_wconf 84' lang='lat' dir='ltr'><strong>illi</strong></span> <span class='ocrx_word' id='word_1_440' title='bbox 1035 3131 1054 3170; x_wconf 87' lang='lat' dir='ltr'><strong>a</strong></span> <span class='ocrx_word' id='word_1_441' title='bbox 1066 3113 1150 3170; x_wconf 86' lang='lat' dir='ltr'><strong>nobis</strong></span> <span class='ocrx_word' id='word_1_442' title='bbox 1164 3112 1211 3168; x_wconf 89' lang='lat' dir='ltr'><strong>hic</strong></span> <span class='ocrx_word' id='word_1_443' title='bbox 1233 3113 1411 3188; x_wconf 76' lang='lat' dir='ltr'><strong>digerentur,</strong></span> <span class='ocrx_word' id='word_1_444' title='bbox 1441 3134 1498 3174; x_wconf 92' lang='lat' dir='ltr'><strong>non</strong></span> <span class='ocrx_word' id='word_1_445' title='bbox 1522 3118 1618 3177; x_wconf 90' lang='lat' dir='ltr'><strong>solum</strong></span> <span class='ocrx_word' id='word_1_446' title='bbox 1647 3125 1773 3195; x_wconf 89' lang='lat' dir='ltr'><strong>probant</strong></span> <span class='ocrx_word' id='word_1_447' title='bbox 1796 3129 1875 3186; x_wconf 89' lang='lat' dir='ltr'><strong>anti·</strong></span> 
     </span>
     <span class='ocr_line' id='line_1_33' title="bbox 172 3202 1875 3290; baseline 0.007 -28"><span class='ocrx_word' id='word_1_448' title='bbox 172 3205 325 3280; x_wconf 81' lang='lat' dir='ltr'><strong>quissimre</strong></span> <span class='ocrx_word' id='word_1_449' title='bbox 340 3211 414 3263; x_wconf 84' lang='lat' dir='ltr'><strong>nota</strong></span> <span class='ocrx_word' id='word_1_450' title='bbox 430 3205 634 3278; x_wconf 87' lang='lat' dir='ltr'><strong>manuscriptI,</strong></span> <span class='ocrx_word' id='word_1_451' title='bbox 651 3221 776 3262; x_wconf 88' lang='lat' dir='ltr'><strong>necnon</strong></span> <span class='ocrx_word' id='word_1_452' title='bbox 792 3203 950 3262; x_wconf 88' lang='lat' dir='ltr'><strong>Guillotius</strong></span> <span class='ocrx_word' id='word_1_453' title='bbox 964 3203 1030 3277; x_wconf 90' lang='lat' dir='ltr'><strong>(loc.</strong></span> <span class='ocrx_word' id='word_1_454' title='bbox 1048 3203 1119 3274; x_wconf 83' lang='lat' dir='ltr'><strong>cit),</strong></span> <span class='ocrx_word' id='word_1_455' title='bbox 1135 3202 1307 3277; x_wconf 83' lang='lat' dir='ltr'><strong>typographi</strong></span> <span class='ocrx_word' id='word_1_456' title='bbox 1323 3204 1440 3276; x_wconf 71' lang='lat' dir='ltr'><strong>(tnnct.</strong></span> <span class='ocrx_word' id='word_1_457' title='bbox 1457 3207 1486 3262; x_wconf 91' lang='lat' dir='ltr'><strong>in</strong></span> <span class='ocrx_word' id='word_1_458' title='bbox 1503 3206 1553 3265; x_wconf 82' lang='grc' dir='ltr'>ιιι),</span> <span class='ocrx_word' id='word_1_459' title='bbox 1570 3210 1608 3266; x_wconf 85' lang='lat' dir='ltr'><strong>Ile</strong></span> <span class='ocrx_word' id='word_1_460' title='bbox 1622 3212 1747 3286; x_wconf 82' lang='lat' dir='ltr'><strong>Interpet.</strong></span> <span class='ocrx_word' id='word_1_461' title='bbox 1761 3216 1819 3290; x_wconf 84' lang='lat' dir='ltr'><strong>Iob)</strong></span> <span class='ocrx_word' id='word_1_462' title='bbox 1830 3217 1875 3274; x_wconf 92' lang='lat' dir='ltr'><strong>ul·</strong></span> 
     </span>
     <span class='ocr_line' id='line_1_34' title="bbox 170 3283 1875 3368; baseline 0.006 -16"><span class='ocrx_word' id='word_1_463' title='bbox 170 3295 313 3354; x_wconf 85' lang='lat' dir='ltr'><strong>timorum</strong></span> <span class='ocrx_word' id='word_1_464' title='bbox 328 3295 526 3354; x_wconf 87' lang='lat' dir='ltr'><strong>Parisinarum</strong></span> <span class='ocrx_word' id='word_1_465' title='bbox 539 3294 687 3355; x_wconf 79' lang='lat' dir='ltr'><strong>Ambrosii</strong></span> <span class='ocrx_word' id='word_1_466' title='bbox 698 3283 875 3361; x_wconf 79' lang='lat' dir='ltr'><strong>editionem,</strong></span> <span class='ocrx_word' id='word_1_467' title='bbox 886 3293 920 3355; x_wconf 85' lang='lat' dir='ltr'><strong>D.</strong></span> <span class='ocrx_word' id='word_1_468' title='bbox 934 3293 1121 3352; x_wconf 69' lang='lat' dir='ltr'><strong>dermannus</strong></span> <span class='ocrx_word' id='word_1_469' title='bbox 1137 3291 1213 3362; x_wconf 83' lang='lat' dir='ltr'><strong>(Gen.</strong></span> <span class='ocrx_word' id='word_1_470' title='bbox 1231 3293 1279 3348; x_wconf 86' lang='lat' dir='ltr'><strong>Iit.</strong></span> <span class='ocrx_word' id='word_1_471' title='bbox 1295 3293 1412 3366; x_wconf 78' lang='lat' dir='ltr'><strong>Amin),</strong></span> <span class='ocrx_word' id='word_1_472' title='bbox 1429 3299 1518 3368; x_wconf 90' lang='lat' dir='ltr'><strong>atque</strong></span> <span class='ocrx_word' id='word_1_473' title='bbox 1532 3296 1583 3354; x_wconf 87' lang='lat' dir='ltr'><strong>elii</strong></span> <span class='ocrx_word' id='word_1_474' title='bbox 1601 3299 1792 3360; x_wconf 87' lang='lat' dir='ltr'><strong>observarunt</strong></span> <span class='ocrx_word' id='word_1_475' title='bbox 1804 3323 1814 3362; x_wconf 94' lang='lat'><em>:</em></span> <span class='ocrx_word' id='word_1_476' title='bbox 1828 3323 1875 3362; x_wconf 88' lang='lat' dir='ltr'><strong>ve·</strong></span> 
     </span>
     <span class='ocr_line' id='line_1_35' title="bbox 172 3379 1837 3463; baseline 0.005 -22"><span class='ocrx_word' id='word_1_477' title='bbox 172 3402 241 3441; x_wconf 90' lang='lat' dir='ltr'><strong>ram</strong></span> <span class='ocrx_word' id='word_1_478' title='bbox 255 3384 345 3441; x_wconf 90' lang='lat' dir='ltr'><strong>etiam</strong></span> <span class='ocrx_word' id='word_1_479' title='bbox 359 3388 422 3442; x_wconf 86' lang='lat' dir='ltr'><strong>tots</strong></span> <span class='ocrx_word' id='word_1_480' title='bbox 435 3384 532 3457; x_wconf 87' lang='lat' dir='ltr'><strong>operis</strong></span> <span class='ocrx_word' id='word_1_481' title='bbox 542 3382 633 3441; x_wconf 87' lang='lat' dir='ltr'><strong>series</strong></span> <span class='ocrx_word' id='word_1_482' title='bbox 649 3382 721 3438; x_wconf 91' lang='lat' dir='ltr'><strong>illud</strong></span> <span class='ocrx_word' id='word_1_483' title='bbox 737 3383 892 3439; x_wconf 80' lang='lat' dir='ltr'><strong>confirmat</strong></span> <span class='ocrx_word' id='word_1_484' title='bbox 905 3379 1132 3438; x_wconf 87' lang='lat' dir='ltr'><strong>evidentissime.</strong></span> <span class='ocrx_word' id='word_1_485' title='bbox 1158 3381 1237 3436; x_wconf 87' lang='lat' dir='ltr'><strong>Hanc</strong></span> <span class='ocrx_word' id='word_1_486' title='bbox 1253 3381 1377 3438; x_wconf 86' lang='lat' dir='ltr'><strong>breviter</strong></span> <span class='ocrx_word' id='word_1_487' title='bbox 1388 3383 1481 3440; x_wconf 90' lang='lat' dir='ltr'><strong>oculis</strong></span> <span class='ocrx_word' id='word_1_488' title='bbox 1495 3384 1635 3444; x_wconf 90' lang='lat' dir='ltr'><strong>lectorum</strong></span> <span class='ocrx_word' id='word_1_489' title='bbox 1653 3389 1837 3463; x_wconf 84' lang='lat' dir='ltr'><strong>subjicimus.</strong></span> 
     </span>
    </p>

    <p class='ocr_par' dir='ltr' id='par_1_5' title="bbox 171 3468 1957 4772">
     <span class='ocr_line' id='line_1_36' title="bbox 207 3468 1875 3548; baseline 0.007 -19"><span class='ocrx_word' id='word_1_490' title='bbox 207 3473 239 3529; x_wconf 90' lang='lat' dir='ltr'><strong>In</strong></span> <span class='ocrx_word' id='word_1_491' title='bbox 255 3472 372 3530; x_wconf 89' lang='lat' dir='ltr'><strong>dnobus</strong></span> <span class='ocrx_word' id='word_1_492' title='bbox 386 3470 533 3546; x_wconf 78' lang='lat' dir='ltr'><strong>potoribus</strong></span> <span class='ocrx_word' id='word_1_493' title='bbox 547 3471 631 3528; x_wconf 90' lang='lat' dir='ltr'><strong>libris</strong></span> <span class='ocrx_word' id='word_1_494' title='bbox 645 3470 743 3546; x_wconf 87' lang='lat' dir='ltr'><strong>agitur</strong></span> <span class='ocrx_word' id='word_1_495' title='bbox 756 3470 792 3526; x_wconf 90' lang='lat' dir='ltr'><strong>de</strong></span> <span class='ocrx_word' id='word_1_496' title='bbox 805 3468 1040 3543; x_wconf 87' lang='lat' dir='ltr'><strong>interpellatione</strong></span> <span class='ocrx_word' id='word_1_497' title='bbox 1054 3469 1110 3524; x_wconf 87' lang='lat' dir='ltr'><strong>Ich</strong></span> <span class='ocrx_word' id='word_1_498' title='bbox 1125 3473 1153 3524; x_wconf 88' lang='lat' dir='ltr'><strong>at</strong></span> <span class='ocrx_word' id='word_1_499' title='bbox 1168 3468 1256 3524; x_wconf 86' lang='lat' dir='ltr'><strong>David</strong></span> <span class='ocrx_word' id='word_1_500' title='bbox 1273 3470 1309 3525; x_wconf 92' lang='lat' dir='ltr'><strong>ob</strong></span> <span class='ocrx_word' id='word_1_501' title='bbox 1324 3471 1389 3526; x_wconf 83' lang='lat' dir='ltr'><strong>vita</strong></span> <span class='ocrx_word' id='word_1_502' title='bbox 1405 3471 1541 3529; x_wconf 76' lang='lat' dir='ltr'><strong>bumana</strong></span> <span class='ocrx_word' id='word_1_503' title='bbox 1567 3476 1704 3548; x_wconf 76' lang='lat' dir='ltr'><strong>miseram</strong></span> <span class='ocrx_word' id='word_1_504' title='bbox 1734 3483 1875 3540; x_wconf 89' lang='lat' dir='ltr'><strong>conditio·</strong></span> 
     </span>
     <span class='ocr_line' id='line_1_37' title="bbox 171 3556 1877 3642; baseline 0.006 -22"><span class='ocrx_word' id='word_1_505' title='bbox 171 3579 241 3620; x_wconf 91' lang='lat' dir='ltr'><strong>nem</strong></span> <span class='ocrx_word' id='word_1_506' title='bbox 256 3560 502 3636; x_wconf 81' lang='lat' dir='ltr'><strong>Infirmitatesque</strong></span> <span class='ocrx_word' id='word_1_507' title='bbox 517 3559 596 3617; x_wconf 86' lang='lat' dir='ltr'><strong>illias</strong></span> <span class='ocrx_word' id='word_1_508' title='bbox 609 3564 673 3623; x_wconf 89' lang='lat' dir='ltr'><strong>tum</strong></span> <span class='ocrx_word' id='word_1_509' title='bbox 689 3576 854 3634; x_wconf 86' lang='lat' dir='ltr'><strong>corporeas,</strong></span> <span class='ocrx_word' id='word_1_510' title='bbox 869 3563 931 3615; x_wconf 91' lang='lat' dir='ltr'><strong>tum</strong></span> <span class='ocrx_word' id='word_1_511' title='bbox 948 3556 1106 3632; x_wconf 85' lang='lat' dir='ltr'><strong>spiritales,</strong></span> <span class='ocrx_word' id='word_1_512' title='bbox 1122 3557 1176 3613; x_wconf 92' lang='lat' dir='ltr'><strong>boc</strong></span> <span class='ocrx_word' id='word_1_513' title='bbox 1190 3563 1244 3624; x_wconf 88' lang='lat' dir='ltr'><strong>est,</strong></span> <span class='ocrx_word' id='word_1_514' title='bbox 1265 3559 1383 3615; x_wconf 89' lang='lat' dir='ltr'><strong>morbos</strong></span> <span class='ocrx_word' id='word_1_515' title='bbox 1399 3565 1428 3616; x_wconf 89' lang='lat' dir='ltr'><strong>et</strong></span> <span class='ocrx_word' id='word_1_516' title='bbox 1442 3561 1623 3623; x_wconf 79' lang='lat' dir='ltr'><strong>calamitates</strong></span> <span class='ocrx_word' id='word_1_517' title='bbox 1639 3585 1656 3623; x_wconf 90' lang='lat' dir='ltr'><strong>a</strong></span> <span class='ocrx_word' id='word_1_518' title='bbox 1684 3570 1793 3642; x_wconf 91' lang='lat' dir='ltr'><strong>quibus</strong></span> <span class='ocrx_word' id='word_1_519' title='bbox 1821 3574 1877 3630; x_wconf 85' lang='lat' dir='ltr'><strong>exi-</strong></span> 
     </span>
     <span class='ocr_line' id='line_1_38' title="bbox 172 3644 1877 3722; baseline 0.008 -16"><span class='ocrx_word' id='word_1_520' title='bbox 172 3651 264 3706; x_wconf 88' lang='lat' dir='ltr'><strong>mItur</strong></span> <span class='ocrx_word' id='word_1_521' title='bbox 278 3666 375 3716; x_wconf 89' lang='lat' dir='ltr'><strong>nemo,</strong></span> <span class='ocrx_word' id='word_1_522' title='bbox 391 3653 479 3722; x_wconf 89' lang='lat' dir='ltr'><strong>atque</strong></span> <span class='ocrx_word' id='word_1_523' title='bbox 494 3649 641 3706; x_wconf 78' lang='lat' dir='ltr'><strong>infelicem</strong></span> <span class='ocrx_word' id='word_1_524' title='bbox 658 3648 739 3705; x_wconf 90' lang='lat' dir='ltr'><strong>illem</strong></span> <span class='ocrx_word' id='word_1_525' title='bbox 755 3647 959 3706; x_wconf 85' lang='lat' dir='ltr'><strong>necessitatem</strong></span> <span class='ocrx_word' id='word_1_526' title='bbox 974 3663 1008 3704; x_wconf 89' lang='lat' dir='ltr'><strong>ea</strong></span> <span class='ocrx_word' id='word_1_527' title='bbox 1019 3649 1136 3718; x_wconf 88' lang='lat' dir='ltr'><strong>peccata</strong></span> <span class='ocrx_word' id='word_1_528' title='bbox 1150 3644 1363 3716; x_wconf 67' lang='lat' dir='ltr'><strong>committendi</strong></span> <span class='ocrx_word' id='word_1_529' title='bbox 1380 3665 1505 3720; x_wconf 90' lang='lat' dir='ltr'><strong>quorum</strong></span> <span class='ocrx_word' id='word_1_530' title='bbox 1521 3653 1663 3711; x_wconf 88' lang='lat' dir='ltr'><strong>rationem</strong></span> <span class='ocrx_word' id='word_1_531' title='bbox 1693 3661 1877 3720; x_wconf 83' lang='lat' dir='ltr'><strong>severIssImo</strong></span> 
     </span>
     <span class='ocr_line' id='line_1_39' title="bbox 171 3733 1877 3817; baseline 0.007 -21"><span class='ocrx_word' id='word_1_532' title='bbox 171 3739 277 3799; x_wconf 81' lang='lat' dir='ltr'><strong>eliensi</strong></span> <span class='ocrx_word' id='word_1_533' title='bbox 288 3738 338 3796; x_wconf 88' lang='lat' dir='ltr'><strong>Dei</strong></span> <span class='ocrx_word' id='word_1_534' title='bbox 350 3737 462 3811; x_wconf 86' lang='lat' dir='ltr'><strong>judicio</strong></span> <span class='ocrx_word' id='word_1_535' title='bbox 478 3738 597 3795; x_wconf 81' lang='lat' dir='ltr'><strong>reddere</strong></span> <span class='ocrx_word' id='word_1_536' title='bbox 613 3754 667 3794; x_wconf 91' lang='lat' dir='ltr'><strong>nos</strong></span> <span class='ocrx_word' id='word_1_537' title='bbox 682 3740 842 3812; x_wconf 79' lang='lat' dir='ltr'><strong>opporteat.</strong></span> <span class='ocrx_word' id='word_1_538' title='bbox 859 3736 891 3792; x_wconf 91' lang='lat' dir='ltr'><strong>Id</strong></span> <span class='ocrx_word' id='word_1_539' title='bbox 907 3738 1027 3792; x_wconf 90' lang='lat' dir='ltr'><strong>sanctus</strong></span> <span class='ocrx_word' id='word_1_540' title='bbox 1042 3733 1165 3790; x_wconf 87' lang='lat' dir='ltr'><strong>antistes</strong></span> <span class='ocrx_word' id='word_1_541' title='bbox 1180 3733 1209 3790; x_wconf 87' lang='lat' dir='ltr'><strong>In</strong></span> <span class='ocrx_word' id='word_1_542' title='bbox 1226 3733 1315 3805; x_wconf 89' lang='lat' dir='ltr'><strong>priori</strong></span> <span class='ocrx_word' id='word_1_543' title='bbox 1341 3733 1414 3791; x_wconf 90' lang='lat' dir='ltr'><strong>libro</strong></span> <span class='ocrx_word' id='word_1_544' title='bbox 1443 3737 1527 3793; x_wconf 90' lang='lat' dir='ltr'><strong>docet</strong></span> <span class='ocrx_word' id='word_1_545' title='bbox 1553 3741 1650 3799; x_wconf 89' lang='lat' dir='ltr'><strong>verbis</strong></span> <span class='ocrx_word' id='word_1_546' title='bbox 1670 3744 1765 3817; x_wconf 89' lang='lat' dir='ltr'><strong>ipsius</strong></span> <span class='ocrx_word' id='word_1_547' title='bbox 1792 3749 1846 3807; x_wconf 86' lang='lat' dir='ltr'><strong>Iob</strong></span> <span class='ocrx_word' id='word_1_548' title='bbox 1862 3768 1877 3808; x_wconf 93' lang='lat' dir='ltr'><strong>e</strong></span> 
     </span>
     <span class='ocr_line' id='line_1_40' title="bbox 173 3820 1877 3905; baseline 0.006 -21"><span class='ocrx_word' id='word_1_549' title='bbox 173 3827 277 3903; x_wconf 90' lang='lat' dir='ltr'><strong>primis</strong></span> <span class='ocrx_word' id='word_1_550' title='bbox 293 3827 438 3901; x_wconf 84' lang='lat' dir='ltr'><strong>capithus</strong></span> <span class='ocrx_word' id='word_1_551' title='bbox 453 3826 520 3883; x_wconf 90' lang='lat' dir='ltr'><strong>libri</strong></span> <span class='ocrx_word' id='word_1_552' title='bbox 536 3825 683 3901; x_wconf 79' lang='lat' dir='ltr'><strong>prophete</strong></span> <span class='ocrx_word' id='word_1_553' title='bbox 695 3826 828 3901; x_wconf 89' lang='lat' dir='ltr'><strong>ejusdcm</strong></span> <span class='ocrx_word' id='word_1_554' title='bbox 844 3822 954 3898; x_wconf 85' lang='lat' dir='ltr'><strong>petitis,</strong></span> <span class='ocrx_word' id='word_1_555' title='bbox 971 3821 1145 3895; x_wconf 85' lang='lat' dir='ltr'><strong>copioseque</strong></span> <span class='ocrx_word' id='word_1_556' title='bbox 1160 3820 1270 3890; x_wconf 87' lang='lat' dir='ltr'><strong>relatis,</strong></span> <span class='ocrx_word' id='word_1_557' title='bbox 1288 3823 1461 3896; x_wconf 85' lang='lat' dir='ltr'><strong>adquorum</strong></span> <span class='ocrx_word' id='word_1_558' title='bbox 1478 3831 1593 3882; x_wconf 89' lang='lat' dir='ltr'><strong>tanturn</strong></span> <span class='ocrx_word' id='word_1_559' title='bbox 1609 3830 1784 3905; x_wconf 84' lang='lat' dir='ltr'><strong>insIgniares</strong></span> <span class='ocrx_word' id='word_1_560' title='bbox 1799 3837 1877 3895; x_wconf 91' lang='lat' dir='ltr'><strong>locos</strong></span> 
     </span>
     <span class='ocr_line' id='line_1_41' title="bbox 173 3911 1876 3992; baseline 0.005 -18"><span class='ocrx_word' id='word_1_561' title='bbox 173 3915 335 3974; x_wconf 89' lang='lat' dir='ltr'><strong>nonnullas</strong></span> <span class='ocrx_word' id='word_1_562' title='bbox 350 3914 451 3988; x_wconf 74' lang='lat' dir='ltr'><strong>adiicit</strong></span> <span class='ocrx_word' id='word_1_563' title='bbox 466 3913 737 3972; x_wconf 83' lang='lat' dir='ltr'><strong>observatiunculas</strong></span> <span class='ocrx_word' id='word_1_564' title='bbox 754 3931 761 3982; x_wconf 91' lang='grc'><strong>;</strong></span> <span class='ocrx_word' id='word_1_565' title='bbox 777 3913 827 3970; x_wconf 91' lang='lat' dir='ltr'><strong>ubi</strong></span> <span class='ocrx_word' id='word_1_566' title='bbox 842 3917 941 3969; x_wconf 89' lang='lat' dir='ltr'><strong>tamen</strong></span> <span class='ocrx_word' id='word_1_567' title='bbox 957 3911 1113 3969; x_wconf 81' lang='lat' dir='ltr'><strong>salissam</strong></span> <span class='ocrx_word' id='word_1_568' title='bbox 1130 3913 1327 3983; x_wconf 75' lang='lat' dir='ltr'><strong>quorumdam</strong></span> <span class='ocrx_word' id='word_1_569' title='bbox 1342 3913 1497 3969; x_wconf 87' lang='lat' dir='ltr'><strong>verborum</strong></span> <span class='ocrx_word' id='word_1_570' title='bbox 1526 3915 1580 3972; x_wconf 87' lang='lat' dir='ltr'><strong>Job</strong></span> <span class='ocrx_word' id='word_1_571' title='bbox 1608 3917 1876 3992; x_wconf 75' lang='lat' dir='ltr'><strong>interpretationem</strong></span> 
     </span>
     <span class='ocr_line' id='line_1_42' title="bbox 174 3999 1878 4082; baseline 0.005 -19"><span class='ocrx_word' id='word_1_572' title='bbox 174 4006 339 4082; x_wconf 72' lang='lat' dir='ltr'><strong>mysticam,</strong></span> <span class='ocrx_word' id='word_1_573' title='bbox 356 4021 419 4078; x_wconf 78' lang='lat' dir='ltr'><strong>quoe</strong></span> <span class='ocrx_word' id='word_1_574' title='bbox 435 4003 490 4079; x_wconf 89' lang='lat' dir='ltr'><strong>ipsi</strong></span> <span class='ocrx_word' id='word_1_575' title='bbox 505 4003 568 4060; x_wconf 87' lang='lat' dir='ltr'><strong>vise</strong></span> <span class='ocrx_word' id='word_1_576' title='bbox 580 4007 625 4060; x_wconf 88' lang='lat' dir='ltr'><strong>est</strong></span> <span class='ocrx_word' id='word_1_577' title='bbox 639 4003 815 4072; x_wconf 85' lang='lat' dir='ltr'><strong>necessarIa,</strong></span> <span class='ocrx_word' id='word_1_578' title='bbox 832 4002 905 4060; x_wconf 89' lang='lat' dir='ltr'><strong>scite</strong></span> <span class='ocrx_word' id='word_1_579' title='bbox 920 4001 1079 4061; x_wconf 79' lang='lat' dir='ltr'><strong>admodum</strong></span> <span class='ocrx_word' id='word_1_580' title='bbox 1095 3999 1219 4056; x_wconf 87' lang='lat' dir='ltr'><strong>inseruit</strong></span> <span class='ocrx_word' id='word_1_581' title='bbox 1233 4006 1307 4074; x_wconf 89' lang='lat' dir='ltr'><strong>(cap.</strong></span> <span class='ocrx_word' id='word_1_582' title='bbox 1323 4003 1350 4071; x_wconf 87' lang='lat'><strong>5,</strong></span> <span class='ocrx_word' id='word_1_583' title='bbox 1366 4018 1448 4058; x_wconf 91' lang='lat' dir='ltr'><strong>num.</strong></span> <span class='ocrx_word' id='word_1_584' title='bbox 1470 4008 1499 4059; x_wconf 75' lang='lat'><strong>12</strong></span> <span class='ocrx_word' id='word_1_585' title='bbox 1526 4015 1551 4061; x_wconf 84' lang='lat' dir='ltr'><strong>ct</strong></span> <span class='ocrx_word' id='word_1_586' title='bbox 1579 4011 1657 4081; x_wconf 79' lang='lat' dir='ltr'><strong>req).</strong></span> <span class='ocrx_word' id='word_1_587' title='bbox 1688 4011 1720 4066; x_wconf 90' lang='lat' dir='ltr'><strong>In</strong></span> <span class='ocrx_word' id='word_1_588' title='bbox 1750 4015 1878 4072; x_wconf 89' lang='lat' dir='ltr'><strong>secundo</strong></span> 
     </span>
     <span class='ocr_line' id='line_1_43' title="bbox 172 4089 1957 4178; baseline 0.007 -28"><span class='ocrx_word' id='word_1_589' title='bbox 172 4095 226 4151; x_wconf 74' lang='lat' dir='ltr'><strong>Vir</strong></span> <span class='ocrx_word' id='word_1_590' title='bbox 240 4098 359 4151; x_wconf 85' lang='lat' dir='ltr'><strong>sanctus</strong></span> <span class='ocrx_word' id='word_1_591' title='bbox 372 4093 451 4153; x_wconf 86' lang='lat' dir='ltr'><strong>idem</strong></span> <span class='ocrx_word' id='word_1_592' title='bbox 467 4096 674 4168; x_wconf 82' lang='lat' dir='ltr'><strong>argumentum</strong></span> <span class='ocrx_word' id='word_1_593' title='bbox 691 4090 880 4166; x_wconf 88' lang='lat' dir='ltr'><strong>prosequitur</strong></span> <span class='ocrx_word' id='word_1_594' title='bbox 894 4089 1020 4147; x_wconf 87' lang='lat' dir='ltr'><strong>Psalmis</strong></span> <span class='ocrx_word' id='word_1_595' title='bbox 1034 4106 1082 4144; x_wconf 82' lang='lat' dir='ltr'><strong>xm</strong></span> <span class='ocrx_word' id='word_1_596' title='bbox 1096 4093 1125 4145; x_wconf 88' lang='lat' dir='ltr'><strong>et</strong></span> <span class='ocrx_word' id='word_1_597' title='bbox 1139 4106 1197 4145; x_wconf 83' lang='lat' dir='ltr'><strong>xnu</strong></span> <span class='ocrx_word' id='word_1_598' title='bbox 1211 4091 1377 4146; x_wconf 78' lang='lat' dir='ltr'><strong>accuratius</strong></span> <span class='ocrx_word' id='word_1_599' title='bbox 1391 4091 1551 4150; x_wconf 88' lang='lat' dir='ltr'><strong>enucleatis</strong></span> <span class='ocrx_word' id='word_1_600' title='bbox 1567 4112 1573 4164; x_wconf 89' lang='lat'>;</span> <span class='ocrx_word' id='word_1_601' title='bbox 1597 4095 1627 4150; x_wconf 91' lang='lat' dir='ltr'><strong>in</strong></span> <span class='ocrx_word' id='word_1_602' title='bbox 1656 4100 1764 4169; x_wconf 88' lang='lat' dir='ltr'><strong>quibus</strong></span> <span class='ocrx_word' id='word_1_603' title='bbox 1785 4102 1877 4178; x_wconf 85' lang='lat' dir='ltr'><strong>tripII·</strong></span> <span class='ocrx_word' id='word_1_604' title='bbox 1956 4157 1957 4162; x_wconf 73' lang='grc'>,</span> 
     </span>
     <span class='ocr_line' id='line_1_44' title="bbox 172 4180 1878 4256; baseline 0.006 -16"><span class='ocrx_word' id='word_1_605' title='bbox 172 4201 238 4240; x_wconf 87' lang='lat' dir='ltr'><strong>cem</strong></span> <span class='ocrx_word' id='word_1_606' title='bbox 252 4182 402 4256; x_wconf 78' lang='lat' dir='ltr'><strong>Prophetae</strong></span> <span class='ocrx_word' id='word_1_607' title='bbox 418 4180 633 4256; x_wconf 88' lang='lat' dir='ltr'><strong>querimoniam</strong></span> <span class='ocrx_word' id='word_1_608' title='bbox 647 4181 783 4240; x_wconf 80' lang='lat' dir='ltr'><strong>observat</strong></span> <span class='ocrx_word' id='word_1_609' title='bbox 796 4180 871 4254; x_wconf 86' lang='lat' dir='ltr'><strong>(cap.</strong></span> <span class='ocrx_word' id='word_1_610' title='bbox 886 4180 915 4247; x_wconf 85' lang='lat'><strong>7,</strong></span> <span class='ocrx_word' id='word_1_611' title='bbox 931 4196 1013 4237; x_wconf 90' lang='lat' dir='ltr'><strong>nurn.</strong></span> <span class='ocrx_word' id='word_1_612' title='bbox 1030 4181 1076 4250; x_wconf 81' lang='lat' dir='ltr'><strong>aa,</strong></span> <span class='ocrx_word' id='word_1_613' title='bbox 1091 4181 1121 4234; x_wconf 88' lang='lat' dir='ltr'><strong>et</strong></span> <span class='ocrx_word' id='word_1_614' title='bbox 1135 4195 1198 4252; x_wconf 88' lang='lat' dir='ltr'><strong>cap.</strong></span> <span class='ocrx_word' id='word_1_615' title='bbox 1214 4181 1241 4247; x_wconf 83' lang='lat'><strong>8,</strong></span> <span class='ocrx_word' id='word_1_616' title='bbox 1260 4196 1340 4235; x_wconf 92' lang='lat' dir='ltr'><strong>num.</strong></span> <span class='ocrx_word' id='word_1_617' title='bbox 1357 4181 1413 4254; x_wconf 74' lang='lat'><strong>29),</strong></span> <span class='ocrx_word' id='word_1_618' title='bbox 1443 4182 1569 4254; x_wconf 87' lang='lat' dir='ltr'><strong>prImem</strong></span> <span class='ocrx_word' id='word_1_619' title='bbox 1598 4185 1633 4241; x_wconf 92' lang='lat' dir='ltr'><strong>de</strong></span> <span class='ocrx_word' id='word_1_620' title='bbox 1661 4186 1878 4250; x_wconf 83' lang='lat' dir='ltr'><strong>calamitatibus</strong></span> 
     </span>
     <span class='ocr_line' id='line_1_45' title="bbox 171 4267 1878 4346; baseline 0.006 -18"><span class='ocrx_word' id='word_1_621' title='bbox 171 4289 248 4346; x_wconf 87' lang='lat' dir='ltr'><strong>quas</strong></span> <span class='ocrx_word' id='word_1_622' title='bbox 262 4288 314 4345; x_wconf 89' lang='lat' dir='ltr'><strong>per</strong></span> <span class='ocrx_word' id='word_1_623' title='bbox 328 4271 405 4327; x_wconf 92' lang='lat' dir='ltr'><strong>banc</strong></span> <span class='ocrx_word' id='word_1_624' title='bbox 419 4271 482 4327; x_wconf 80' lang='lat' dir='ltr'><strong>vite</strong></span> <span class='ocrx_word' id='word_1_625' title='bbox 497 4286 617 4326; x_wconf 88' lang='lat' dir='ltr'><strong>usuram</strong></span> <span class='ocrx_word' id='word_1_626' title='bbox 634 4269 826 4344; x_wconf 90' lang='lat' dir='ltr'><strong>perpetimur,</strong></span> <span class='ocrx_word' id='word_1_627' title='bbox 842 4268 964 4326; x_wconf 88' lang='lat' dir='ltr'><strong>alteram</strong></span> <span class='ocrx_word' id='word_1_628' title='bbox 979 4268 1015 4324; x_wconf 88' lang='lat' dir='ltr'><strong>de</strong></span> <span class='ocrx_word' id='word_1_629' title='bbox 1029 4267 1175 4324; x_wconf 90' lang='lat' dir='ltr'><strong>bonorum</strong></span> <span class='ocrx_word' id='word_1_630' title='bbox 1191 4284 1255 4342; x_wconf 85' lang='lat' dir='ltr'><strong>quae</strong></span> <span class='ocrx_word' id='word_1_631' title='bbox 1271 4285 1436 4341; x_wconf 87' lang='lat' dir='ltr'><strong>speramus,</strong></span> <span class='ocrx_word' id='word_1_632' title='bbox 1462 4277 1548 4344; x_wconf 90' lang='lat' dir='ltr'><strong>atquc</strong></span> <span class='ocrx_word' id='word_1_633' title='bbox 1562 4273 1708 4346; x_wconf 89' lang='lat' dir='ltr'><strong>ImprImis</strong></span> <span class='ocrx_word' id='word_1_634' title='bbox 1734 4281 1878 4340; x_wconf 88' lang='lat' dir='ltr'><strong>Dominici</strong></span> 
     </span>
     <span class='ocr_line' id='line_1_46' title="bbox 171 4355 1878 4434; baseline 0.006 -17"><span class='ocrx_word' id='word_1_635' title='bbox 171 4362 315 4417; x_wconf 83' lang='lat' dir='ltr'><strong>adventas</strong></span> <span class='ocrx_word' id='word_1_636' title='bbox 330 4375 418 4432; x_wconf 90' lang='lat' dir='ltr'><strong>quem</strong></span> <span class='ocrx_word' id='word_1_637' title='bbox 433 4357 484 4416; x_wconf 91' lang='lat' dir='ltr'><strong>illo</strong></span> <span class='ocrx_word' id='word_1_638' title='bbox 498 4357 728 4434; x_wconf 77' lang='lat' dir='ltr'><strong>flagrantissimo</strong></span> <span class='ocrx_word' id='word_1_639' title='bbox 744 4358 846 4415; x_wconf 87' lang='lat' dir='ltr'><strong>ardore</strong></span> <span class='ocrx_word' id='word_1_640' title='bbox 860 4355 1043 4430; x_wconf 87' lang='lat' dir='ltr'><strong>peroptabat,</strong></span> <span class='ocrx_word' id='word_1_641' title='bbox 1060 4355 1223 4425; x_wconf 90' lang='lat' dir='ltr'><strong>dilectione,</strong></span> <span class='ocrx_word' id='word_1_642' title='bbox 1240 4357 1356 4413; x_wconf 91' lang='lat' dir='ltr'><strong>tertiam</strong></span> <span class='ocrx_word' id='word_1_643' title='bbox 1373 4359 1491 4414; x_wconf 89' lang='lat' dir='ltr'><strong>demum</strong></span> <span class='ocrx_word' id='word_1_644' title='bbox 1507 4361 1542 4417; x_wconf 88' lang='lat' dir='ltr'><strong>de</strong></span> <span class='ocrx_word' id='word_1_645' title='bbox 1558 4365 1731 4424; x_wconf 86' lang='lat' dir='ltr'><strong>necessitate</strong></span> <span class='ocrx_word' id='word_1_646' title='bbox 1745 4369 1833 4427; x_wconf 78' lang='lat' dir='ltr'><strong>n&#39;tam</strong></span> <span class='ocrx_word' id='word_1_647' title='bbox 1848 4371 1878 4428; x_wconf 95' lang='lat' dir='ltr'><strong>in</strong></span> 
     </span>
     <span class='ocr_line' id='line_1_47' title="bbox 171 4445 1878 4523; baseline 0.007 -17"><span class='ocrx_word' id='word_1_648' title='bbox 171 4451 333 4523; x_wconf 88' lang='lat' dir='ltr'><strong>impiorum</strong></span> <span class='ocrx_word' id='word_1_649' title='bbox 350 4447 496 4505; x_wconf 90' lang='lat' dir='ltr'><strong>consortio</strong></span> <span class='ocrx_word' id='word_1_650' title='bbox 512 4447 694 4506; x_wconf 89' lang='lat' dir='ltr'><strong>traducendi.</strong></span> <span class='ocrx_word' id='word_1_651' title='bbox 713 4446 801 4503; x_wconf 79' lang='lat' dir='ltr'><strong>Addit</strong></span> <span class='ocrx_word' id='word_1_652' title='bbox 810 4450 909 4503; x_wconf 88' lang='lat' dir='ltr'><strong>autem</strong></span> <span class='ocrx_word' id='word_1_653' title='bbox 925 4446 955 4502; x_wconf 96' lang='lat' dir='ltr'><strong>in</strong></span> <span class='ocrx_word' id='word_1_654' title='bbox 970 4449 1096 4518; x_wconf 89' lang='lat' dir='ltr'><strong>utroque</strong></span> <span class='ocrx_word' id='word_1_655' title='bbox 1110 4445 1186 4501; x_wconf 89' lang='lat' dir='ltr'><strong>libro</strong></span> <span class='ocrx_word' id='word_1_656' title='bbox 1201 4445 1348 4502; x_wconf 90' lang='lat' dir='ltr'><strong>rationum</strong></span> <span class='ocrx_word' id='word_1_657' title='bbox 1364 4453 1513 4506; x_wconf 91' lang='lat' dir='ltr'><strong>momenta</strong></span> <span class='ocrx_word' id='word_1_658' title='bbox 1524 4451 1675 4510; x_wconf 83' lang='lat' dir='ltr'><strong>Itrmandae</strong></span> <span class='ocrx_word' id='word_1_659' title='bbox 1691 4457 1777 4515; x_wconf 87' lang='lat' dir='ltr'><strong>Verbi</strong></span> <span class='ocrx_word' id='word_1_660' title='bbox 1806 4460 1878 4518; x_wconf 86' lang='lat' dir='ltr'><strong>divi-</strong></span> 
     </span>
     <span class='ocr_line' id='line_1_48' title="bbox 172 4531 1878 4614; baseline 0.008 -20"><span class='ocrx_word' id='word_1_661' title='bbox 172 4538 258 4594; x_wconf 89' lang='lat' dir='ltr'><strong>nitati</strong></span> <span class='ocrx_word' id='word_1_662' title='bbox 272 4538 430 4611; x_wconf 87' lang='lat' dir='ltr'><strong>peridonea</strong></span> <span class='ocrx_word' id='word_1_663' title='bbox 445 4537 507 4612; x_wconf 87' lang='lat' dir='ltr'><strong>(tib.</strong></span> <span class='ocrx_word' id='word_1_664' title='bbox 525 4555 544 4604; x_wconf 91' lang='lat'><strong>1,</strong></span> <span class='ocrx_word' id='word_1_665' title='bbox 559 4553 621 4613; x_wconf 89' lang='lat' dir='ltr'><strong>cap.</strong></span> <span class='ocrx_word' id='word_1_666' title='bbox 637 4538 654 4592; x_wconf 81' lang='grc'>9</span> <span class='ocrx_word' id='word_1_667' title='bbox 671 4555 678 4605; x_wconf 87' lang='grc'>;</span> <span class='ocrx_word' id='word_1_668' title='bbox 694 4536 745 4591; x_wconf 92' lang='lat' dir='ltr'><strong>lib.</strong></span> <span class='ocrx_word' id='word_1_669' title='bbox 763 4553 794 4602; x_wconf 92' lang='grc' dir='ltr'><strong>ιι,</strong></span> <span class='ocrx_word' id='word_1_670' title='bbox 809 4551 872 4608; x_wconf 86' lang='lat' dir='ltr'><strong>cap.</strong></span> <span class='ocrx_word' id='word_1_671' title='bbox 888 4535 906 4590; x_wconf 81' lang='lat' dir='ltr'><strong>l</strong></span> <span class='ocrx_word' id='word_1_672' title='bbox 920 4539 949 4590; x_wconf 89' lang='lat' dir='ltr'><strong>et</strong></span> <span class='ocrx_word' id='word_1_673' title='bbox 962 4535 1001 4608; x_wconf 80' lang='lat'><strong>6),</strong></span> <span class='ocrx_word' id='word_1_674' title='bbox 1017 4534 1096 4608; x_wconf 90' lang='lat' dir='ltr'><strong>quod</strong></span> <span class='ocrx_word' id='word_1_675' title='bbox 1111 4551 1178 4590; x_wconf 88' lang='lat' dir='ltr'><strong>eum</strong></span> <span class='ocrx_word' id='word_1_676' title='bbox 1196 4552 1252 4590; x_wconf 90' lang='lat' dir='ltr'><strong>non</strong></span> <span class='ocrx_word' id='word_1_677' title='bbox 1268 4534 1325 4590; x_wconf 88' lang='lat' dir='ltr'><strong>alio</strong></span> <span class='ocrx_word' id='word_1_678' title='bbox 1340 4536 1375 4591; x_wconf 87' lang='lat' dir='ltr'><strong>de</strong></span> <span class='ocrx_word' id='word_1_679' title='bbox 1390 4531 1480 4593; x_wconf 84' lang='lat' dir='ltr'><strong>causa</strong></span> <span class='ocrx_word' id='word_1_680' title='bbox 1494 4537 1642 4598; x_wconf 85' lang='lat' dir='ltr'><strong>factitasse</strong></span> <span class='ocrx_word' id='word_1_681' title='bbox 1657 4546 1878 4614; x_wconf 82' lang='lat' dir='ltr'><strong>crediderimus.</strong></span> 
     </span>
     <span class='ocr_line' id='line_1_49' title="bbox 172 4622 1877 4706; baseline 0.006 -22"><span class='ocrx_word' id='word_1_682' title='bbox 172 4626 232 4684; x_wconf 86' lang='lat' dir='ltr'><strong>nisi</strong></span> <span class='ocrx_word' id='word_1_683' title='bbox 249 4632 282 4683; x_wconf 89' lang='lat' dir='ltr'><strong>nt</strong></span> <span class='ocrx_word' id='word_1_684' title='bbox 296 4627 437 4683; x_wconf 87' lang='lat' dir='ltr'><strong>adversus</strong></span> <span class='ocrx_word' id='word_1_685' title='bbox 451 4641 597 4683; x_wconf 86' lang='lat' dir='ltr'><strong>venenum</strong></span> <span class='ocrx_word' id='word_1_686' title='bbox 610 4624 785 4683; x_wconf 72' lang='lat' dir='ltr'><strong>Amanorum</strong></span> <span class='ocrx_word' id='word_1_687' title='bbox 800 4624 849 4698; x_wconf 89' lang='lat' dir='ltr'><strong>qui</strong></span> <span class='ocrx_word' id='word_1_688' title='bbox 864 4622 1019 4680; x_wconf 88' lang='lat' dir='ltr'><strong>Mediolani</strong></span> <span class='ocrx_word' id='word_1_689' title='bbox 1033 4640 1068 4680; x_wconf 92' lang='lat' dir='ltr'><strong>ea</strong></span> <span class='ocrx_word' id='word_1_690' title='bbox 1083 4627 1256 4697; x_wconf 87' lang='lat' dir='ltr'><strong>tempestate</strong></span> <span class='ocrx_word' id='word_1_691' title='bbox 1270 4623 1432 4697; x_wconf 90' lang='lat' dir='ltr'><strong>plurirnum</strong></span> <span class='ocrx_word' id='word_1_692' title='bbox 1449 4631 1591 4700; x_wconf 87' lang='lat' dir='ltr'><strong>poterant,</strong></span> <span class='ocrx_word' id='word_1_693' title='bbox 1622 4634 1763 4706; x_wconf 90' lang='lat' dir='ltr'><strong>populum</strong></span> <span class='ocrx_word' id='word_1_694' title='bbox 1779 4653 1877 4706; x_wconf 90' lang='lat' dir='ltr'><strong>suum,</strong></span> 
     </span>
     <span class='ocr_line' id='line_1_50' title="bbox 171 4715 379 4772; baseline -0.005 -1"><span class='ocrx_word' id='word_1_695' title='bbox 171 4715 379 4772; x_wconf 88' lang='lat' dir='ltr'><strong>communiret.</strong></span> 
     </span>
    </p>

    <p class='ocr_par' dir='ltr' id='par_1_6' title="bbox 171 4801 1880 5497">
     <span class='ocr_line' id='line_1_51' title="bbox 209 4801 1878 4884; baseline 0.006 -24"><span class='ocrx_word' id='word_1_696' title='bbox 209 4809 271 4861; x_wconf 86' lang='lat' dir='ltr'><strong>Duo</strong></span> <span class='ocrx_word' id='word_1_697' title='bbox 286 4805 464 4879; x_wconf 88' lang='lat' dir='ltr'><strong>posteriores</strong></span> <span class='ocrx_word' id='word_1_698' title='bbox 480 4803 545 4861; x_wconf 91' lang='lat' dir='ltr'><strong>libri</strong></span> <span class='ocrx_word' id='word_1_699' title='bbox 561 4821 610 4860; x_wconf 88' lang='lat' dir='ltr'><strong>eas</strong></span> <span class='ocrx_word' id='word_1_700' title='bbox 625 4803 781 4860; x_wconf 86' lang='lat' dir='ltr'><strong>homiuum</strong></span> <span class='ocrx_word' id='word_1_701' title='bbox 797 4801 931 4878; x_wconf 89' lang='lat' dir='ltr'><strong>querelas</strong></span> <span class='ocrx_word' id='word_1_702' title='bbox 945 4801 1106 4870; x_wconf 88' lang='lat' dir='ltr'><strong>continent,</strong></span> <span class='ocrx_word' id='word_1_703' title='bbox 1123 4817 1196 4874; x_wconf 88' lang='lat' dir='ltr'><strong>quas</strong></span> <span class='ocrx_word' id='word_1_704' title='bbox 1212 4801 1243 4857; x_wconf 85' lang='lat' dir='ltr'><strong>hi</strong></span> <span class='ocrx_word' id='word_1_705' title='bbox 1258 4803 1405 4876; x_wconf 88' lang='lat' dir='ltr'><strong>prosperis</strong></span> <span class='ocrx_word' id='word_1_706' title='bbox 1421 4804 1570 4863; x_wconf 88' lang='lat' dir='ltr'><strong>abundare</strong></span> <span class='ocrx_word' id='word_1_707' title='bbox 1583 4807 1742 4882; x_wconf 90' lang='lat' dir='ltr'><strong>improbus,</strong></span> <span class='ocrx_word' id='word_1_708' title='bbox 1771 4812 1878 4884; x_wconf 88' lang='lat' dir='ltr'><strong>probos</strong></span> 
     </span>
     <span class='ocr_line' id='line_1_52' title="bbox 171 4891 1878 4966; baseline 0.007 -19"><span class='ocrx_word' id='word_1_709' title='bbox 171 4909 242 4950; x_wconf 81' lang='lat' dir='ltr'><strong>vero</strong></span> <span class='ocrx_word' id='word_1_710' title='bbox 257 4893 418 4950; x_wconf 82' lang='lat' dir='ltr'><strong>conflictari</strong></span> <span class='ocrx_word' id='word_1_711' title='bbox 432 4892 563 4952; x_wconf 90' lang='lat' dir='ltr'><strong>adversis</strong></span> <span class='ocrx_word' id='word_1_712' title='bbox 577 4892 722 4966; x_wconf 81' lang='lat' dir='ltr'><strong>indignati</strong></span> <span class='ocrx_word' id='word_1_713' title='bbox 737 4892 844 4949; x_wconf 90' lang='lat' dir='ltr'><strong>babere</strong></span> <span class='ocrx_word' id='word_1_714' title='bbox 859 4892 962 4955; x_wconf 86' lang='lat' dir='ltr'><strong>solent.</strong></span> <span class='ocrx_word' id='word_1_715' title='bbox 979 4891 1121 4957; x_wconf 84' lang='lat' dir='ltr'><strong>Quocirca</strong></span> <span class='ocrx_word' id='word_1_716' title='bbox 1135 4891 1298 4964; x_wconf 90' lang='lat' dir='ltr'><strong>primorum</strong></span> <span class='ocrx_word' id='word_1_717' title='bbox 1314 4893 1390 4949; x_wconf 91' lang='lat' dir='ltr'><strong>bona</strong></span> <span class='ocrx_word' id='word_1_718' title='bbox 1400 4893 1583 4952; x_wconf 88' lang='lat' dir='ltr'><strong>demonstrat</strong></span> <span class='ocrx_word' id='word_1_719' title='bbox 1598 4913 1654 4953; x_wconf 90' lang='lat' dir='ltr'><strong>non</strong></span> <span class='ocrx_word' id='word_1_720' title='bbox 1670 4915 1734 4955; x_wconf 89' lang='lat' dir='ltr'><strong>esse</strong></span> <span class='ocrx_word' id='word_1_721' title='bbox 1746 4916 1813 4958; x_wconf 88' lang='lat' dir='ltr'><strong>vera</strong></span> <span class='ocrx_word' id='word_1_722' title='bbox 1826 4901 1878 4960; x_wconf 92' lang='lat' dir='ltr'><strong>bo·</strong></span> 
     </span>
     <span class='ocr_line' id='line_1_53' title="bbox 171 4979 1878 5066; baseline 0.005 -26"><span class='ocrx_word' id='word_1_723' title='bbox 171 4999 222 5051; x_wconf 89' lang='lat' dir='ltr'><strong>ne,</strong></span> <span class='ocrx_word' id='word_1_724' title='bbox 237 4998 296 5038; x_wconf 91' lang='lat' dir='ltr'><strong>non</strong></span> <span class='ocrx_word' id='word_1_725' title='bbox 311 4998 345 5039; x_wconf 86' lang='lat' dir='ltr'><strong>ea</strong></span> <span class='ocrx_word' id='word_1_726' title='bbox 358 4981 432 5055; x_wconf 87' lang='lat' dir='ltr'><strong>ipsis</strong></span> <span class='ocrx_word' id='word_1_727' title='bbox 447 4982 477 5038; x_wconf 83' lang='lat' dir='ltr'><strong>In</strong></span> <span class='ocrx_word' id='word_1_728' title='bbox 491 4982 643 5056; x_wconf 76' lang='lat' dir='ltr'><strong>premium</strong></span> <span class='ocrx_word' id='word_1_729' title='bbox 660 4981 830 5039; x_wconf 87' lang='lat' dir='ltr'><strong>meritomm</strong></span> <span class='ocrx_word' id='word_1_730' title='bbox 846 4998 995 5066; x_wconf 72' lang='lat' dir='ltr'><strong>concessa,</strong></span> <span class='ocrx_word' id='word_1_731' title='bbox 1011 4995 1064 5038; x_wconf 84' lang='lat' dir='ltr'><strong>nec</strong></span> <span class='ocrx_word' id='word_1_732' title='bbox 1078 4979 1159 5036; x_wconf 91' lang='lat' dir='ltr'><strong>illam</strong></span> <span class='ocrx_word' id='word_1_733' title='bbox 1176 4997 1276 5038; x_wconf 79' lang='lat' dir='ltr'><strong>cortun</strong></span> <span class='ocrx_word' id='word_1_734' title='bbox 1301 4983 1485 5056; x_wconf 86' lang='lat' dir='ltr'><strong>possessione</strong></span> <span class='ocrx_word' id='word_1_735' title='bbox 1500 4984 1668 5044; x_wconf 77' lang='lat' dir='ltr'><strong>felicitatem</strong></span> <span class='ocrx_word' id='word_1_736' title='bbox 1696 4989 1802 5046; x_wconf 86' lang='lat' dir='ltr'><strong>adl&#39;arri</strong></span> <span class='ocrx_word' id='word_1_737' title='bbox 1825 5009 1878 5049; x_wconf 90' lang='lat' dir='ltr'><strong>ne-</strong></span> 
     </span>
     <span class='ocr_line' id='line_1_54' title="bbox 171 5069 1878 5146; baseline 0.006 -20"><span class='ocrx_word' id='word_1_738' title='bbox 171 5087 232 5144; x_wconf 91' lang='lat' dir='ltr'><strong>que</strong></span> <span class='ocrx_word' id='word_1_739' title='bbox 244 5069 273 5127; x_wconf 91' lang='lat' dir='ltr'><strong>iu</strong></span> <span class='ocrx_word' id='word_1_740' title='bbox 289 5087 428 5144; x_wconf 79' lang='lat' dir='ltr'><strong>presens,</strong></span> <span class='ocrx_word' id='word_1_741' title='bbox 441 5087 536 5144; x_wconf 90' lang='lat' dir='ltr'><strong>neque</strong></span> <span class='ocrx_word' id='word_1_742' title='bbox 551 5069 643 5127; x_wconf 90' lang='lat' dir='ltr'><strong>multo</strong></span> <span class='ocrx_word' id='word_1_743' title='bbox 658 5070 758 5128; x_wconf 87' lang='lat' dir='ltr'><strong>minus</strong></span> <span class='ocrx_word' id='word_1_744' title='bbox 773 5071 803 5127; x_wconf 93' lang='lat' dir='ltr'><strong>in</strong></span> <span class='ocrx_word' id='word_1_745' title='bbox 819 5069 962 5139; x_wconf 82' lang='lat' dir='ltr'><strong>laturum,</strong></span> <span class='ocrx_word' id='word_1_746' title='bbox 974 5072 1035 5144; x_wconf 85' lang='lat' dir='ltr'><strong>quo</strong></span> <span class='ocrx_word' id='word_1_747' title='bbox 1050 5074 1181 5142; x_wconf 88' lang='lat' dir='ltr'><strong>tempore</strong></span> <span class='ocrx_word' id='word_1_748' title='bbox 1194 5071 1268 5143; x_wconf 78' lang='lat' dir='ltr'><strong>justi</strong></span> <span class='ocrx_word' id='word_1_749' title='bbox 1290 5070 1409 5128; x_wconf 90' lang='lat' dir='ltr'><strong>demum</strong></span> <span class='ocrx_word' id='word_1_750' title='bbox 1427 5073 1574 5146; x_wconf 87' lang='lat' dir='ltr'><strong>regnaturi</strong></span> <span class='ocrx_word' id='word_1_751' title='bbox 1590 5079 1669 5130; x_wconf 92' lang='lat' dir='ltr'><strong>sunt.</strong></span> <span class='ocrx_word' id='word_1_752' title='bbox 1700 5077 1772 5134; x_wconf 91' lang='lat' dir='ltr'><strong>IIuic</strong></span> <span class='ocrx_word' id='word_1_753' title='bbox 1801 5082 1878 5138; x_wconf 87' lang='lat' dir='ltr'><strong>vari-</strong></span> 
     </span>
     <span class='ocr_line' id='line_1_55' title="bbox 171 5157 1877 5239; baseline 0.006 -23"><span class='ocrx_word' id='word_1_754' title='bbox 171 5160 227 5216; x_wconf 90' lang='lat' dir='ltr'><strong>tati</strong></span> <span class='ocrx_word' id='word_1_755' title='bbox 243 5158 331 5216; x_wconf 87' lang='lat' dir='ltr'><strong>fldem</strong></span> <span class='ocrx_word' id='word_1_756' title='bbox 346 5159 416 5216; x_wconf 84' lang='lat' dir='ltr'><strong>lectt</strong></span> <span class='ocrx_word' id='word_1_757' title='bbox 428 5158 526 5216; x_wconf 83' lang='lat' dir='ltr'><strong>allaIIs</strong></span> <span class='ocrx_word' id='word_1_758' title='bbox 540 5159 638 5216; x_wconf 82' lang='lat' dir='ltr'><strong>serbis</strong></span> <span class='ocrx_word' id='word_1_759' title='bbox 652 5159 706 5217; x_wconf 86' lang='lat' dir='ltr'><strong>Job</strong></span> <span class='ocrx_word' id='word_1_760' title='bbox 720 5177 755 5216; x_wconf 89' lang='lat' dir='ltr'><strong>ex</strong></span> <span class='ocrx_word' id='word_1_761' title='bbox 768 5158 834 5216; x_wconf 86' lang='lat' dir='ltr'><strong>aliis</strong></span> <span class='ocrx_word' id='word_1_762' title='bbox 849 5158 996 5234; x_wconf 89' lang='lat' dir='ltr'><strong>capitibus</strong></span> <span class='ocrx_word' id='word_1_763' title='bbox 1010 5157 1076 5214; x_wconf 89' lang='lat' dir='ltr'><strong>libri</strong></span> <span class='ocrx_word' id='word_1_764' title='bbox 1092 5160 1225 5232; x_wconf 84' lang='lat' dir='ltr'><strong>ejusdem</strong></span> <span class='ocrx_word' id='word_1_765' title='bbox 1243 5177 1248 5216; x_wconf 93' lang='lat'><strong>:</strong></span> <span class='ocrx_word' id='word_1_766' title='bbox 1265 5177 1366 5216; x_wconf 87' lang='lat' dir='ltr'><strong>verum</strong></span> <span class='ocrx_word' id='word_1_767' title='bbox 1383 5161 1500 5219; x_wconf 89' lang='lat' dir='ltr'><strong>hicnon</strong></span> <span class='ocrx_word' id='word_1_768' title='bbox 1516 5165 1576 5217; x_wconf 86' lang='lat' dir='ltr'><strong>tam</strong></span> <span class='ocrx_word' id='word_1_769' title='bbox 1601 5162 1704 5238; x_wconf 84' lang='lat' dir='ltr'><strong>longas</strong></span> <span class='ocrx_word' id='word_1_770' title='bbox 1732 5168 1877 5239; x_wconf 91' lang='lat' dir='ltr'><strong>periodos,</strong></span> 
     </span>
     <span class='ocr_line' id='line_1_56' title="bbox 173 5247 1880 5330; baseline 0.006 -27"><span class='ocrx_word' id='word_1_771' title='bbox 173 5265 265 5323; x_wconf 88' lang='lat' dir='ltr'><strong>quam</strong></span> <span class='ocrx_word' id='word_1_772' title='bbox 279 5249 309 5305; x_wconf 90' lang='lat' dir='ltr'><strong>in</strong></span> <span class='ocrx_word' id='word_1_773' title='bbox 326 5247 421 5322; x_wconf 88' lang='lat' dir='ltr'><strong>primo</strong></span> <span class='ocrx_word' id='word_1_774' title='bbox 440 5248 530 5320; x_wconf 81' lang='lat' dir='ltr'><strong>bajus</strong></span> <span class='ocrx_word' id='word_1_775' title='bbox 544 5247 802 5307; x_wconf 86' lang='lat' dir='ltr'><strong>commentationis</strong></span> <span class='ocrx_word' id='word_1_776' title='bbox 815 5247 902 5320; x_wconf 89' lang='lat' dir='ltr'><strong>libro,</strong></span> <span class='ocrx_word' id='word_1_777' title='bbox 918 5247 1058 5304; x_wconf 88' lang='lat' dir='ltr'><strong>describiI</strong></span> <span class='ocrx_word' id='word_1_778' title='bbox 1074 5264 1081 5306; x_wconf 74' lang='grc' dir='ltr'><strong><em>ε</em></strong></span> <span class='ocrx_word' id='word_1_779' title='bbox 1098 5248 1149 5303; x_wconf 87' lang='lat' dir='ltr'><strong>sed</strong></span> <span class='ocrx_word' id='word_1_780' title='bbox 1164 5249 1250 5304; x_wconf 89' lang='lat' dir='ltr'><strong>verbs</strong></span> <span class='ocrx_word' id='word_1_781' title='bbox 1266 5265 1328 5321; x_wconf 88' lang='lat' dir='ltr'><strong>quae</strong></span> <span class='ocrx_word' id='word_1_782' title='bbox 1344 5249 1399 5305; x_wconf 87' lang='lat' dir='ltr'><strong>sihi</strong></span> <span class='ocrx_word' id='word_1_783' title='bbox 1414 5249 1549 5304; x_wconf 84' lang='lat' dir='ltr'><strong>videntur</strong></span> <span class='ocrx_word' id='word_1_784' title='bbox 1563 5249 1599 5306; x_wconf 90' lang='lat' dir='ltr'><strong>ad</strong></span> <span class='ocrx_word' id='word_1_785' title='bbox 1613 5268 1672 5308; x_wconf 90' lang='lat' dir='ltr'><strong>rcrn</strong></span> <span class='ocrx_word' id='word_1_786' title='bbox 1691 5255 1784 5330; x_wconf 86' lang='lat' dir='ltr'><strong>magis</strong></span> <span class='ocrx_word' id='word_1_787' title='bbox 1814 5274 1880 5316; x_wconf 87' lang='lat' dir='ltr'><strong>esse</strong></span> 
     </span>
     <span class='ocr_line' id='line_1_57' title="bbox 173 5334 1879 5422; baseline 0.007 -28"><span class='ocrx_word' id='word_1_788' title='bbox 173 5337 397 5394; x_wconf 85' lang='lat' dir='ltr'><strong>accommodata</strong></span> <span class='ocrx_word' id='word_1_789' title='bbox 411 5335 537 5411; x_wconf 78' lang='lat' dir='ltr'><strong>seligens</strong></span> <span class='ocrx_word' id='word_1_790' title='bbox 552 5337 679 5394; x_wconf 82' lang='lat' dir='ltr'><strong>cabreri</strong></span> <span class='ocrx_word' id='word_1_791' title='bbox 695 5335 876 5410; x_wconf 84' lang='lat' dir='ltr'><strong>expositione</strong></span> <span class='ocrx_word' id='word_1_792' title='bbox 890 5334 1028 5392; x_wconf 87' lang='lat' dir='ltr'><strong>illustrat.</strong></span> <span class='ocrx_word' id='word_1_793' title='bbox 1047 5337 1077 5391; x_wconf 93' lang='lat' dir='ltr'><strong>In</strong></span> <span class='ocrx_word' id='word_1_794' title='bbox 1093 5341 1196 5410; x_wconf 87' lang='lat' dir='ltr'><strong>quarto</strong></span> <span class='ocrx_word' id='word_1_795' title='bbox 1213 5335 1286 5392; x_wconf 89' lang='lat' dir='ltr'><strong>libro</strong></span> <span class='ocrx_word' id='word_1_796' title='bbox 1300 5337 1401 5392; x_wconf 89' lang='lat' dir='ltr'><strong>endem</strong></span> <span class='ocrx_word' id='word_1_797' title='bbox 1430 5337 1568 5405; x_wconf 86' lang='lat' dir='ltr'><strong>adstruit,</strong></span> <span class='ocrx_word' id='word_1_798' title='bbox 1598 5341 1730 5399; x_wconf 87' lang='lat' dir='ltr'><strong>adhibita</strong></span> <span class='ocrx_word' id='word_1_799' title='bbox 1754 5344 1879 5422; x_wconf 82' lang='lat' dir='ltr'><strong>eleganti</strong></span> 
     </span>
     <span class='ocr_line' id='line_1_58' title="bbox 172 5423 1409 5497; baseline -0.002 -14"><span class='ocrx_word' id='word_1_800' title='bbox 172 5426 358 5484; x_wconf 86' lang='lat' dir='ltr'><strong>enarratione</strong></span> <span class='ocrx_word' id='word_1_801' title='bbox 372 5424 480 5482; x_wconf 87' lang='lat' dir='ltr'><strong>Psalmi</strong></span> <span class='ocrx_word' id='word_1_802' title='bbox 497 5441 583 5494; x_wconf 84' lang='lat' dir='ltr'><strong>nxxn,</strong></span> <span class='ocrx_word' id='word_1_803' title='bbox 599 5424 629 5480; x_wconf 93' lang='lat' dir='ltr'><strong>in</strong></span> <span class='ocrx_word' id='word_1_804' title='bbox 645 5441 703 5497; x_wconf 92' lang='lat' dir='ltr'><strong>quo</strong></span> <span class='ocrx_word' id='word_1_805' title='bbox 717 5423 808 5482; x_wconf 81' lang='lat' dir='ltr'><strong>David</strong></span> <span class='ocrx_word' id='word_1_806' title='bbox 823 5423 949 5497; x_wconf 89' lang='lat' dir='ltr'><strong>perbelle</strong></span> <span class='ocrx_word' id='word_1_807' title='bbox 963 5425 999 5480; x_wconf 92' lang='lat' dir='ltr'><strong>de</strong></span> <span class='ocrx_word' id='word_1_808' title='bbox 1014 5424 1117 5482; x_wconf 88' lang='lat' dir='ltr'><strong>eadem</strong></span> <span class='ocrx_word' id='word_1_809' title='bbox 1133 5426 1253 5481; x_wconf 85' lang='lat' dir='ltr'><strong>materia</strong></span> <span class='ocrx_word' id='word_1_810' title='bbox 1269 5423 1409 5497; x_wconf 90' lang='lat' dir='ltr'><strong>disputat.</strong></span> 
     </span>
    </p>

    <p class='ocr_par' dir='ltr' id='par_1_7' title="bbox 173 5511 1879 5766">
     <span class='ocr_line' id='line_1_59' title="bbox 210 5511 1879 5593; baseline 0 -21"><span class='ocrx_word' id='word_1_811' title='bbox 210 5515 253 5572; x_wconf 77' lang='lat' dir='ltr'><strong>Ex</strong></span> <span class='ocrx_word' id='word_1_812' title='bbox 261 5514 367 5573; x_wconf 82' lang='lat' dir='ltr'><strong>ethicis</strong></span> <span class='ocrx_word' id='word_1_813' title='bbox 381 5512 441 5572; x_wconf 88' lang='lat' dir='ltr'><strong>illis</strong></span> <span class='ocrx_word' id='word_1_814' title='bbox 459 5512 690 5588; x_wconf 81' lang='lat' dir='ltr'><strong>praeceptisque</strong></span> <span class='ocrx_word' id='word_1_815' title='bbox 704 5511 830 5573; x_wconf 87' lang='lat' dir='ltr'><strong>subinde</strong></span> <span class='ocrx_word' id='word_1_816' title='bbox 844 5511 914 5573; x_wconf 86' lang='lat' dir='ltr'><strong>buia</strong></span> <span class='ocrx_word' id='word_1_817' title='bbox 929 5513 1067 5572; x_wconf 86' lang='lat' dir='ltr'><strong>tractatui</strong></span> <span class='ocrx_word' id='word_1_818' title='bbox 1080 5513 1222 5571; x_wconf 86' lang='lat' dir='ltr'><strong>admiscet</strong></span> <span class='ocrx_word' id='word_1_819' title='bbox 1237 5512 1418 5583; x_wconf 80' lang='lat' dir='ltr'><strong>Ambrosius,</strong></span> <span class='ocrx_word' id='word_1_820' title='bbox 1434 5513 1507 5574; x_wconf 90' lang='lat' dir='ltr'><strong>satis</strong></span> <span class='ocrx_word' id='word_1_821' title='bbox 1521 5515 1669 5593; x_wconf 83' lang='lat' dir='ltr'><strong>intelligas</strong></span> <span class='ocrx_word' id='word_1_822' title='bbox 1679 5538 1747 5580; x_wconf 91' lang='lat' dir='ltr'><strong>eum</strong></span> <span class='ocrx_word' id='word_1_823' title='bbox 1762 5531 1879 5583; x_wconf 84' lang='lat' dir='ltr'><strong>consta.</strong></span> 
     </span>
     <span class='ocr_line' id='line_1_60' title="bbox 173 5601 1879 5677; baseline 0.009 -16"><span class='ocrx_word' id='word_1_824' title='bbox 173 5619 206 5661; x_wconf 89' lang='lat' dir='ltr'><strong>re</strong></span> <span class='ocrx_word' id='word_1_825' title='bbox 221 5602 423 5673; x_wconf 87' lang='lat' dir='ltr'><strong>concionibus,</strong></span> <span class='ocrx_word' id='word_1_826' title='bbox 438 5619 513 5677; x_wconf 90' lang='lat' dir='ltr'><strong>quas</strong></span> <span class='ocrx_word' id='word_1_827' title='bbox 528 5603 565 5660; x_wconf 92' lang='lat' dir='ltr'><strong>ad</strong></span> <span class='ocrx_word' id='word_1_828' title='bbox 581 5601 714 5660; x_wconf 82' lang='lat' dir='ltr'><strong>fidelium</strong></span> <span class='ocrx_word' id='word_1_829' title='bbox 729 5601 944 5660; x_wconf 87' lang='lat' dir='ltr'><strong>instltutionem</strong></span> <span class='ocrx_word' id='word_1_830' title='bbox 960 5606 1175 5676; x_wconf 87' lang='lat' dir='ltr'><strong>composuerat.</strong></span> <span class='ocrx_word' id='word_1_831' title='bbox 1193 5602 1252 5658; x_wconf 86' lang='lat' dir='ltr'><strong>ilas</strong></span> <span class='ocrx_word' id='word_1_832' title='bbox 1266 5605 1364 5658; x_wconf 90' lang='lat' dir='ltr'><strong>autem</strong></span> <span class='ocrx_word' id='word_1_833' title='bbox 1381 5603 1417 5658; x_wconf 92' lang='lat' dir='ltr'><strong>ab</strong></span> <span class='ocrx_word' id='word_1_834' title='bbox 1433 5603 1482 5660; x_wconf 85' lang='lat' dir='ltr'><strong>illo</strong></span> <span class='ocrx_word' id='word_1_835' title='bbox 1497 5605 1601 5664; x_wconf 88' lang='lat' dir='ltr'><strong>diebus</strong></span> <span class='ocrx_word' id='word_1_836' title='bbox 1613 5609 1735 5668; x_wconf 81' lang='lat' dir='ltr'><strong>dirersis</strong></span> <span class='ocrx_word' id='word_1_837' title='bbox 1764 5613 1879 5676; x_wconf 85' lang='lat' dir='ltr'><strong>habitas</strong></span> 
     </span>
     <span class='ocr_line' id='line_1_61' title="bbox 173 5691 1508 5766; baseline 0.001 -15"><span class='ocrx_word' id='word_1_838' title='bbox 173 5694 268 5751; x_wconf 80' lang='lat' dir='ltr'><strong>tuisse</strong></span> <span class='ocrx_word' id='word_1_839' title='bbox 283 5711 350 5750; x_wconf 90' lang='lat' dir='ltr'><strong>cum</strong></span> <span class='ocrx_word' id='word_1_840' title='bbox 361 5692 484 5751; x_wconf 88' lang='lat' dir='ltr'><strong>secundi</strong></span> <span class='ocrx_word' id='word_1_841' title='bbox 499 5692 577 5763; x_wconf 88' lang='lat' dir='ltr'><strong>libri,</strong></span> <span class='ocrx_word' id='word_1_842' title='bbox 593 5695 657 5749; x_wconf 91' lang='lat' dir='ltr'><strong>tum</strong></span> <span class='ocrx_word' id='word_1_843' title='bbox 673 5692 800 5750; x_wconf 86' lang='lat' dir='ltr'><strong>maxime</strong></span> <span class='ocrx_word' id='word_1_844' title='bbox 814 5691 893 5750; x_wconf 89' lang='lat' dir='ltr'><strong>tertii</strong></span> <span class='ocrx_word' id='word_1_845' title='bbox 908 5693 1060 5751; x_wconf 87' lang='lat' dir='ltr'><strong>exordium</strong></span> <span class='ocrx_word' id='word_1_846' title='bbox 1075 5709 1132 5749; x_wconf 93' lang='lat' dir='ltr'><strong>non</strong></span> <span class='ocrx_word' id='word_1_847' title='bbox 1148 5691 1256 5748; x_wconf 91' lang='lat' dir='ltr'><strong>obsuro</strong></span> <span class='ocrx_word' id='word_1_848' title='bbox 1271 5696 1508 5766; x_wconf 83' lang='lat' dir='ltr'><strong>estargumento.</strong></span> 
     </span>
    </p>
   </div>
   <div class='ocr_carea' id='block_1_3' title="bbox 210 5780 1879 5866">
    <p class='ocr_par' dir='ltr' id='par_1_8' title="bbox 210 5780 1879 5866">
     <span class='ocr_line' id='line_1_62' title="bbox 210 5780 1879 5866; baseline 0.005 -22"><span class='ocrx_word' id='word_1_849' title='bbox 210 5783 253 5844; x_wconf 84' lang='lat' dir='ltr'><strong>De</strong></span> <span class='ocrx_word' id='word_1_850' title='bbox 267 5786 398 5864; x_wconf 67' lang='lat' dir='ltr'><strong>empore</strong></span> <span class='ocrx_word' id='word_1_851' title='bbox 412 5782 532 5860; x_wconf 76' lang='lat' dir='ltr'><strong>autem</strong></span> <span class='ocrx_word' id='word_1_852' title='bbox 546 5798 605 5863; x_wconf 83' lang='lat' dir='ltr'><strong>quo</strong></span> <span class='ocrx_word' id='word_1_853' title='bbox 618 5780 693 5846; x_wconf 84' lang='lat' dir='ltr'><strong>tttutt</strong></span> <span class='ocrx_word' id='word_1_854' title='bbox 708 5782 805 5862; x_wconf 79' lang='lat' dir='ltr'><strong>operis</strong></span> <span class='ocrx_word' id='word_1_855' title='bbox 820 5784 1017 5864; x_wconf 85' lang='lat' dir='ltr'><strong>conscriptum</strong></span> <span class='ocrx_word' id='word_1_856' title='bbox 1033 5781 1098 5860; x_wconf 88' lang='lat' dir='ltr'><strong>tuit,</strong></span> <span class='ocrx_word' id='word_1_857' title='bbox 1114 5780 1225 5864; x_wconf 83' lang='lat' dir='ltr'><strong>aliquid</strong></span> <span class='ocrx_word' id='word_1_858' title='bbox 1245 5780 1446 5846; x_wconf 84' lang='lat' dir='ltr'><strong>indubitatam</strong></span> <span class='ocrx_word' id='word_1_859' title='bbox 1472 5785 1600 5866; x_wconf 85' lang='lat' dir='ltr'><strong>prolerre</strong></span> <span class='ocrx_word' id='word_1_860' title='bbox 1629 5791 1749 5866; x_wconf 73' lang='lat' dir='ltr'><strong>matoria</strong></span> <span class='ocrx_word' id='word_1_861' title='bbox 1764 5792 1879 5865; x_wconf 83' lang='lat' dir='ltr'><strong>videtur</strong></span> 
     </span>
    </p>
   </div>
   <div class='ocr_carea' id='block_1_4' title="bbox 0 0 2095 6180">
    <p class='ocr_par' dir='ltr' id='par_1_9' title="bbox 0 0 2095 6180">
     <span class='ocr_line' id='line_1_63' title="bbox 0 0 2095 6180; baseline 0 0"><span class='ocrx_word' id='word_1_862' title='bbox 0 0 2095 6180; x_wconf 95' lang='lat' dir='ltr'><strong> </strong></span> 
     </span>
    </p>
   </div>
  </div>
 </body>
</html>
