4159 6184
224 280 282 343 ruo
951 280 984 343 s.
1006 280 1197 350 annuosn
1718 272 1721 277 ’
1872 298 1933 364 reo

221 420 319 488 tuerit,
334 420 369 477 de
381 436 439 495 quo
463 418 606 495 scriptum
622 420 681 476 est:
706 418 838 474 Dominus
862 427 953 475 nomm
967 418 1047 479 celos
1059 417 1090 487 Α
1103 421 1307 498 relinquamus
1318 442 1325 484 ι
1338 442 1391 487 noa
1402 424 1601 489 inhereamus
1614 426 1836 507 Scripturarum
1850 431 1934 493 coels·

219 512 287 583 tecit
301 512 387 583 (Psoi.
404 528 469 580 xcv,
484 512 523 582 5).
540 511 575 567 Et
590 509 675 566 alibi:
695 508 792 565 omnio
811 523 982 583 quacunque
1002 526 1047 566 no-
1104 512 1194 571 qtium
1210 516 1389 590 magisterio,

221 600 274 657 init
286 602 351 673 [orit
368 602 454 673 (Psoi.
469 618 546 669 mur,
561 599 599 671 3).
614 597 781 671 Quidjenlm
797 597 917 654 difficile
936 598 972 666 ei,
998 600 1046 655 cni
1420 636 1537 694 CAPUT
1557 638 1606 694 HL

217 690 292 747 velle
307 690 410 747 iecisse
426 688 605 747 cslil'iuitnt
621 687 711 760 igilur
725 685 784 741 illis
799 684 1047 759 impossibilitatis
1099 724 1319 781 nmmum
1333 740 1390 783 mm
1410 725 1823 785 idemmawmmw
1878 746 1929 787 w

218 781 303 852 milo,
320 798 386 837 cum
403 783 437 837 de
454 781 510 835 DOO
526 778 689 849 disputant,
702 777 748 832 cui
760 793 825 832 Vtil'ss
839 776 959 833 dicitur:
973 778 1046 843 Qui&
1134 799 1284 868 supprimo
1297 797 1416 855 midam
1427 814 1573 871 perperam
1587 804 1694 871 milri,
1719 772 1802 873 iddioe
1822 746 1930 859 offendi

218 870 401 945 impossibile
416 869 468 925 tibi
484 866 556 922 nihil
574 871 628 921 cst.
1135 866 1290 939 Scriptura,
1304 872 1446 942 exemplis,
1462 888 1495 926 oc
1507 872 1660 944 multiplici
1673 874 1796 929 rationo:
1813 872 1861 929 aii
1880 876 1929 945 qut

253 966 281 1021 5·
298 963 397 1033 ltaque
413 976 465 1014 „05
475 968 542 1022 310„
574 956 669 1012 solum
696 957 870 1023 secundum.
887 956 938 1013 ,ed
954 956 1043 1013 etiam
1134 938 1253 995 calidam
1279 941 1332 996 soli
1357 946 1488 998 aucturum
1502 944 1589 999 inesse
1609 945 1717 1012 nolunt,
1734 946 1925 1001 revincuntur.

217 1052 333 1109 tertium
352 1048 535 1107 cmlumesse
565 1063 670 1119 negare
692 1064 749 1103 non
777 1063 945 1119 possumus,
975 1062 1042 1105 cum
1133 1054 1160 1111 8.
1177 1055 1363 1129 Propositum
1379 1057 1470 1134 igitur
1485 1058 1570 1115 nobis
1585 1062 1640 1127 eat,
1657 1058 1727 1133 quia
1742 1060 1816 1116 dixit
1830 1060 1924 1117 Deus:

217 1138 370 1215 Apostolus
385 1142 502 1211 ruptum
519 1154 550 1193 se
566 1137 601 1193 od
613 1136 732 1193 tertium
745 1136 850 1193 coeium
865 1138 1042 1209 scriptorum
1098 1144 1158 1199 i'iot
1169 1146 1378 1216 firmamentum
1390 1148 1464 1203 inter
1476 1148 1598 1205 sudium
1617 1164 1707 1220 aquom,
1728 1153 1754 1207 ct
1765 1151 1801 1206 sit
1819 1149 1925 1207 discer-

215 1246 337 1287 suorum
365 1226 570 1283 testificatione
600 1227 754 1283 confirmet
781 1228 815 1294 (ll
841 1226 914 1291 Cor„
931 1242 981 1293 xri,
1000 1226 1038 1297 2).
1096 1248 1164 1287 oens
1178 1235 1362 1307 intercquom
1376 1239 1403 1291 et
1414 1235 1602 1307 aquomffieo.
1614 1237 1684 1308 r,6).
1696 1237 1731 1293 lit
1742 1236 1925 1293 hinntracta.

214 1317 303 1376 David
319 1317 406 1374 etiam
421 1314 660 1381 cmloapmlornrn
678 1314 707 1369 in
725 1315 773 1371 illo
788 1314 972 1373 laudantium
990 1318 1042 1373 llo·
1095 1321 1318 1379 turutrumhoc
1329 1323 1549 1381 firmamentum
1559 1324 1686 1399 appellet
1696 1326 1774 1398 quod
1786 1326 1921 1396 antejam

158 1446 160 1452 -
213 1408 328 1465 minum
357 1406 509 1464 constituit
537 1404 625 1461 choro
650 1405 736 1473 (Psoi.
754 1422 867 1473 cxavrrr,
884 1406 921 1479 4).
947 1407 1038 1471 Onam
1094 1408 1455 1485 iecit,dequoscriptum
1480 1415 1589 1469 estzlo
1606 1415 1828 1486 principiosccit
1852 1416 1924 1470 oeus

212 1498 220 1555 i
226 1498 362 1554 milanies
377 1494 543 1569 philosophi
560 1494 689 1567 quinque
710 1492 862 1550 stellarum
882 1498 910 1551 et
925 1495 995 1551 solis
1011 1500 1040 1552 et
1093 1499 1190 1555 cutum
1205 1504 1230 1556 et
1244 1508 1348 1557 morum
1362 1501 1464 1575 (llio).
1481 1502 1539 1558 Neo
1553 1501 1628 1557 iallit
1643 1503 1722 1575 quod
1746 1501 1839 1575 aliqui
1854 1507 1923 1559 ante

212 1585 298 1653 lune,
315 1585 469 1659 globorum
486 1600 648 1641 consonum
666 1586 778 1641 molum
802 1582 1036 1653 introduxerunt,
1092 1604 1147 1645 nos
1162 1589 1204 1645 ila
1218 1590 1393 1662 acceperint,
1408 1607 1442 1649 eo
1458 1588 1643 1665 quod'supra
1657 1596 1787 1649 creatum
1804 1595 1922 1649 auctore

212 1693 338 1751 quorum
355 1676 476 1732 orbibus
499 1674 542 1730 vel
558 1672 655 1746 potius
670 1672 766 1745 globis
782 1689 911 1731 connexu
926 1690 1037 1730 memo·
1092 1678 1150 1735 Deo
1166 1683 1195 1735 et
1206 1680 1357 1737 conditum
1372 1680 1479 1739 caelum
1505 1682 1658 1754 Scriptura
1672 1681 1859 1754 expresserit,
1872 1680 1921 1738 hic

210 1769 277 1822 rant
287 1766 336 1824 25
353 1764 462 1833 omnia,
479 1781 553 1837 quos
568 1763 623 1819 sibi
639 1763 760 1819 innexos
776 1766 804 1819 et
818 1761 897 1818 velut
910 1762 1036 1820 insertos
1050 1796 1076 1862 B
1092 1767 1302 1841 expositionem
1330 1770 1428 1843 operis
1453 1770 1669 1843 creationisque
1697 1769 1866 1837 diffuderit3
1889 1774 1922 1826 ut

209 1855 318 1913 versari
334 1858 410 1911 retro
424 1858 453 1910 et
467 1853 612 1909 contrario
628 1852 739 1909 caeteris
763 1856 846 1908 motu
861 1852 929 1908 ierri
956 1853 1034 1909 arbi·
1091 1856 1132 1913 ibi
1148 1858 1233 1931 quasi
1248 1874 1368 1916 summa
1390 1859 1488 1932 operis
1503 1859 1629 1916 breviter
1643 1858 1855 1929 comprehensa
1870 1858 1919 1927 sit,

209 1948 335 2015 tuentur,
361 1960 453 2016 eoque
476 1942 607 2015 impulsu
630 1946 659 1997 ct
674 1946 755 1997 motu
771 1941 901 2013 ipsorum
918 1942 1034 1999 orbium
1090 1945 1138 2002 hic
1163 1947 1340 2020 operationis
1356 1948 1484 2021 qualitas
1498 1966 1550 2022 per
1575 1948 1656 2022 ipsas
1681 1948 1919 2005 concurrentium

209 2035 323 2091 dulcem
340 2034 497 2105 quemdum
515 2036 543 2088 ci
558 2031 677 2103 plenum
692 2030 845 2087 suavitatis
860 2034 946 2104 utque
963 2032 1034 2089 artis
1090 2051 1189 2091 rerum
1206 2036 1321 2111 digesta
1335 2038 1375 2095 sit
1388 2037 1512 2111 species.
1528 2038 1584 2095 Sed
1599 2041 1771 2105 movetnos,
1783 2037 1852 2110 quia
1867 2038 1917 2095 20

208 2128 237 2181 et
249 2123 409 2198 gratissimi
427 2120 636 2178 modulaminis
651 2137 756 2178 sonum
784 2120 876 2187 reddi,
893 2119 1033 2192 quoniam
1090 2126 1119 2179 et
1133 2140 1241 2181 nomen
1256 2125 1335 2182 alind
1352 2126 1545 2200 significatur,
1567 2129 1596 2183 et
1610 2126 1723 2199 species
1744 2125 1874 2194 solidior,
1890 2130 1918 2182 et

208 2213 320 2271 scissus
335 2228 385 2268 aer
399 2215 459 2267 tam
472 2210 576 2267 artifici
596 2215 688 2280 motu,
713 2213 742 2264 et
756 2212 841 2265 acuta
855 2226 921 2265 cunr
937 2210 1032 2283 gravi·
1090 2230 1180 2270 cauea
1191 2214 1378 2285 discernitur,
1393 2219 1422 2272 et
1435 2231 1562 2289 persona
1586 2214 1782 2287 cooperatoria
1810 2215 1916 2287 adjun-

207 2303 264 2360 bus
279 2305 471 2375 temperante,
496 2300 537 2356 ita
557 2299 652 2355 varica
668 2298 850 2370 aequabiliter
874 2303 1032 2355 concentus
1088 2301 1178 2374 gitur.
1195 2302 1242 2360 Sic
1257 2304 1336 2359 enim
1352 2303 1495 2377 scriptum
1506 2308 1565 2361 est:
1576 2302 1746 2360 Etdiocreuit
1758 2305 1917 2360 Densiuter

207 2391 324 2460 alliciat,
342 2394 374 2446 ut
389 2406 504 2447 omnem
518 2387 757 2461 supergrediatur
771 2387 876 2443 musici
892 2387 1031 2445 carminis
1087 2391 1210 2448 omitum
1224 2407 1304 2465 oquae
1330 2408 1394 2466 qum
1422 2398 1481 2449 erut
1508 2395 1557 2449 sod
1586 2394 1814 2464 truculentam
1841 2394 1915 2450 inter

207 2481 391 2539 suavitatem.
1087 2480 1209 2537 medium
1223 2497 1302 2555 aqua
1316 2496 1379 2555 quae
1391 2486 1450 2539 erat
1464 2498 1546 2555 super
1557 2484 1760 2554 firmamentum
1774 2481 1876 2554 (litut).

241 2574 269 2627 7.
286 2571 380 2643 Hujus
395 2568 436 2625 rei
460 2570 547 2625 fidem
565 2567 588 2623 si
613 2566 745 2639 requiras
768 2571 856 2639 atque
880 2570 1030 2640 exspectes
1122 2571 1151 2627 il.
1168 2571 1203 2626 Et
1217 2570 1313 2643 primo
1325 2569 1428 2627 uolunt
1442 2570 1472 2627 id
1490 2571 1640 2628 destruere
1665 2573 1744 2643 quod
1767 2570 1912 2643 frequenti

206 2678 294 2719 sensu
320 2659 405 2718 nobis
429 2662 456 2716 et
481 2658 582 2721 auditu
607 2656 736 2729 probari,
751 2656 897 2713 haesitant.
914 2656 989 2713 Nam
1004 2656 1030 2713 si
1087 2658 1912 2731 scripturarumlectioneirolitumnostrisetimpreasum

206 2767 274 2807 uera
288 2750 393 2815 sonent,
408 2748 553 2820 quomodo
568 2750 650 2802 tanto
673 2749 754 2802 motu
781 2745 895 2801 orbium
911 2760 1029 2801 concre-
1086 2751 1132 2803 eet
1146 2748 1306 2817 mentibus,
1322 2748 1392 2821 quia
1402 2748 1680 2822 aquaeaupercoelos
1695 2765 1760 2806 esse
1773 2765 1831 2803 non
1843 2764 1913 2821 pos·

206 2845 304 2912 paule,
320 2855 387 2895 cum
409 2836 458 2893 ille
476 2834 601 2893 caelestis
625 2834 714 2903 urhis,
739 2834 785 2889 cui
807 2834 910 2889 uifixoa
932 2834 1030 2891 ierunt
1086 2834 1156 2903 sint,
1183 2836 1315 2893 dicentes
1337 2838 1498 2894 rotundum
1520 2854 1585 2895 esse
1610 2838 1711 2894 orbem
1736 2836 1820 2894 ilium
1836 2837 1911 2907 coeli,

205 2927 356 2985 stellarum
373 2942 487 2995 cursus,
505 2921 853 2997 quisiueintermissicne
863 2921 1028 2989 volvuntur,
1085 2928 1172 2998 cujus
1186 2926 1217 2982 in
1232 2926 1421 2984 mediotenus
1435 2928 1484 2996 sit,
1500 2927 1572 2985 etin
1589 2926 1639 2985 illo
1655 2926 1780 2984 circuitu
1804 2943 1910 3000 aquam

204 3014 422 3074 concitatiorem
444 3014 551 3069 hubent
573 3010 792 3069 conversionem
807 3016 894 3083 etque
909 3016 1027 3068 acutum
1083 3017 1230 3072 alerenen
1241 3031 1339 3086 posse,
1350 3015 1429 3088 quod
1440 3015 1773 3073 neceaseeatdellnatet
1785 3015 1910 3084 labatur,

204 3122 310 3163 annum
327 3103 439 3171 excitet,
451 3102 498 3158 hic
508 3105 607 3158 autem
618 3098 730 3156 lunaris
738 3100 956 3174 gravissimum,
969 3118 1027 3158 non
1084 3119 1153 3159 cum
1163 3104 1200 3160 de
1210 3084 1412 3176 superioribus
1423 3104 1458 3161 ad
1468 3105 1608 3162 inferiora
1617 3105 1761 3161 decursus
1771 3109 1828 3161 est.
1839 3106 1911 3172 Quo·

204 3195 356 3253 audiretur
371 3211 388 3250 a
411 3192 506 3261 nobis,
532 3206 599 3245 cnm
615 3189 722 3246 leviora
737 3190 839 3247 audire
854 3189 1026 3247 soleamus?
1084 3193 1172 3251 modo
1186 3192 1264 3250 enim
1279 3210 1358 3266 aqua
1368 3210 1458 3267 super
1472 3195 1582 3261 orbam,
1598 3198 1632 3249 ut
1645 3194 1739 3263 aiunt,
1765 3198 1843 3251 stare
1857 3210 1909 3267 po·

204 3285 305 3342 Fidem
321 3298 389 3357 ergo
402 3283 467 3355 ejus
483 3279 692 3353 disputationis
704 3279 729 3336 si
744 3279 912 3337 testimonio
928 3284 1027 3337 nostro
1082 3285 1151 3351 test,
1167 3298 1235 3339 cum
1251 3282 1332 3340 orbis
1343 3282 1407 3356 ipse
1419 3282 1573 3340 volvatur?
1584 3283 1649 3339 Hac
1659 3288 1705 3340 est
1717 3283 1770 3341 illa
1782 3282 1910 3341 versutia

204 3380 233 3432 et
248 3374 367 3432 nuditus
383 3386 504 3428 munere
518 3370 671 3444 exigamus
686 3368 813 3441 probari,
831 3369 961 3426 referunt
976 3370 1026 3425 ob·
1084 3370 1250 3427 dialectica.
1267 3374 1308 3426 Da
1336 3371 1410 3427 mihi
1426 3372 1505 3428 unde
1516 3370 1571 3428 tibi
1595 3372 1800 3445 respondeam.
1827 3370 1908 3439 Quod

205 3461 358 3520 sorduisse
373 3478 458 3517 aures
473 3463 599 3527 nostras,
615 3463 644 3516 et
666 3458 844 3515 hebetiorem
859 3458 945 3515 nobis
960 3474 1027 3515 sen·
1083 3458 1108 3514 si
1124 3476 1182 3517 non
1197 3458 1294 3528 detur,
1310 3458 1425 3517 nullum
1439 3460 1562 3517 verbum
1580 3460 1715 3517 retertur.
1732 3459 1839 3517 Petunt
1852 3459 1907 3516 sibi

204 3570 271 3609 sum
287 3550 425 3609 audiendi
455 3550 574 3621 luctum,
601 3552 719 3621 propter
747 3546 860 3605 illema
884 3548 1027 3621 principio
1083 3548 1300 3606 consedissem
1317 3548 1528 3627 coelitcrqueri
1551 3553 1631 3606 motu
1657 3548 1783 3617 concito,
1807 3548 1908 3605 orbem

204 3646 311 3699 nostra
333 3638 528 3713 generationis
543 3638 674 3711 concepti
700 3637 814 3694 sonitus
839 3638 1027 3694 consuetudi·
1083 3641 1182 3695 autem
1196 3642 1281 3695 terre
1294 3654 1360 3695 csse
1374 3636 1557 3697 immobilem
1569 3656 1577 3707 ;
1600 3642 1634 3695 ut
1657 3642 1791 3694 astruant
1815 3654 1909 3710 aquea

204 3747 282 3787 nam.
300 3731 334 3785 llt
348 3727 514 3797 exemplum
530 3727 666 3793 afferunt,
682 3743 715 3785 eo
731 3727 811 3799 quod
826 3726 909 3783 Nilus
925 3726 1027 3783 lluvio-
1083 3743 1173 3800 super
1187 3726 1276 3784 coeloa
1290 3743 1355 3785 ease
1369 3743 1427 3785 non
1443 3744 1540 3801 posse,
1564 3727 1643 3800 quod
1668 3743 1770 3784 omnes
1784 3741 1835 3783 eas
1846 3724 1908 3781 vol·

204 3836 270 3877 rum
282 3818 438 3887 maximus,
455 3833 489 3873 eo
502 3815 636 3873 videlicet
650 3815 712 3873 loco
728 3815 779 3871 ubi
790 3832 821 3871 se
831 3814 1028 3872 stultissimis
1083 3817 1175 3873 vendo
1190 3832 1222 3873 ee
1244 3815 1308 3873 axis
1328 3815 1504 3873 effunderet:
1522 3816 1688 3889 quasivero
1703 3820 1737 3872 ut
1750 3815 1910 3873 concedam

203 3906 354 3965 montibus
368 3906 398 3962 in
424 3905 568 3977 catadupa
588 3904 643 3977 (44)
659 3903 710 3959 illa
723 3902 898 3974 precipitat,
913 3902 1027 3975 magni·
1083 3904 1142 3985 illia
1155 3906 1232 3979 quod
1248 3902 1410 3978 postulunt,
1427 3909 1456 3963 et
1470 3906 1633 3963 meandum
1645 3920 1746 3962 eorum
1757 3904 1909 3979 opiniones

202 3997 304 4054 tudine
328 3995 452 4070 fragoris
479 3994 524 4050 sni
551 4009 638 4050 aures
656 3990 822 4049 accolarum
836 3990 979 4060 obstruat,
996 3995 1044 4048 ut·
1083 3993 1143 4052 illie
1158 3993 1362 4071 respondeum,
1378 4009 1486 4069 negare
1505 3994 1622 4068 possint
1636 3994 1666 4051 in
1681 3992 1733 4050 ills
1755 3992 1910 4050 altitudine

203 4085 341 4143 audiendi
366 4099 487 4141 munere
509 4098 607 4139 carere
632 4080 777 4137 dicantur.
803 4080 859 4136 Sed
883 4079 966 4137 facile
981 4080 1028 4138 hie
1083 4087 1113 4139 et
1126 4083 1271 4158 profundo
1290 4088 1320 4140 et
1342 4082 1557 4155 longitudinem
1573 4100 1639 4140 ease
1661 4088 1690 4140 et
1708 4081 1909 4150 latitudinem,

203 4176 267 4249 ipse
277 4174 434 4247 respondet
448 4171 566 4227 veritas.
582 4170 656 4225 Nam
672 4170 722 4242 qui
739 4169 868 4225 tonitrua
889 4169 1028 4227 audimus
1084 4189 1173 4244 quarn
1188 4188 1275 4228 nemo
1289 4174 1388 4246 potest
1401 4171 1659 4246 comprehendere,
1675 4171 1733 4229 nisi
1747 4170 1839 4244 isqui
1853 4171 1908 4226 im·

203 4266 327 4322 nubium
338 4262 490 4320 collisione
504 4264 653 4334 generata,
666 4262 816 4315 tantorum
831 4258 947 4316 orbium
962 4276 1028 4317 con·
1083 4260 1182 4334 pietur
1194 4260 1224 4317 in
1249 4276 1366 4318 omnem
1390 4258 1603 4334 plenitudinem
1630 4262 1690 4330 Dei,
1706 4264 1740 4318 ut
1752 4260 1910 4334 Apostolus

202 4353 363 4420 versiones,
392 4350 442 4424 qui
471 4348 575 4419 majori
603 4347 705 4421 utique
734 4348 812 4404 sicut
849 4352 931 4404 motu
958 4348 1027 4405 terri
1083 4349 1909 4423 ait(Epltes.111,18,19).Quisenimpotestiacileessc

203 4442 395 4509 estimantur,
412 4440 454 4495 ita
474 4436 705 4495 vehementiores
730 4438 845 4495 sonitus
859 4438 1026 4507 excitarent,
1083 4438 1175 4495 divini
1189 4437 1286 4512 operis
1306 4438 1489 4496 estimatur?
1512 4440 1564 4498 Est
1577 4456 1646 4515 ergo
1660 4438 1786 4497 latitudo
1800 4438 1831 4493 in
1844 4438 1911 4511 ipsa

188 4548 261 4588 =non
292 4528 486 4586 audiremus?
512 4528 633 4583 Addunt
661 4530 810 4601 praterea,
833 4527 898 4584 ideo
923 4544 1028 4585 sonum
1043 4534 1070 4601 υ
1084 4528 1148 4585 cosli
1164 4526 1328 4585 altitudine.
1345 4528 1420 4585 Sunt
1433 4529 1533 4598 etiam,
1550 4528 1686 4587 utdehis
1701 4528 1909 4599 dicamusque

203 4621 283 4677 hunc
305 4635 364 4675 non
392 4616 542 4691 pervenire
556 4617 593 4673 ad
610 4620 712 4687 terras,
729 4633 766 4673 ne
792 4617 870 4690 capti
894 4617 1029 4673 homines
1084 4616 1159 4675 scire
1173 4633 1342 4689 possumus,
1366 4615 1507 4691 pleraque
1529 4618 1653 4675 aedilicia
1675 4617 1747 4676 ioris
1772 4616 1909 4685 rotunda,

203 4728 256 4785 per
270 4707 445 4767 suavitatem
468 4707 532 4779 ejus
554 4709 641 4779 atque
666 4705 862 4775 dulcedinem,
879 4724 968 4780 quarn
983 4724 1027 4764 ce·
1083 4705 1165 4763 intus
1180 4707 1334 4779 quadrata,
1358 4709 1388 4763 et
1409 4706 1480 4763 ioris
1501 4707 1655 4779 quadrata,
1676 4705 1909 4773 intueretunda‚

203 4798 343 4858 larrimus
357 4796 406 4854 ille
417 4794 555 4853 emiorum
567 4796 660 4852 ederit
669 4798 777 4865 motus,
791 4796 826 4852 ab
837 4796 1028 4853 orientalibus
1086 4795 1195 4868 quibua
1207 4794 1360 4869 superiora
1374 4798 1445 4852 sunt
1459 4794 1557 4869 plana,
1574 4795 1603 4851 in
1629 4795 1739 4870 quibus
1753 4811 1831 4867 aqua
1850 4793 1910 4851 ha·

204 4888 336 4965 partibus
353 4886 488 4960 usquein
504 4902 650 4953 occasum,
667 4886 785 4959 propria
803 4886 920 4959 negotia
940 4892 1028 4959 atque
1084 4901 1147 4943 rere
1161 4884 1263 4943 aoleat.
1278 4886 1346 4951 Oua
1359 4889 1459 4941 mmen
1474 4884 1539 4942 ideo
1554 4885 1691 4953 dicimus,
1706 4889 1740 4941 ut
1758 4884 1912 4941 advertant

204 4996 292 5053 opera
306 4976 554 5050 derelinquerent,
570 4979 597 5031 et
610 4974 711 5031 omnia
724 4973 772 5030 hio
788 4974 881 5031 otiosa
896 4992 1028 5033 remane·
1084 4973 1237 5047 opiniones
1253 4991 1322 5032 suas
1333 4973 1523 5047 opinionibus
1532 4973 1788 5033 verisimilioribus
1801 4972 1909 5031 revinci

205 5072 279 5138 rent,
296 5068 424 5142 quodem
448 5066 584 5122 hnmana
609 5065 646 5121 ad
671 5062 805 5121 ecelesias
820 5080 907 5122 sonos
922 5064 1029 5123 mentis
1084 5080 1181 5137 poseo,
1197 5068 1226 5121 et
1239 5063 1376 5122 desinant
1391 5066 1507 5123 tantum
1520 5082 1595 5139 opus
1609 5066 1671 5133 Dei,
1686 5065 1823 5122 humana
1836 5080 1909 5136 ops·

205 5173 336 5215 excessu.
352 5156 408 5213 Sed
425 5172 458 5213 aa
472 5172 537 5227 qua
552 5158 624 5211 sunt
645 5151 773 5211 alienes
796 5154 893 5210 studio
917 5158 1029 5223 nostro,
1084 5152 1207 5210 rationis
1234 5156 1264 5211 et
1289 5157 1395 5210 nostras
1423 5154 1629 5227 possibilitatis
1663 5152 1912 5227 contemplatione

205 5247 274 5300 eta
301 5241 404 5299 divina
433 5240 567 5299 lectionis
595 5239 679 5309 seria,
709 5238 746 5296 iia
770 5240 821 5314 qui
849 5241 920 5297 ioris
948 5244 1028 5313 sunt,
1084 5242 1192 5300 metiri.

240 5528 296 5599 (44)
312 5526 383 5585 Mas.
399 5527 499 5603 plures
514 5544 547 5585 ac
567 5527 759 5655 probatiores,
775 5526 912 5600 cotudqlo,
929 5528 1026 5600 aqui·
1084 5528 1177 5585 aiddu
1197 5528 1340 5656 profluvii.
1363 5527 1419 5585 alii
1434 5544 1501 5587 vero
1515 5531 1545 5585 et
1558 5527 1628 5584 edit.
1646 5526 1750 5657 legunt
1763 5524 1910 5607 cumdum,

203 5598 259 5656 bus
274 5598 324 5655 ulii
339 5597 407 5659 lieet
421 5600 551 5671 corrupti
588 5601 644 5657 and
660 5598 745 5683 longe
765 5599 914 5681 recedunt.
941 5600 1026 5659 Gorb.
1084 5604 1235 5675 quaeunt
1274 5598 1306 5656 ili
1319 5603 1482 5673 causante,
1497 5598 1652 5672 dequibus
1690 5598 1727 5656 ic.
1744 5598 1912 5657 insomnio

202 5674 295 5741 vetus,
324 5672 405 5733 Gom.
436 5688 470 5729 ac
484 5674 563 5731 Gcen.
592 5670 792 5743 explicaiuonrs
822 5687 890 5744 ergo
919 5671 1030 5731 habent
1083 5672 1240 5746 Scipionis.
