4159 6184
200 332 247 404 aa
754 316 770 359 ³
878 318 972 392 tire
996 300 1246 392 animosa
1866 312 1910 398 ts

199 470 338 547 priorum,
353 468 465 529 lectum
476 466 507 527 in
521 464 668 542 frequenti
682 461 867 532 consistorio,
884 452 948 535 qu'se
974 477 1022 535 pe·
1038 451 1159 530 A'venit
1173 458 1380 520 Mediolanum.
1399 459 1471 520 liam
1487 458 1627 539 dignatus
1641 464 1686 521 est
1700 464 1821 523 sanetus
1835 463 1905 522 Am-

199 562 347 629 tebantur,
375 564 543 617 assecutum
565 573 630 614 essa
652 571 686 611 ex
705 551 829 627 epistola
844 551 936 609 sancti
954 568 1025 624 pre·
1079 550 1195 608 brasias
1209 551 1311 608 eadem
1323 551 1459 609 comitate
1474 569 1507 609 ac
1522 551 1734 622 benevolentia,
1746 554 1905 627 quemjam

200 652 323 710 sulisad
341 649 504 724 Eugenium
520 642 761 704 discamusliuot.
1079 639 1243 714 Augustino
1270 641 1442 699 exhibuerat
1470 640 1531 715 (lib.
1566 659 1595 697 vr
1623 644 1744 715 consess.
1774 660 1837 716 cap.
1864 642 1904 716 i).

235 740 281 796 63.
303 739 383 796 idem
412 735 606 811 Symmachus
635 748 687 803 per
710 747 794 787 suern
822 728 1024 802 prefecturam
1078 728 1275 801 Augustinum
1301 746 1400 787 verca
1427 730 1655 787 Manichaeorum
1682 733 1906 789 cominentisac

200 830 236 887 de
251 828 416 885 Christiana
435 824 573 896 religione
598 818 703 877 melius
718 826 764 876 est
791 817 912 874 meritus
934 834 1024 889 quarn
1079 818 1194 889 probris
1204 817 1402 876 abalienatum
1414 818 1646 889 offenditmater,
1658 820 1789 876 nondum
1804 824 1906 878 tamen

199 918 387 991 cogitaveram
404 910 642 987 quandoquidem
658 907 866 976 Mediolanum,
883 908 968 978 cujus
983 906 1024 961 ci·
1078 920 1148 979 erga
1160 907 1309 963 veritatem
1322 907 1460 965 doctrine
1470 907 1618 964 catholicae
1629 907 1702 965 satis
1713 925 1904 983 propensum.

198 1000 248 1063 ves
263 1005 437 1078 magistrum
460 1000 610 1056 rhetoricas
637 999 674 1053 cb
689 1013 722 1053 eo
751 996 905 1069 potierant,
929 995 1025 1067 Augu·
1079 995 1202 1051 Summa
1216 994 1316 1051 laeiitia
1338 997 1471 1052 eamdem
1496 996 1592 1052 allecit
1612 996 1664 1051 ulii
1689 996 1824 1071 agitatio;
1841 1014 1904 1052 crr-

199 1096 311 1152 stinum
327 1108 361 1148 ea
377 1089 470 1163 gratie
486 1104 604 1161 pergere
619 1086 721 1142 uoluit.
747 1086 839 1149 Quam
864 1082 957 1139 amice
973 1100 1023 1138 au·
1079 1088 1139 1140 tam
1155 1083 1234 1140 enim
1257 1101 1340 1156 spem
1365 1084 1434 1141 inda
1449 1085 1582 1158 capiebat
1595 1084 1815 1141 conversionem
1837 1088 1905 1159 ejus

199 1185 259 1239 lem
274 1177 456 1254 Augustinus
471 1194 504 1233 eo
528 1176 645 1232 verriuns
666 1176 702 1231 ab
717 1173 870 1230 Ambrosio
887 1176 1025 1245 exceptus
1077 1172 1202 1230 vicinam
1218 1190 1292 1230 esse.
1309 1174 1491 1249 Quapropter
1505 1176 1537 1229 ut
1551 1190 1614 1229 eam
1632 1192 1649 1230 a
1664 1173 1762 1230 divina
1777 1172 1904 1231 clemen·

198 1270 295 1339 luerit,
310 1266 459 1341 eleganter
472 1266 535 1337 ipse
550 1262 699 1329 describit,
723 1262 809 1333 cujus
833 1262 954 1333 proinde
971 1276 1024 1316 nos
1078 1261 1119 1317 tia
1139 1267 1376 1334 consequeretur,
1403 1261 1560 1334 geminatis
1588 1261 1735 1334 precibus,
1765 1262 1852 1335 coepit
1877 1270 1906 1320 ct

198 1376 256 1415 non
272 1357 383 1430 pigebit
396 1356 483 1410 verba
509 1352 658 1409 mutuari:
675 1354 795 1421 suomi,
822 1351 871 1419 ait,
897 1350 1023 1406 llediola-
1076 1350 1224 1409 studiosius
1238 1352 1273 1408 ad
1300 1352 1443 1408 ecclesiam
1469 1366 1589 1418 currere,
1604 1358 1630 1406 et
1644 1352 1674 1405 ia
1692 1351 1828 1408 Ambrosii
1853 1368 1905 1412 ora

197 1462 264 1504 num
278 1447 312 1502 cd
338 1444 516 1500 ¹imbresium
530 1444 686 1513 episcopum
700 1444 730 1497 iu
746 1441 856 1512 optimis
868 1446 965 1495 uatum
979 1455 1022 1495 cr·
1076 1440 1208 1511 suspendi
1220 1440 1257 1496 ad
1278 1441 1382 1511 sordem
1408 1439 1533 1496 salientis
1547 1453 1628 1511 aqum
1655 1440 1686 1494 ia
1713 1439 1800 1495 vitam
1821 1445 1904 1497 aeter·

198 1538 228 1593 bi
241 1544 329 1603 terrae,
351 1535 430 1605 pium
457 1532 588 1587 cultorem
617 1538 705 1599 tuum,
721 1531 799 1597 cuitus
825 1533 889 1585 tuuc
916 1528 1023 1599 eloquia
1076 1543 1152 1582 uam.
1169 1528 1305 1601 Dilipebat
1332 1535 1423 1584 auum
1449 1528 1531 1583 illum
1559 1529 1650 1583 airum
1676 1530 1746 1584 sicui
1774 1530 1906 1601 anpelum

197 1633 310 1681 scenae
330 1620 525 1676 ministrabant
553 1618 664 1691 adipem
687 1618 822 1690 tutamenti
846 1618 897 1684 tui,
914 1623 940 1672 et
953 1616 1022 1671 luti·
1079 1618 1139 1685 Dei,
1156 1617 1227 1689 quod
1246 1633 1297 1689 per
1320 1617 1400 1673 ilium
1414 1620 1574 1689 coprmuerat
1587 1632 1631 1673 nte
1645 1616 1759 1672 interim
1773 1617 1808 1673 ad
1822 1618 1905 1674 illam

197 1715 266 1769 tiam
280 1710 342 1777 olei,
359 1716 384 1766 et
398 1710 519 1763 sobriam
537 1710 597 1763 cini
617 1708 774 1763 ebrictatem
792 1706 894 1777 populo
909 1708 965 1760 tuo.
984 1704 1023 1760 ad
1076 1705 1226 1777 ancipitem
1239 1708 1444 1777 fluctuationem
1454 1707 1515 1779 jam
1537 1720 1595 1761 esse
1612 1700 1773 1779 perductum
1797 1706 1903 1779 (ibid).

198 1816 258 1857 eum
274 1806 364 1854 ouum
391 1796 512 1852 ducebar
540 1796 628 1853 abste
651 1796 782 1863 nesciens,
805 1796 836 1848 ui
848 1792 1022 1865 per-eumad
1068 1866 1071 1872 Ι
1111 1791 1157 1849 66.
1174 1794 1236 1859 Qua
1254 1810 1340 1868 porro
1367 1792 1553 1850 veneratione
1579 1798 1718 1849 sanctum.
1741 1794 1903 1851 antistitem

197 1885 452 1969 tesciemducerep
470 1884 593 1956 Suscepit
614 1900 658 1940 me
678 1888 793 1955 paterae
807 1882 947 1939 illalucnm
963 1882 1020 1949 Dei,
1076 1887 1302 1956 prosequeretur
1317 1884 1366 1956 pia
1392 1881 1443 1938 illa
1464 1881 1621 1951 vidua,vel
1650 1882 1719 1939 binc
1743 1882 1903 1957 intelligas,

196 1984 223 2033 et
234 1974 487 2048 pereprinaticnem
501 1990 592 2029 meam
612 1974 679 2029 satis
702 1971 891 2045 episcopaliter
913 1970 1020 2025 dilexit.
1077 1973 1155 2043 quod
1171 1988 1235 2028 cum
1248 1973 1283 2029 ad
1297 1973 1446 2029 meritorias
1461 1976 1630 2038 sanctorum,
1646 1971 1744 2044 inquit
1765 1974 1905 2047 Augusti-

196 2066 229 2123 Εἰ
252 2080 316 2121 eum
339 2078 433 2119 amore
458 2064 536 2134 capi,
563 2063 655 2134 prima
680 2061 789 2134 quidem
811 2076 867 2116 non
891 2062 1022 2131 tanquam
1076 2078 1142 2128 nus,
1171 2063 1242 2117 sieut
1271 2064 1301 2117 in
1328 2060 1422 2134 Africa
1448 2061 1560 2129 saleim,
1584 2060 1675 2133 pultes
1703 2068 1729 2117 ct
1749 2076 1860 2134 panem
1876 2067 1905 2119 et

162 2182 167 2194 ·
195 2152 502 2224 damnaverimus
521 2154 553 2207 iu
575 2152 690 2207 ecclesia
719 2158 766 2207 tua
793 2164 906 2222 prorsus
929 2148 1021 2220 despe·
1075 2166 1184 2205 meram
1198 2150 1334 2207 attulisset
1346 2150 1426 2223 (ibid.
1444 2166 1509 2223 cap.
1524 2150 1568 2223 2);
1583 2148 1634 2205 ubi
1649 2150 1761 2205 audivit
1781 2167 1800 2206 a
1819 2152 1903 2223 jani·

196 2242 303 2308 rabam
319 2241 365 2299 sed
382 2245 513 2314 tanquam
533 2240 670 2296 bmninem
694 2239 842 2310 benipnum
865 2240 896 2293 iu
919 2253 972 2292 rue.
989 2236 1022 2291 ut
1074 2241 1137 2294 tore
1152 2242 1271 2311 propter
1284 2239 1395 2295 abusus
1411 2238 1555 2310 quasdam
1569 2237 1649 2293 bunc
1664 2254 1776 2294 morem
1791 2238 1828 2295 ab
1843 2239 1905 2313 epi·

196 2330 315 2388 studiose
341 2330 486 2386 audiebam
511 2330 697 2402 disputantem
722 2330 750 2384 in
773 2326 883 2400 populo,
907 2342 964 2381 neu
979 2327 1021 2381 in·
1075 2342 1163 2400 scopo
1180 2326 1270 2383 fuisse
1284 2326 1483 2397 interdictum,
1508 2328 1624 2398 tampie
1638 2331 1720 2400 atque
1734 2326 1901 2396 obedienter,

196 2421 315 2480 urticae
332 2436 386 2492 qua
400 2419 492 2488 debui,
506 2418 554 2475 sed
578 2420 657 2489 quasi
678 2419 825 2490 ceptorum
847 2414 1019 2488 facundiam,
1074 2413 1170 2489 pergit
1184 2414 1262 2471 idem
1277 2415 1337 2484 illc,
1361 2416 1492 2488 amplexa
1505 2424 1553 2486 est,
1569 2420 1599 2470 ut
1613 2417 1671 2488 ipsc
1686 2418 1804 2472 mirarer
1817 2434 1903 2490 quom

195 2512 289 2566 uirum
313 2508 467 2565 eoaoeniret
492 2508 578 2578 samm
601 2522 671 2574 suus,
707 2522 744 2561 an
772 2507 861 2577 major
898 2506 1021 2560 minorue
1073 2503 1160 2576 same
1186 2506 1343 2560 occursatrix
1366 2506 1459 2577 potius
1486 2504 1691 2560 consuetudinis
1717 2520 1785 2573 succ,
1815 2521 1901 2578 quam

192 2600 350 2672 pretiueret,
373 2612 455 2669 quom
475 2594 702 2669 predicabatur:
717 2602 743 2651 et
766 2595 855 2650 uerbis
878 2596 936 2667 ejus
963 2610 1020 2648 sus-
1073 2596 1253 2670 disceptatrix
1265 2596 1343 2652 illius
1354 2594 1552 2667 prohibitionis
1566 2593 1660 2666 effecta
1674 2596 1711 2653 sit
1725 2594 1823 2666 (ibid).

191 2686 330 2761 pendebor
344 2688 475 2757 interitus,
505 2700 601 2741 rerum
616 2692 707 2741 cautem
731 2685 884 2739 incuriosus
906 2686 934 2737 et
956 2698 1019 2737 cou-
1108 2688 1153 2743 67.
1171 2685 1289 2742 Interim
1313 2682 1495 2756 Augustinus
1514 2682 1544 2738 in
1558 2682 1690 2739 veritatis
1704 2682 1803 2740 itinere
1819 2700 1898 2740 sem·
1950 2704 1953 2709 ⁴

193 2779 309 2849 temptor
322 2775 465 2831 astabam:
496 2774 691 2831 etdeuctcbar
718 2774 853 2829 suauitate
875 2772 1017 2837 samonis,
1073 2774 1265 2847 perulterius
1288 2772 1540 2846 progrediebatur,
1557 2772 1592 2828 de
1618 2772 1771 2829 Ambrosio
1798 2777 1900 2831 autem

194 2880 352 2939 quanquam
366 2863 537 2930 eruditioris,
550 2865 642 2919 minus
659 2867 752 2918 tamen
775 2861 965 2917 hilarescentis
978 2866 1017 2914 at·
1072 2863 1114 2921 ita
1128 2862 1292 2920 sentiebat:
1307 2860 1490 2932 Ambrosium,
1507 2860 1613 2934 inquit,
1633 2863 1741 2934 peluem
1755 2863 1901 2937 quemdam

194 2968 245 3028 que
259 2953 414 3020 mulcentis,
433 2969 515 3023 quam
542 2953 636 3008 Fausti
661 2957 732 3018 erut,
758 2950 828 3022 quad
858 2950 956 3004 attinet
984 2946 1019 3003 ud
1073 2952 1211 3008 bominem
1237 2951 1386 3008 secuudum
1412 2950 1545 3007 saecalum
1577 2951 1721 3023 opinabar,
1751 2967 1830 3024 quern
1858 2954 1900 3009 sic

192 3042 460 3098 medumscteterum
476 3056 569 3096 reram
590 3042 714 3112 ipsarum
736 3039 817 3094 nulla
831 3036 1018 3108 comparatio:
1073 3045 1160 3099 malm
1171 3044 1314 3113 potestates
1329 3040 1515 3100 lwaorarents
1538 3039 1682 3095 coelib'atas
1708 3042 1816 3096 tantum
1839 3042 1899 3113 ejus

193 3146 259 3186 nam
278 3128 331 3185 illa
344 3146 393 3201 per
410 3130 574 3185 Manicbcas
588 3130 716 3201 [rullmias
732 3126 888 3194 aberrabat,
903 3126 954 3180 iste
966 3140 1015 3179 cu·
1072 3130 1143 3187 mitt
1170 3130 1322 3185 laboriosas
1344 3127 1487 3184 videbatur
1514 3126 1604 3198 (ibid,
1622 3144 1685 3202 cap.
1706 3129 1745 3201 3).
1771 3126 1900 3200 Optabat

193 3222 248 3275 iarn
270 3218 451 3274 saluberrime
479 3217 588 3274 docebat
615 3218 729 3272 salutem
760 3214 821 3284 (lib.
847 3230 865 3269 v
895 3214 1014 3284 Censes.
1031 3204 1053 3271 C
1073 3235 1130 3275 non
1145 3216 1331 3274 mediocriter
1344 3214 1461 3289 longius
1476 3232 1542 3271 cum
1558 3232 1591 3272 ec
1606 3216 1681 3273 inire
1705 3215 1897 3291 colloquium,

193 3320 257 3381 cap.
273 3306 330 3376 23).
347 3306 492 3362 Hactenus
506 3306 699 3379 Augustinus,
716 3303 764 3377 qui
781 3303 835 3359 buc
850 3302 1016 3357 curculione
1071 3309 1104 3363 ut
1119 3306 1145 3364 ei
1160 3306 1267 3362 mentis
1282 3321 1341 3361 sue
1356 3309 1455 3361 motus
1468 3309 1556 3379 atque
1571 3304 1745 3379 agitationes
1759 3307 1895 3380 aperiret.

192 3396 277 3453 nobis
292 3395 386 3469 aperit
399 3410 457 3451 non
474 3394 570 3451 soluin
590 3410 679 3466 quam
703 3391 761 3448 alto
785 3390 907 3448 consilio
931 3390 1015 3462 quasi
1070 3394 1201 3453 subinde
1216 3395 1252 3450 ad
1269 3394 1366 3466 ipsum
1379 3393 1518 3467 pergebat
1532 3392 1614 3449 illam
1629 3395 1665 3451 oh
1677 3410 1806 3463 causam,
1816 3412 1899 3451 oum.

193 3500 283 3541 manu
298 3484 404 3539 ductus
420 3483 457 3539 sit
471 3484 507 3539 ad
520 3481 719 3549 Ambrosium,
736 3482 768 3536 ut
783 3482 965 3538 revocaretur
979 3478 1015 3535 ab
1070 3500 1128 3558 que
1147 3484 1223 3540 mdes
1237 3480 1415 3556 episcopales
1439 3481 1549 3537 nemini
1574 3500 1633 3538 non
1656 3487 1798 3556 paterent,
1814 3484 1895 3540 lucili

193 3570 355 3641 erroribus,
370 3588 472 3629 verum
488 3571 575 3628 etiam
592 3573 702 3643 quanta
715 3576 793 3627 esset
816 3570 894 3642 apud
920 3568 1015 3624 homi·
1070 3572 1186 3649 negotio
1201 3572 1236 3628 ad
1252 3572 1350 3646 ipsum
1371 3571 1536 3627 accedebat.
1551 3569 1660 3627 Veram
1685 3573 1754 3645 quia
1772 3577 1895 3630 sanctos

194 3676 246 3719 nes
261 3659 396 3734 presulis
411 3660 503 3717 nostri
519 3659 705 3729 existimatio,
723 3674 848 3731 quamve
873 3656 1015 3714 rationem
1070 3661 1193 3718 antistes
1209 3662 1260 3717 aui
1273 3659 1454 3715 diversorum
1483 3658 1636 3714 hominum
1653 3661 1795 3717 serviebat
1809 3660 1896 3718 intir-

193 3754 222 3807 et
236 3750 265 3805 iu
281 3748 459 3822 excipiendis
474 3749 591 3816 extens,
607 3749 681 3805 etin
696 3746 812 3822 populis
827 3744 1015 3802 instituendis
1071 3750 1235 3818 mitatibus,
1251 3747 1528 3820 autscripturarum
1539 3748 1727 3815 meditatione
1735 3756 1895 3822 occupatus

192 3836 241 3894 ille
255 3844 436 3911 sequeretur.
453 3836 564 3894 Deinde
582 3836 708 3909 explicat
731 3835 809 3892 idern
832 3834 1016 3907 Augustinus
1070 3842 1142 3907 erat,
1172 3836 1335 3911 Augustino
1358 3834 1439 3892 nulla
1466 3836 1592 3892 dabatur
1615 3838 1699 3910 copia
1725 3837 1897 3895 sciscitandi

192 3925 300 3999 quibus
327 3926 469 3999 gradibus
497 3926 691 3982 Ambrosiana
717 3924 805 3979 verba
831 3922 959 3995 primum
986 3922 1015 3977 in
1071 3944 1135 4001 que
1151 3926 1297 4000 cupiebat.
1317 3924 1505 3981 ilnmtamen
1529 3924 1732 3997 alloquebatur
1746 3927 1896 3984 interdum

191 4019 319 4071 mentem
330 4030 416 4071 suam
425 4014 556 4070 veritatis
566 4014 665 4069 lumen
678 4010 840 4078 intulerint,
853 4026 887 4066 ae
897 4010 1016 4067 demum
1071 4016 1256 4084 Ambrosius,
1273 4014 1358 4087 eique
1373 4016 1491 4089 propter
1504 4018 1668 4071 maternam
1679 4015 1817 4088 pietatem
1831 4032 1898 4089 gra-

189 4101 411 4159 immutauerint
434 4102 626 4157 voluntatem.
642 4100 690 4156 Sic
705 4102 803 4155 autem
834 4099 869 4155 de
891 4098 946 4154 hoc
974 4098 1016 4154 lo·
1071 4104 1230 4161 tutabatur,

191 4189 306 4262 quitur:
323 4191 357 4247 st
370 4188 438 4245 dom
460 4202 506 4245 mr
520 4189 667 4261 aperirem,
685 4186 793 4259 inquit,
818 4187 854 4243 aa
877 4188 1016 4259 eactpiea-
1106 4193 1152 4250 cs.
1167 4194 1223 4249 sad
1237 4190 1431 4265 Aumatium,
1449 4206 1607 4265 congressu
1620 4195 1681 4248 tam
1697 4193 1897 4265 perfunctorio

190 4279 258 4335 ditm
270 4294 354 4351 quam
366 4276 467 4334 ditem
480 4277 591 4343 decret,
613 4266 722 4349 virili?
736 4284 761 4333 tl
786 4276 912 4334 intrabat
934 4292 1018 4350 quam
1073 4282 1195 4340 minime
1202 4283 1369 4348 contentus,
1378 4281 1422 4347 ut,
1434 4279 1616 4353 qualicebat,
1628 4280 1772 4338 desiderio
1783 4282 1899 4338 satista-

190 4383 253 4424 ucre
266 4367 379 4435 diecret,
395 4364 535 4435 prodatim
550 4365 659 4439 quidem
673 4364 752 4438 (ibid.
769 4380 832 4438 cap.
848 4364 905 4434 2⁴).
1072 4375 1150 4427 aeret
1165 4386 1229 4442 suo,
1254 4369 1339 4425 illum
1364 4370 1395 4425 in
1415 4368 1517 4442 popula
1539 4369 1651 4425 uerbum
1675 4372 1799 4427 ueritatis
1827 4374 1899 4428 recte

226 4456 271 4511 di.
289 4456 383 4526 liujus
396 4470 513 4527 quoque
529 4454 598 4511 anni
609 4460 676 4511 esse'
689 4454 827 4528 putamus
838 4454 913 4511 duos
927 4452 1017 4511 libros
1071 4463 1234 4517 tractantem
1258 4459 1335 4516 omui
1356 4458 1402 4514 die
1414 4455 1559 4515 deminico
1579 4457 1708 4515 audiebat
1725 4458 1825 4532 (ibid).
1845 4459 1899 4517 ilis

189 4544 404 4617 Depoeuittatia
432 4544 556 4616 (Adrucu.
584 4545 614 4599 iu
643 4541 715 4600 ccsd.
745 4542 817 4616 lib),
847 4559 921 4615 quos
948 4545 1015 4599 Am·
1032 4548 1264 4635 Diconeionibus
1290 4546 1387 4603 nubes
1412 4546 1657 4619 quibusinterior
1685 4548 1749 4619 ejus
1776 4548 1899 4605 obtutus

158 4692 167 4711 ·
191 4632 308 4689 brasias
324 4632 443 4705 scripsit
458 4638 558 4688 contra
580 4632 766 4688 Novatinnos.
785 4633 815 4689 ln
841 4632 883 4687 eis
911 4631 1016 4687 horum
1073 4636 1287 4703 oboscabatur,
1316 4632 1465 4707 dissipate
1494 4638 1578 4701 sunt;
1599 4634 1721 4707 ipseque
1749 4634 1899 4691 catholica

190 4720 394 4779 hereticorum
405 4719 513 4777 deliras
523 4720 612 4779 simui
623 4725 711 4793 atque
721 4720 853 4777 crudeles
865 4720 1017 4793 opiniones
1073 4724 1141 4782 iidei
1155 4725 1310 4782 ceritatem
1320 4738 1488 4796 agnoscere,
1502 4738 1536 4779 ac
1547 4722 1774 4781 Maniehaeomm
1785 4740 1900 4781 errores

190 4810 326 4868 funditus
344 4811 456 4882 evertit,
485 4825 598 4867 necnon
623 4809 826 4866 auctoritatem
852 4808 1018 4865 dimittendi
1073 4813 1201 4871 maxime
1211 4814 1288 4870 circa
1298 4809 1385 4885 prisci
1395 4810 1741 4868 loederis'lestamentum
1750 4813 1901 4885 despicere

190 4899 488 4973 peccataileclesirea
507 4900 622 4956 Christo
650 4900 749 4955 datam
773 4897 879 4954 invicte
902 4897 1016 4971 probat.
1073 4902 1171 4976 coepit.
1183 4903 1299 4974 sepem
1315 4898 1496 4974 popularibus
1511 4901 1685 4957 sermonibus
1699 4902 1768 4969 suis,
1790 4902 1902 4975 inquit,

192 4988 273 5053 Quod
289 4994 387 5045 autern
409 4988 477 5044 istic
491 4987 630 5061 leguntur
645 5004 679 5043 ea
693 4988 795 5042 verba:
810 4991 870 5058 b'po
898 4988 1018 5059 aliquem
1073 4991 1214 5049 docentem
1240 4989 1413 5046 Ambrosium
1427 4989 1526 5060 sepius
1551 4988 1716 5047 audiebam:
1731 4991 1837 5047 littera
1854 5007 1901 5048 cc·

192 5078 313 5134 laborem
340 5093 391 5149 pro
418 5081 514 5133 saucia
541 5078 664 5132 Emlesia
689 5077 793 5147 suscepi
822 5075 883 5145 (lib.
901 5090 932 5147 n,
948 5092 973 5132 c.
989 5076 1017 5143 8,
1073 5081 1151 5146 cadit,
1167 5082 1279 5153 spiritus
1302 5087 1392 5134 autem
1408 5077 1539 5149 vivificet,
1554 5094 1617 5133 cum
1631 5084 1740 5151 eaquae
1761 5078 1796 5135 ad
1824 5080 1904 5137 litte-

192 5181 275 5221 num.
291 5164 352 5233 73);
379 5163 439 5220 illis
463 5166 564 5238 utique
592 5164 616 5220 si
644 5163 728 5221 labor
755 5164 897 5219 innuatur
917 5167 1019 5221 contra
1073 5184 1136 5224 rom
1155 5169 1360 5240 peruersitatem
1372 5164 1467 5222 docere
1479 5166 1654 5237 uidebantur,
1669 5170 1771 5225 cuncte
1785 5171 1903 5241 mystico

192 5252 403 5325 Symmachum
414 5252 842 5327 atqueetbnioosabAmbrcsio
851 5257 1017 5326 susceptus,
1063 5258 1233 5325 uelumerdo,
1261 5254 1429 5329 spiritaliter
1454 5256 1575 5328 aperiret
1599 5255 1679 5329 (ibid.
1702 5273 1764 5331 cap.
1781 5256 1819 5328 i).
1835 5256 1903 5314 Non

191 5342 310 5398 eosdem
327 5341 417 5399 libros
433 5345 469 5399 ab
483 5344 538 5401 boc
552 5345 616 5417 ipso
631 5360 709 5400 anno
725 5343 850 5399 multum
868 5358 1017 5399 removeri·
1073 5350 1119 5403 est
1132 5362 1201 5420 ergo
1216 5362 1269 5403 cur
1283 5343 1393 5417 aliquis
1408 5342 1541 5414 miretur,
1553 5344 1632 5419 quod
1646 5343 1820 5402 Ambrosius
1834 5348 1904 5402 tan-

192 5429 246 5485 dos
261 5432 391 5487 censebit
406 5448 502 5488 necno.
1073 5438 1173 5507 tepere
1196 5434 1354 5509 mysticum
1380 5439 1497 5509 urgeret
1515 5433 1696 5490 intellectum
1711 5433 1740 5489 in
1757 5433 1902 5490 sermoni-

227 5520 272 5575 65.
289 5518 352 5593 (Au.
370 5522 447 5594 385.)
468 5519 592 5589 Monica,
617 5520 710 5578 illium
739 5526 814 5579 terra
840 5522 977 5591 marique,
993 5525 1019 5577 et
1073 5524 1130 5579 bus
1145 5522 1200 5581 hoo
1220 5530 1249 5581 et
1277 5522 1413 5597 sequenti
1442 5538 1518 5579 anuo
1550 5522 1585 5578 de
1612 5528 1753 5597 suggestu
1778 5521 1902 5596 habitis,

193 5610 224 5665 in
236 5611 370 5681 periculis
378 5612 508 5669 amnibus
519 5613 628 5680 secuta,
640 5628 699 5669 non
713 5610 807 5669 multo
820 5613 888 5684 post
902 5610 938 5667 ad
950 5626 1018 5667 eum
1074 5629 1200 5685 quorum
1215 5611 1392 5688 plerique'in
1413 5610 1504 5669 libros
1528 5609 1638 5669 redacti
1653 5614 1733 5670 sunt.
1748 5608 1806 5668 llos
1822 5614 1904 5668 certe
