4159 6184
206 288 264 358 stt
771 366 774 373 ,
936 294 971 358 S.
992 292 1185 363 aussosll
1855 306 1914 371 di!

207 423 423 499 miutflfitms
440 424 565 488 Domino
592 428 695 487 debuit
722 428 871 503 primitiva
895 446 1029 500 munera,
1045 434 1071 504 Α
1087 448 1157 509 ergo
1170 431 1321 509 quantitas
1336 436 1502 509 solutionis,
1515 432 1566 497 ssd
1586 434 1705 497 enimus
1716 436 1917 509 reddentla,et

206 529 265 574 noo
280 514 441 589 posteriora
466 518 587 575 delerre.
615 518 712 576 Doluit
736 519 835 591 itaque
861 518 888 576 ei
916 519 1030 587 divisio,
1087 524 1216 595 qualitas
1246 526 1460 597 consideratur,
1488 533 1518 585 ct
1544 528 1676 586 silemus.
1707 528 1797 587 Recte
1825 529 1921 604 igitur

204 600 329 677 ideoque
344 621 518 679 responsum
531 606 595 663 ait:
624 606 656 663 Si
680 616 750 665 recte
777 606 887 682 etseras,
902 624 957 666 noo
985 625 1035 664 ott·
1086 614 1156 673 Cain
1172 615 1280 673 obtulit
1296 635 1303 685 ;
1318 618 1389 691 quia
1403 617 1513 675 oblatio
1542 618 1659 693 insigne
1685 618 1860 688 devotionis,
1888 614 1920 677 ei

207 697 263 753 tem
275 705 348 753 recle
361 697 478 765 dividas,
492 702 620 770 peccasti,
636 700 752 769 quiesce.
767 699 854 755 Vides
887 704 1032 772 quantum
1086 702 1229 762 indicium
1243 706 1405 779 gratiarum
1421 709 1483 763 ost:
1496 706 1547 763 scd
1562 710 1708 765 nourccte
1718 705 1836 777 divisit;
1848 709 1919 781 quia

207 782 332 843 situitii.
348 786 403 843 Ubi
417 787 500 843 deest
513 784 633 854 divisio,
659 786 700 843 ibi
728 791 824 845 totum
854 788 1033 846 sacrificium
1088 796 1155 851 ante
1167 794 1267 852 omnia
1282 798 1338 851 Deo
1354 795 1455 851 debuit
1470 796 1581 852 doleri-e
1594 794 1751 870 primitias,
1767 800 1833 853 uta
1851 812 1918 871 gra·

207 874 362 955 militatur.
1088 881 1131 937 tia
1144 882 1296 940 inchoaret
1309 884 1447 941 auctoris.
1463 883 1578 941 litonim
1593 883 1747 943 divisionis
1771 884 1819 941 bio
1846 886 1918 943 ordo

243 966 288 1019 22.
304 965 441 1035 Superest
456 966 489 1020 ot
503 964 540 1021 de
554 966 695 1023 continua
708 973 738 1025 et
747 968 813 1042 jugi
837 968 968 1026 oratione
993 968 1036 1025 di·
1088 974 1144 1040 est,
1160 974 1193 1027 ut
1209 971 1304 1047 prima
1318 972 1467 1043 sanandis,
1483 988 1540 1029 non
1557 972 1661 1046 primis
1682 972 1813 1030 secunda
1840 990 1918 1049 pras-

208 1067 321 1120 camua,
337 1053 414 1125 quod
430 1052 581 1112 immorari
596 1071 651 1115 nos
665 1061 804 1116 etvacare
816 1058 1034 1131 oraliooiopor-
1089 1062 1210 1117 currant
1226 1076 1233 1116 ε
1249 1064 1278 1117 et
1295 1059 1424 1117 cmlestia
1443 1061 1579 1131 terrenis,
1595 1076 1653 1119 non
1677 1065 1805 1119 terrena·
1816 1062 1916 1122 cceles-

206 1139 615 1214 tatPernoctabatDominus
629 1146 659 1203 in
675 1147 817 1221 oratione,
832 1164 891 1205 nan
906 1151 940 1205 ut
962 1148 1034 1205 sibi·
1089 1147 1170 1205 tibus
1184 1149 1388 1222 proterantur.

207 1234 269 1287 met
282 1230 444 1303 prodesset,
455 1232 506 1289 sed
522 1237 555 1289 ut
569 1251 623 1292 nos
638 1236 763 1294 doceret.
779 1239 928 1312 Frequens
955 1238 1035 1297 enim
1415 1265 1531 1323 CAPUT
1550 1266 1613 1324 vll,

208 1318 300 1419 ⁰¹25?
329 1321 489 1393 quamdam
510 1328 661 1421 iberatur
692 1326 880 1401 difflipliflaffl
906 1329 1033 1387 ⁰m¹¹di²
1089 1354 1175 1410 Deum
1189 1357 1238 1426 qui
1253 1356 1281 1410 in
1296 1355 1398 1411 Adamo
1420 1354 1580 1413 docuitnon
1592 1355 1770 1428 peccandum,
1786 1357 1816 1412 io
1833 1356 1917 1414 Caino

207 1422 279 1480 qma
289 1422 353 1481 ipse
367 1424 441 1465 usus
454 1409 594 1469 docibiles
611 1412 661 1469 Dei
677 1413 757 1485 iacit,
788 1415 961 1475 indocibiles
984 1434 1035 1475 oe·
1124 1424 1248 1481 decuim
1261 1442 1318 1483 nou
1332 1424 1531 1499 defendendum
1541 1430 1694 1501 peccatum.
1719 1427 1752 1483 Et
1766 1428 1807 1483 iti
1833 1446 1920 1501 quoin

207 1496 356 1570 gligentia.
372 1498 455 1555 Boua
467 1498 560 1571 igitur
573 1503 750 1560 exercitatio.
773 1504 905 1579 Denique
932 1523 1035 1581 corpo·
1125 1497 1247 1580 Ρῖθθῑῑυθ
1260 1499 1298 1553 δῖῑ
1311 1498 1345 1553 (ῑῦ
1360 1500 1500 1571 &misem
1510 1499 1540 1555 ia
1555 1498 1614 1557 Μία
1627 1498 1730 1555 &dm
1754 1502 1918 1573 l’iffll'i‘ffl·

207 1586 250 1644 ris
268 1585 362 1643 virtus
381 1588 586 1647 exercitatione
600 1597 725 1665 augetur
739 1593 884 1667 frequenti
899 1613 908 1650 a
924 1600 954 1653 at
976 1596 1036 1654 iue-
1126 1584 1162 1623 η·

207 1675 347 1733 xercitata
362 1676 508 1733 minuitur
521 1680 550 1734 ct
564 1680 682 1737 labitur.
699 1681 821 1739 Plurimi
849 1685 929 1741 enim
957 1702 1035 1744 exer
1125 1682 1171 1738 2l.
1182 1682 1238 1739 Sed
1252 1682 1322 1757 quis
1335 1682 1406 1741 Cain
1423 1683 1556 1741 contudit
1569 1683 1651 1741 hunc
1671 1684 1816 1755 ordinem,
1846 1686 1919 1743 dici·

209 1762 270 1820 oitii
286 1764 490 1822 dissuetudine
503 1767 593 1824 etism
608 1770 772 1828 naturalem
793 1773 953 1831 dissolvere
979 1775 1035 1831 vir·
1088 1772 1138 1827 tur
1151 1771 1177 1828 ei
1195 1790 1202 1829 :
1217 1774 1348 1840 Peccosti,
1364 1774 1472 1845 quiesce
1485 1772 1564 1845 (Gela.
1581 1790 1619 1842 iv,
1646 1774 1685 1833 7).
1702 1774 1808 1832 Omnia
1835 1776 1921 1833 docet

210 1852 317 1908 tutem.
345 1851 487 1910 similiter
512 1855 618 1913 animae
641 1858 781 1918 fortitudo
816 1862 1033 1921 exercitationis
1088 1859 1175 1917 Deus.
1192 1859 1326 1917 Primum
1342 1878 1378 1919 ne
1393 1877 1505 1935 pecces,
1540 1865 1573 1919 ut
1588 1862 1618 1917 in
1650 1862 1743 1919 Adam
1777 1865 1917 1921 monuit:

209 1939 383 1998 assiduitate
397 1941 561 2001 solidatur:
578 1950 611 2003 ut
623 1946 706 2005 labor
719 1948 783 2023 ipse
805 1950 968 2025 disciplina
993 1952 1033 2010 sit
1087 1948 1229 2016 secundo,
1244 1949 1270 2006 si
1285 1950 1460 2023 peccaveris,
1476 1950 1623 2023 quiescas,
1639 1954 1673 2009 ut
1686 1950 1717 2007 in
1731 1951 1802 2009 Caio
1830 1952 1916 2011 dooe-

208 2044 268 2085 non
282 2030 363 2087 oneri
378 2031 507 2103 iuturus,
520 2035 571 2091 sed
600 2037 677 2093 usui.
703 2038 788 2096 Hunc
813 2040 913 2098 cibum
940 2041 1033 2099 menti
1088 2038 1140 2095 ris.
1152 2038 1327 2097 itrubescors
1338 2039 1417 2097 enim
1427 2040 1581 2110 debemus,
1593 2044 1624 2097 et
1637 2041 1834 2099 condemnare
1848 2057 1917 2116 pec·

208 2120 316 2176 nostra
330 2119 508 2191 deteramus,
521 2123 573 2196 qui
587 2124 681 2183 multa
701 2127 820 2186 attritus
845 2130 1033 2189 meditatione
1088 2130 1197 2195 catum,
1214 2144 1272 2185 non
1289 2128 1443 2187 defendere
1459 2146 1467 2201 3
1483 2129 1624 2203 quoniam
1642 2130 1754 2203 pudore
1764 2130 1851 2204 culpa
1865 2131 1919 2187 mi·

209 2222 244 2265 ac
257 2206 378 2281 politus,
394 2226 444 2266 oar
459 2210 587 2271 bominis
601 2215 763 2274 sicutillud
780 2217 896 2276 caeleate
923 2236 1034 2277 manna
1088 2216 1201 2288 nuitur,
1215 2216 1385 2275 detonsione
1399 2218 1578 2275 cumulatur.
1592 2218 1626 2275 ct
1653 2217 1767 2276 silendo
1794 2218 1917 2293 corrigi-

209 2296 373 2355 confirmet.
390 2300 472 2365 Quod
486 2316 544 2359 non
558 2302 650 2361 otiose
663 2305 767 2363 tritum
782 2323 816 2364 ac
835 2307 960 2381 politum
988 2325 1034 2366 sc·
1088 2321 1166 2374 mur,
1183 2306 1369 2364 contentione
1382 2306 1576 2380 prolabimur.
1600 2306 1761 2365 Sitscltem
1775 2322 1917 2365 uerecun-

209 2384 360 2457 aipimus:
388 2408 423 2450 co
438 2393 517 2465 quod
541 2392 704 2451 caelestium
718 2396 932 2469 scripturarum
960 2397 1031 2455 allo·
1088 2394 1147 2466 dia,
1163 2394 1213 2451 ubi
1230 2411 1288 2452 non
1303 2398 1350 2453 ost
1363 2394 1520 2453 absolutio.
1543 2396 1614 2453 lude
1637 2394 1736 2452 illud:
1764 2396 1858 2453 lodus
1886 2398 1919 2454 in

209 2480 280 2555 quia
294 2481 346 2539 diu
359 2488 453 2543 terere
482 2501 515 2542 ac
543 2483 636 2559 polire
663 2485 815 2554 debemus,
844 2490 906 2543 toto
934 2485 1033 2545 animo
1087 2484 1201 2542 exordio
1214 2486 1349 2542 amosiis
1358 2486 1552 2542 ommotorest
1565 2486 1611 2542 soi
1633 2484 1725 2558 (Pras.
1752 2500 1832 2552 xviri,
1859 2486 1917 2559 1⁷).

208 2574 336 2631 etcorde
348 2576 520 2631 vomentes:
537 2578 571 2630 ut
584 2589 691 2631 succos
705 2573 755 2631 illc
769 2574 909 2648 spiritalis
925 2574 983 2632 cibi
1002 2576 1033 2632 in
1087 2572 1243 2629 licitarum
1259 2573 1295 2630 ab
1311 2574 1376 2647 ipso
1388 2572 1517 2631 'Domino
1532 2573 1602 2631 alibi
1623 2573 1736 2631 dictum
1763 2572 1890 2648 legimus
1907 2592 1916 2631 ι

209 2676 312 2719 omnes
325 2678 358 2719 ee
380 2677 470 2719 venas
503 2662 608 2720 animo
639 2662 797 2721 diffundat.
825 2664 901 2738 Ergo
915 2664 941 2721 si
967 2668 1033 2721 tan·
1088 2662 1392 2735 biciaiqoitotestuos,
1411 2670 1443 2719 ot
1467 2662 1630 2736 laetificeris
1661 2662 1717 2735 (iso
1748 2677 1826 2734 nara,
1855 2664 1918 2735 26).

210 2766 300 2823 quam
312 2750 478 2825 pubescens
493 2751 642 2809 adolescat
655 2751 739 2821 lidos,
754 2768 818 2825 qua
830 2752 975 2809 delectum
991 2766 1034 2809 se
1088 2748 1203 2814 Quanta
1215 2750 1338 2823 pudoris
1351 2750 1454 2825 gratia,
1471 2754 1505 2809 ut
1528 2751 1678 2823 justitiam
1710 2754 1808 2809 teneat
1834 2768 1920 2811 uers-

210 2840 358 2898 oesoeniis
378 2839 541 2897 devotionis
569 2839 696 2913 ableget,
722 2844 753 2897 et
778 2840 884 2913 spiritu
914 2843 1033 2909 lervoat,
1088 2838 1206 2909 cundia,
1224 2839 1415 2914 quamculpe
1430 2843 1531 2897 reatus
1545 2839 1719 2899 abstuleritl
1736 2840 1803 2899 ldeo
1817 2845 1919 2901 autem

209 2926 731 3000 etcongruadietinctioneteneatur
744 2928 1035 3006 meneumlegitimo
1089 2926 1131 2985 eit
1146 2944 1152 2983 :
1167 2928 1289 2998 Quiesce,
1310 2928 1449 3001 quoniam
1466 2944 1524 2986 non
1557 2929 1648 2987 habos
1680 2930 1759 3003 quod
1783 2944 1919 2987 excuses.

211 3014 374 3085 divisionis,
408 3018 437 3072 et
469 3016 629 3076 assiduitas
661 3018 847 3075 commendet
884 3020 1032 3093 gratiam3
1088 3014 1185 3090 Culpa
1200 3016 1296 3090 ipsius
1309 3018 1346 3074 ad
1361 3020 1390 3074 te
1404 3016 1554 3075 conversio
1568 3020 1623 3075 est.
1651 3017 1716 3074 Non
1745 3017 1823 3076 cuim
1858 3018 1921 3075 ira·

210 3105 282 3161 tunc
295 3102 544 3178 titilludpingoe,
557 3108 735 3177 ettonquam
758 3106 874 3180 adipale
895 3109 1035 3183 precatio·
1088 3107 1134 3163 tar
1145 3106 1171 3162 ei
1188 3106 1345 3163 adducitur
1356 3106 1425 3180 (62),
1455 3107 1507 3164 sed
1530 3123 1611 3165 error
1636 3107 1805 3177 ascribitur,
1829 3108 1921 3181 cujus

210 3192 258 3250 nis
272 3208 377 3267 genus
393 3193 429 3250 de
442 3209 501 3266 quo
516 3194 588 3251 dicit
603 3194 770 3268 Propheta:
799 3198 981 3270 lmpinqoosti
1002 3200 1034 3255 in
1049 3172 1071 3241 C
1089 3192 1153 3267 ipse
1167 3194 1223 3251 sibi
1239 3197 1342 3252 auctor
1358 3200 1413 3253 est.
1439 3195 1471 3251 ln
1486 3199 1527 3265 lc,
1551 3194 1656 3269 inquit,
1681 3196 1838 3255 revertitur
1860 3196 1922 3253 cri*

209 3281 269 3338 oleo
282 3283 656 3356 copotmcomll’sol.xxu,
682 3284 722 3356 5).
748 3284 831 3341 Sicut
858 3286 937 3344 enim
965 3288 1033 3362 agni
1088 3284 1512 3358 men,quodateooepitNon
1528 3284 1619 3343 babes
1641 3284 1671 3340 io
1700 3300 1759 3357 quo
1787 3285 1918 3343 amassi-

210 3367 304 3426 multo
318 3370 394 3427 lecte
408 3371 616 3445 pinguescunt,
631 3372 752 3430 etsicut
765 3389 833 3431 oves
847 3374 922 3433 bene
941 3381 1032 3449 pasta
1086 3375 1188 3443 tatem,
1203 3372 1298 3446 magis
1314 3388 1403 3446 quam
1418 3379 1545 3430 meolam
1570 3377 1664 3445 tuam,
1692 3389 1810 3447 arguas.
1840 3376 1919 3431 lnte

209 3456 296 3530 adipe
310 3457 406 3515 nitent
420 3475 428 3514 ε
444 3460 659 3533 ltaapoatolico
674 3478 762 3519 succo
786 3466 872 3535 pasta
898 3464 1031 3523 fidelium
1086 3464 1272 3535 retorquetur
1286 3460 1458 3535 improbitas
1480 3465 1542 3532 tua,
1573 3466 1603 3519 to
1623 3463 1751 3536 princeps
1776 3478 1805 3519 es
1831 3463 1914 3521 illius

208 3544 375 3619 pinguescit
387 3547 491 3607 oratio.
1086 3550 1162 3621 (Gen.
1183 3566 1221 3619 iv,
1237 3550 1275 3621 7).

242 3635 290 3693 23.
304 3636 416 3695 Horum
429 3638 454 3696 si
470 3638 546 3697 desit
559 3640 672 3713 aliquid
700 3658 764 3715 quie
790 3644 927 3716 superius
956 3643 1030 3702 dixi·
1119 3639 1166 3696 25.
1181 3639 1258 3697 Bene
1270 3639 1334 3699 ait:
1354 3640 1392 3696 To
1403 3642 1529 3713 princeps
1555 3655 1584 3696 cs
1613 3640 1699 3696 itlius.
1714 3638 1829 3697 Etenim
1853 3638 1913 3697 im·

208 3741 287 3799 mue,
312 3726 492 3786 sacrificinm
507 3746 565 3786 non
593 3730 744 3803 probatur.
766 3731 892 3806 ldeoque
919 3733 1030 3792 dietum
1085 3728 1178 3801 pictos
1193 3733 1287 3785 mater
1300 3728 1434 3801 quasdam
1449 3732 1494 3786 est
1507 3726 1681 3786 delictorum
1697 3745 1705 3785 ι
1721 3730 1751 3785 et
1764 3728 1815 3800 qui
1843 3744 1914 3803 gra-

207 3818 253 3872 set
267 3816 304 3873 ad
318 3814 388 3873 Cain
404 3836 412 3875 ε
428 3817 460 3875 Si
471 3826 544 3875 recle
557 3820 665 3892 offane,
680 3824 843 3877 nannetem
857 3824 930 3878 recte
952 3823 1029 3881 m
1084 3816 1166 3873 viora
1180 3817 1351 3891 peccaverit,
1367 3816 1398 3873 in
1412 3820 1517 3873 caetera
1531 3815 1617 3873 locile
1632 3814 1805 3890 prolabitur.
1833 3817 1914 3884 Quo·

206 3902 314 3961 dividas
325 3909 454 3978 peccasti.
482 3906 618 3980 Namque
645 3907 775 3965 mundns
801 3907 865 3981 ipsa
892 3908 1030 3969 distinata
1085 3905 1172 3962 modo
1195 3906 1274 3962 enim
1302 3908 1397 3979 potest
1426 3905 1463 3962 sb
1495 3904 1635 3962 humanis
1665 3908 1830 3979 temperare
1861 3908 1915 3979 qui

205 3990 314 4066 legitur
326 3994 431 4064 iactus,
456 4011 525 4052 cum
552 4000 630 4053 esset
644 3999 712 4053 ante
738 3996 933 4070 incomposita
960 4016 1029 4072 pars
1083 3994 1183 4051 divina
1195 3992 1323 4062 violavit,
1337 3998 1367 4053 et
1380 3994 1551 4051 bominibus
1566 3994 1660 4051 bonus
1674 4008 1739 4051 csse
1754 3992 1805 4067 qol
1817 3994 1916 4052 Deum

205 4083 291 4155 ejus:
320 4084 392 4155 quia
413 4084 495 4141 imo
521 4092 581 4141 croi
603 4084 763 4153 invisibilis,
798 4093 826 4142 et
851 4087 1029 4160 incomposita
1083 4080 1185 4139 leniti
1199 4083 1378 4140 Atrociorom
1402 4082 1493 4157 igliur
1525 4082 1670 4140 scelerum
1704 4086 1820 4139 matum
1841 4083 1916 4141 vitia

204 4170 284 4241 (Gen.
300 4188 319 4240 r,
333 4173 374 4241 2).
389 4171 500 4246 Nempe
515 4170 566 4229 lux
583 4173 713 4246 primum
728 4173 869 4243 lactacsi,
885 4179 914 4232 et
939 4192 1027 4235 voca·
1082 4169 1195 4244 reliqua
1215 4176 1403 4244 sequuntur;
1426 4170 1567 4244 quoniam
1592 4187 1650 4245 quo
1675 4169 1820 4245 flagitiosa
1843 4187 1915 4245 pro·

204 4259 336 4317 aitDeua
350 4259 458 4329 lucem,
480 4262 667 4336 etseparavit
693 4262 773 4319 Deus
787 4264 865 4322 inter
888 4262 983 4322 locem
999 4271 1029 4324 et
1081 4259 1246 4332 penderint,
1265 4276 1300 4316 0⁰
1319 4258 1462 4317 inclinant
1489 4264 1604 4317 wicst-
1642 4260 1687 4317 Tu
1719 4274 1789 4333 0¹8⁰
1823 4262 1912 4333 prin·

203 4347 352 4416 tenebras,
382 4352 412 4405 et
444 4353 552 4406 vocatae
585 4354 655 4408 sunt
671 4352 797 4409 tenebre
825 4368 891 4410 nox.
917 4354 952 4411 lit
976 4372 1029 4429 per
1081 4348 1329 4423 cepsoperistui,
1345 4352 1378 4405 tu
1407 4349 1466 4405 dux
1497 4348 1639 4406 oriminis.
1674 4348 1737 4406 Non
1769 4352 1800 4406 tc
1833 4350 1912 4407 invi-

203 4435 555 4512 ordinemsingolaquod
570 4441 722 4497 laetasint
740 4440 878 4515 legimus,
908 4443 1026 4513 omium,
1080 4442 1155 4507 tum,
1183 4437 1260 4495 218
1298 4452 1355 4494 non
1392 4436 1610 4510 imprudentem
1646 4454 1728 4495 error
1763 4438 1911 4496 attraxit:

202 4527 290 4593 terra,
306 4522 388 4600 ligna
416 4526 577 4595 fructifera,
600 4528 742 4588 animalia
769 4530 893 4588 diversa.
923 4532 1063 4607 Distu-1)
1080 4526 1131 4584 scd
1159 4525 1343 4584 voluntarius
1380 4541 1449 4583 rous
1465 4526 1590 4598 judicio,
1628 4542 1688 4583 non
1720 4525 1807 4599 lapsu
1841 4527 1912 4585 loci·

200 4614 274 4672 buta
288 4618 387 4671 autem
403 4620 473 4673 sunt
494 4615 603 4673 leviora
630 4618 844 4691 superioribus,
872 4624 905 4677 ut
932 4624 1025 4679 aeret
1078 4615 1117 4673 sti
1153 4614 1271 4684 dolum,
1307 4630 1365 4687 quo
1403 4614 1508 4674 divina
1545 4614 1660 4688 injurio
1707 4630 1791 4673 raum
1844 4616 1912 4690 ipsc

199 4702 279 4777 ignis
294 4721 301 4761 :
316 4704 451 4778 graviora
464 4703 662 4775 interioribus,
677 4706 733 4763 hoc
742 4712 788 4764 est
800 4712 879 4765 terra
892 4713 922 4765 ot
934 4725 1022 4782 aqua.
1079 4702 1239 4761 monacis.

199 4792 306 4867 Utique
321 4792 411 4851 simul
426 4794 596 4852 omnialieri
609 4795 713 4869 jubare
736 4796 832 4868 potuit
845 4797 925 4854 Deus
942 4815 949 4854 ε
972 4798 1023 4855 sad
1393 4817 1510 4877 ffippp
1524 4818 1590 4876 vm

199 4881 418 4942 distinctionem
433 4899 548 4941 servare
562 4883 678 4954 maluit,
704 4900 795 4956 quom
818 4901 873 4943 nos
900 4885 932 4943 in
960 4903 1024 4944 om·
1080 4907 1149 4964 σω),
1163 4906 1447 4977 ,mmmmm
1468 4908 1644 4964 immam
1667 4915 1694 4964 ὅ)
1720 4909 1827 4965 crim„
1854 4926 1909 4966 w,

198 4971 287 5030 nibus
313 4973 500 5031 imitaremur
525 4973 661 5046 negotiis,
676 4978 706 5029 et
737 4974 865 5030 maxime
888 4974 918 5031 in
941 4975 1023 5033 vicia
1112 4981 1165 5049 pet.
1178 4979 1308 5051 Ejusdem
1322 4979 1412 5035 uerbis
1428 4994 1435 5036 :
1451 4978 1561 5035 bamus
1574 4979 1605 5035 in
1631 4994 1781 5051 campum,
1796 4981 1909 5051 essee

199 5059 380 5120 situdinibus
394 5062 568 5137 gratiarnm,
598 5062 629 5117 in
657 5060 766 5133 quibus
790 5078 849 5118 non
878 5062 951 5120 satis
979 5067 1024 5120 est
1113 5051 1173 5134 ⁶2¹ss
1185 5050 1443 5133 ‘’mildridam“
1456 5050 1611 5107 ‘mmm‘
1624 5050 1800 5108 mmmm
1814 5054 1909 5109 ΜΘ·

198 5150 321 5207 reddere
340 5151 417 5222 qood
446 5150 604 5224 acceperis,
630 5151 681 5207 sed
710 5151 917 5207 commendare
943 5152 1023 5223 quod
1112 5122 1346 5177 'mmmmm'

199 5238 315 5294 reddas.
330 5238 404 5294 Nam
418 5238 446 5295 ai
460 5237 527 5313 quis
540 5239 672 5295 debitum
687 5237 789 5305 soluat,
805 5242 834 5294 ct
848 5238 878 5293 in
899 5240 1024 5297 releren-
1111 5236 1158 5292 26.
1172 5234 1348 5291 Admonitus
1362 5234 1454 5308 igitur
1467 5240 1501 5292 ot
1515 5235 1685 5309 quiesceret,
1706 5240 1795 5311 auget
1821 5234 1909 5295 inso-

198 5324 236 5381 do
249 5325 390 5397 injuriam
405 5325 494 5384 iaciat
507 5326 656 5395 creditori,
671 5325 886 5384 intolerabilius
900 5332 945 5383 est
968 5328 1023 5385 uti·
1076 5324 1208 5392 lentiam,
1224 5324 1341 5381 acerbat
1369 5322 1525 5397 flagitium.
1554 5324 1628 5393 Quid
1653 5324 1746 5399 igitur
1764 5324 1821 5383 sibi
1839 5326 1909 5383 vult

196 5428 264 5487 quc,
285 5430 374 5487 quam
402 5429 460 5471 non
488 5415 652 5473 reddidisse
677 5416 755 5489 quod
782 5414 917 5473 debebat.
958 5416 1022 5475 Non
1076 5413 1230 5486 quodait:
1264 5414 1365 5470 domos
1396 5414 1567 5486 incomptam
1588 5412 1675 5488 llice,
1692 5430 1729 5484 iv,
1760 5414 1813 5487 8);
1842 5414 1908 5470 nisi

227 5608 285 5684 (62)
300 5608 399 5683 antiq.
413 5608 497 5681 edit,
506 5611 773 5685 odja'citorliomet
785 5612 1020 5683 masadda‘ator.
