4159 6184
164 343 223 407 itt
809 350 1081 418 naxatttaaart
1103 355 1176 420 tta.
1199 357 1223 422 1.
1809 367 1866 430 lib

162 481 361 558 colligaquie
375 483 519 558 scriptam
544 489 608 544 est:
634 487 688 558 Qui
710 491 809 563 aspicit
830 495 946 563 terram,
961 490 1178 564 etAvolvitar,
1210 497 1239 554 et
1267 493 1418 572 superiora
1442 495 1640 571 interioribus,
1665 499 1865 578 superioribus

160 577 302 650 faciteam
315 583 433 634 tremere
454 577 544 650 (Paul.
562 595 621 647 cnr,
650 580 706 649 32).
728 581 764 637 at
788 580 877 639 alibi:
894 584 989 643 taliae
1043 599 1159 657 quoque
1174 585 1311 644 interiora
1325 592 1487 648 mutantur.
1502 591 1632 657 Quorum
1648 595 1745 650 autem
1760 609 1865 650 seeun-

161 684 210 738 epa
227 668 312 724 sanet
334 670 460 725 manatio
486 674 588 727 terram
611 670 688 744 (App.
714 687 746 740 ιι,
769 672 807 742 8).
830 673 893 730 Nou
918 691 987 748 erge
1042 674 1113 730 dum
1130 679 1266 734 naturam
1283 683 1379 736 motus
1394 681 1498 738 mutati
1513 687 1592 752 suut,
1609 683 1715 740 horum
1730 701 1864 742 neeessa-

159 755 345 815 libramentis
359 758 422 815 suis
445 758 606 816 immobilia
630 766 748 818 manet:
770 763 821 819 sed
848 763 987 836 trequen—
1041 764 1084 820 rio
1100 765 1197 822 lerunt
1212 769 1318 824 mutari
1334 769 1426 826 solere
1450 771 1606 844 qualitates
1630 774 1864 831 substantiarum

158 851 203 904 ter
216 847 269 904 Dei
283 852 357 903 nutu
372 853 402 905 ct
413 849 533 905 arbitrio
558 856 767 919 commovetur,
793 852 870 909 sicut
888 858 917 909 et
930 854 986 910 lob
1040 869 1172 910 suerum.
1189 857 1262 921 Quid
1279 857 1368 930 igitur
1382 860 1566 918 defendimus
1582 862 1738 920 ethereum
1758 881 1865 937 corpus

157 937 250 994 dicit:
267 939 483 1007 Quiaoomnuu
496 949 643 996 eemnrovet
667 942 984 1014 eamafandamentis:
1038 959 1114 1012 esse,
1143 961 1179 1000 ne
1208 946 1341 1002 videatur
1369 950 1547 1023 corruptioni
1572 953 1754 1010 obnoxiant
1780 956 1861 1021 Quod

157 1027 294 1084 columne
319 1031 414 1084 anum
440 1031 500 1101 ejus
527 1032 705 1101 exaquantur
733 1033 790 1103 (tob
818 1049 857 1088 ιιι.
884 1034 923 1105 6).
948 1034 984 1090 lit
1038 1033 1117 1088 enim
1144 1036 1339 1107 compositum
1372 1053 1406 1093 ex
1443 1039 1682 1112 corruptibilibus
1710 1042 1862 1101 elementis

158 1116 247 1173 alibi:
271 1118 349 1173 Nuda
376 1119 489 1188 inser-aa
509 1120 541 1173 in
562 1127 702 1192 emspeetu
727 1122 796 1192 ejas,
821 1129 847 1177 et
874 1139 931 1178 nan
944 1126 984 1178 est
1036 1137 1157 1178 necessa
1172 1127 1216 1179 est
1231 1123 1476 1182 resolvatur.Nam
1494 1127 1547 1183 boe
1565 1128 1628 1200 ipso
1649 1131 1726 1202 quod
1742 1132 1861 1189 diversae

155 1208 244 1262 morti
267 1208 450 1277 involuerum,
473 1208 621 1265 mandene
659 1212 774 1266 Boream
801 1227 854 1283 pro
882 1213 981 1277 nihilo,
1037 1212 1372 1269 aadcmsintslemenle
1399 1219 1520 1284 naturae,
1546 1216 1860 1290 simpliccmetinvia-

152 1296 322 1370 mpmdens
343 1305 446 1353 terram
463 1299 493 1353 in
518 1299 651 1368 nibilum,
680 1300 799 1371 alliacus
825 1317 926 1373 apuam
951 1304 982 1357 in
1035 1297 1152 1357 labilem
1178 1305 1291 1358 motum
1316 1303 1422 1359 habere
1448 1321 1506 1360 non
1531 1312 1664 1378 possunt,
1685 1289 1861 1366 aum'sedi·

152 1388 277 1443 nubibas
290 1387 380 1443 aab...
399 1387 541 1446 Columna
563 1387 631 1445 coeli
649 1391 835 1461 avolaverunt,
854 1399 881 1447 et
894 1409 981 1464 enpa—
1034 1407 1137 1447 vereris
1151 1390 1364 1448 elementorum
1379 1397 1476 1450 motus
1498 1393 1659 1468 impugnet.
1687 1397 1768 1454 Unus
1781 1400 1859 1458 euim

152 1484 255 1533 rerunt
268 1477 302 1531 ab
316 1478 504 1548 increpatione
517 1479 593 1547 mea:
607 1480 711 1535 virtute
732 1481 871 1548 mitipaoit
892 1498 978 1547 mare,
1034 1485 1133 1536 motus
1148 1481 1286 1537 omnibus
1303 1487 1388 1554 aptus
1401 1499 1465 1538 esse
1478 1500 1536 1539 non
1554 1488 1690 1556 potestat
1705 1487 1859 1547 elementis

150 1566 303 1638 disciplina
320 1568 420 1622 stravit
440 1570 548 1623 cetam:
578 1569 700 1624 claratra
727 1578 821 1625 antem
844 1572 895 1628 12
918 1573 981 1627 coeli
1033 1569 1213 1626 distantibus
1228 1571 1468 1627 convenireNem
1485 1573 1534 1644 qui
1560 1573 1672 1630 levibus
1697 1593 1859 1635 accommo-

150 1658 252 1712 tiarent
266 1656 397 1728 enmtlab
411 1673 488 1724 xxva,
510 1657 613 1729 6-13):
634 1657 791 1714 Voluptate
814 1660 905 1731 igitur
928 1661 979 1716 Dei
1033 1659 1090 1715 dus
1115 1663 1169 1727 est,
1196 1661 1226 1716 m
1253 1660 1458 1717 incommodus
1482 1663 1665 1734 gravioribus
1693 1664 1856 1724 elementis.

148 1743 316 1801 immobilis
330 1751 430 1803 menet
443 1750 472 1803 et
484 1751 543 1803 stat
557 1747 587 1802 in
610 1747 749 1803 suculam
773 1752 861 1816 terre,
877 1766 979 1806 secan·
1033 1748 1134 1821 ltaque
1147 1751 1264 1822 quando
1280 1751 1316 1806 ad
1332 1751 1484 1822 superiora
1499 1757 1597 1809 motus
1621 1753 1683 1810 canii
1699 1759 1744 1810 est
1759 1772 1857 1814 neces·

148 1832 1138 1933 dumEcclesiasticisseutentiamtdeclc.1,l):swalna-Batulum
1164 1839 1289 1896 terrenis
1312 1843 1468 1912 gravatam
1499 1843 1617 1914 quando
1656 1843 1690 1898 ad
1720 1844 1859 1903 interiore

146 1929 207 1980 tate
222 1923 277 1979 Dei
291 1928 435 1993 movetur,
452 1928 481 1980 et
495 1928 589 1981 nutat.
606 1926 669 1980 Nou
693 1941 761 1999 ergo
777 1927 977 1986 laudamentis
1031 1930 1173 1986 decursus
1189 1931 1239 1986 18
1255 1929 1411 2001 expetitur,
1433 1929 1537 2002 igneus
1551 1931 1634 2002 vigor
1654 1931 1703 1989 ille
1718 1933 1858 1991 violenter

148 2013 212 2070 suis
227 2013 298 2068 nixa
313 2013 458 2081 subsistit,
474 2030 528 2070 uec
542 2013 644 2071 tuleris
665 2015 728 2070 suis
746 2016 861 2073 stabilis
875 2034 976 2089 perse·
1030 2020 1198 2076 attrahitur.
1214 2018 1325 2074 Etenim
1342 2022 1442 2074 contra
1458 2025 1566 2074 natura
1583 2037 1642 2076 suin
1664 2037 1752 2078 usum
1769 2025 1855 2080 dear-

146 2106 250 2158 verat:
275 2102 327 2158 sed
351 2102 495 2158 Dominus
517 2103 621 2158 statuit
642 2119 719 2170 caru,
741 2107 770 2159 et
789 2105 975 2164 firmamento
1029 2125 1097 2164 sum
1119 2109 1240 2181 cogitur.
1267 2109 1360 2164 Omne
1393 2113 1491 2164 autem
1516 2110 1594 2181 quod
1620 2110 1649 2165 in
1675 2113 1855 2170 contrarium

147 2191 311 2248 voluntatis
325 2208 385 2246 suae
400 2192 547 2260 coutinet3
571 2193 640 2264 quia
664 2192 695 2248 in
720 2210 809 2249 manu
824 2195 890 2266 ejus
905 2201 975 2253 suut
1029 2197 1152 2269 cogitur,
1165 2215 1223 2253 non
1238 2201 1348 2253 naturae
1365 2197 1503 2265 serviens,
1530 2199 1580 2255 scd
1604 2201 1780 2268 necessitati,
1798 2203 1854 2260 uite

148 2297 252 2336 omues
265 2279 342 2335 lines
356 2285 449 2337 terre.
465 2281 501 2337 lit
514 2281 574 2337 bec
598 2281 665 2337 fidei
690 2281 863 2354 simplicitas
887 2301 974 2356 argu-
1028 2287 1161 2352 solvitur,
1175 2291 1203 2342 et
1218 2287 1247 2343 in
1259 2304 1293 2343 ea
1308 2287 1454 2342 scinditur
1475 2305 1509 2344 ex
1525 2287 1634 2360 quibus
1647 2288 1762 2346 videtur
1790 2309 1854 2350 esso

147 2368 257 2424 mentis
271 2369 409 2426 omuibus
425 2370 581 2427 antecellit.
597 2371 728 2427 laudent
742 2372 791 2427 clii
815 2374 892 2445 quod
909 2375 973 2430 ideo
1027 2376 1234 2447 compositum,
1250 2377 1280 2432 in
1296 2392 1381 2432 suam
1397 2393 1544 2449 ariumque
1565 2379 1712 2450 regionem
1729 2379 1854 2455 singulis

146 2474 296 2530 nusquam
309 2458 427 2514 decidat
441 2464 536 2528 terra;
564 2460 634 2532 quia
655 2463 818 2518 secuudum
835 2467 972 2518 naturam
1027 2466 1254 2520 recurrentibus.
1280 2465 1344 2519 llius
1368 2464 1460 2538 igitur
1482 2465 1531 2520 alii
1556 2467 1775 2526 considerantes
1794 2475 1853 2526 sta-

143 2547 175 2602 in
189 2548 291 2603 medio
306 2548 454 2620 regionem
478 2549 629 2620 possideat
647 2566 743 2618 suam,
768 2567 801 2607 eo
826 2550 903 2623 quod
919 2569 972 2607 ne·
1027 2551 1097 2608 bilia
1111 2569 1176 2608 cese
1190 2569 1246 2608 non
1264 2569 1358 2624 posse,
1376 2552 1536 2609 aethereum
1552 2571 1658 2626 corpus
1674 2557 1738 2612 cosli
1755 2558 1852 2615 stella-

143 2654 225 2694 eesse
239 2637 280 2693 sit
294 2654 360 2693 earu
374 2653 493 2693 manere
506 2637 536 2693 in
553 2639 669 2711 regione
684 2656 748 2705 sau,
773 2656 826 2696 neo
850 2641 879 2695 in
905 2657 971 2713 par·
1026 2657 1151 2714 rumque
1166 2659 1230 2698 esse
1245 2641 1376 2697 arbitrati
1389 2646 1468 2707 sant,
1481 2643 1614 2714 quintam
1630 2647 1790 2716 quamdam
1803 2665 1852 2703 na-

140 2729 202 2781 tem
231 2726 357 2782 alteram
385 2725 531 2795 inclinari,
560 2729 677 2800 quando
705 2733 806 2785 contra
834 2733 971 2786 naturam
1026 2735 1122 2786 turem
1138 2732 1266 2802 eorporis
1283 2731 1512 2794 introducentes,
1528 2747 1585 2803 quo
1601 2731 1769 2790 diuturnam
1787 2737 1851 2792 coeli

140 2832 201 2870 unu
217 2820 364 2883 mouetur,
379 2816 430 2871 sed
454 2817 615 2872 secuudum
639 2821 786 2874 natarum.
813 2819 971 2874 Praedicent
1024 2823 1162 2892 putarent
1176 2835 1347 2874 mansuram
1363 2835 1427 2875 esse
1443 2820 1651 2876 substantiam.

140 2903 266 2960 artificis
280 2904 373 2959 divini
397 2909 426 2960 et
446 2906 606 2978 operatoris
627 2907 725 2962 eterni
749 2907 968 2963 excellentiam:
1059 2910 1103 2962 24.
1120 2909 1176 2964 Sed
1193 2925 1250 2963 non
1265 2909 1323 2964 ista
1338 2908 1434 2979 opinio
1451 2909 1626 2980 propheticae
1636 2911 1851 2982 potaitobviare

139 2993 208 3064 quis
225 2993 306 3049 enim
322 2994 469 3049 artificum
484 3011 543 3050 nou
558 2995 594 3050 ab
611 2994 661 3051 illo
676 2995 808 3068 accepit?
829 3001 880 3052 aut
902 2997 969 3068 quis
1023 2997 1184 3066 sententiae,
1201 3013 1288 3070 quam
1304 2997 1402 3053 divina
1418 3013 1533 3069 epaoque
1551 3000 1665 3054 Domini
1679 2998 1749 3055 lesu
1765 3001 1850 3058 Chri·

138 3081 224 3138 dedit
238 3081 415 3138 mulieribus
426 3086 547 3139 texturae
558 3084 744 3157 sapientiam,
755 3089 806 3141 aut
819 3086 969 3142 varietatis
1023 3087 1060 3141 sti
1076 3087 1214 3156 majestas
1232 3085 1260 3140 in
1273 3085 1427 3157 Evangelio
1453 3087 1662 3158 comprobavit.
1679 3088 1757 3144 Dixit
1771 3089 1850 3146 euim

136 3171 554 3244 disciplinsmtligotamen,
571 3174 814 3246 qaiprolundum
830 3176 967 3246 majesta-
1023 3175 1132 3232 David:
1161 3176 1304 3246 Principio
1329 3179 1431 3231 terram
1460 3183 1490 3231 ta
1517 3176 1651 3246 fraudasti,
1676 3179 1799 3247 Domine,
1823 3185 1849 3236 et

139 3261 181 3315 tis
196 3260 274 3332 ejus,
299 3265 329 3316 et
352 3261 424 3316 artis
439 3261 642 3318 excellentiam
667 3279 726 3319 non
741 3279 815 3335 queo
836 3240 1003 3336 comprs-C
1022 3279 1104 3336 opera
1128 3280 1262 3318 inanuarn
1286 3265 1400 3318 taarrim
1422 3267 1488 3318 cant
1510 3265 1638 3336 crettlpsi
1659 3266 1847 3336 peribuntne

138 3348 284 3415 bendere,
300 3367 358 3405 uon
374 3350 582 3422 disputationis
605 3368 652 3408 me
672 3351 874 3409 liberameutis
888 3369 967 3409 uom-
1021 3358 1112 3408 entem
1125 3369 1278 3424 permanes,
1302 3357 1328 3408 et
1351 3354 1443 3408 amaia
1467 3354 1538 3408 sicut
1560 3355 1750 3410 vestimentum
1773 3359 1846 3412 vete·

138 3439 227 3494 mitto
243 3442 334 3511 atque
349 3438 514 3496 mensuris:
536 3441 586 3496 sed
603 3441 703 3496 omniu
716 3442 844 3514 reposita
858 3443 888 3497 iu
903 3443 968 3513 ejus
1021 3449 1138 3510 raseent,
1153 3449 1178 3497 et
1193 3449 1322 3513 tanquam
1337 3443 1468 3497 amictum
1484 3442 1602 3498 mutabis
1615 3447 1846 3510 ea,etniutabun-
1929 3497 1935 3508 ,

137 3526 440 3584 existimaroluntate
454 3529 521 3601 (98),
537 3530 614 3602 quod
626 3528 762 3585 voluutas
778 3531 842 3601 ejus
866 3531 969 3586 lunda·
1023 3535 1087 3599 tar;
1101 3534 1132 3585 tn
1143 3547 1204 3586 uero
1220 3532 1276 3601 ipae
1290 3546 1327 3600 es,
1343 3537 1369 3585 et
1385 3533 1455 3586 anni
1477 3533 1518 3586 tui
1540 3547 1597 3587 aon
1619 3533 1744 3604 deficient
1759 3533 1843 3605 (Paul.

136 3621 278 3672 mentum
293 3616 334 3672 sit
349 3617 563 3684 universorum,
589 3621 618 3674 et
641 3623 760 3692 propter
785 3635 853 3674 eum
873 3618 969 3674 adbuc
1022 3635 1059 3685 cr,
1074 3619 1180 3690 26-28).
1199 3619 1280 3684 Quod
1296 3619 1368 3674 adeo
1384 3619 1515 3692 probavit
1528 3619 1558 3675 in
1574 3621 1728 3694 Evangelio
1748 3621 1845 3678 Domi-

136 3706 276 3761 muudus
291 3705 340 3760 hie
355 3707 565 3771 maneat.Quod
582 3705 746 3779 apostoliea
771 3723 887 3780 quoque
902 3705 970 3763 lieet
1024 3726 1090 3777 nus,
1108 3713 1140 3764 ut
1154 3707 1263 3764 diceret
1282 3725 1288 3763 :
1312 3707 1415 3763 Catum
1437 3712 1463 3764 et
1485 3713 1559 3764 terra
1580 3705 1762 3782 preteribant
1777 3712 1846 3784 (30),

135 3799 275 3851 astruere
289 3793 625 3868 auctoritatisexemplo.
642 3795 790 3866 Scriptum
805 3799 850 3851 est
864 3796 967 3852 euim:
1022 3815 1085 3854 mea
1110 3805 1199 3853 autern
1234 3797 1316 3853 verta
1343 3813 1398 3851 nan
1421 3799 1610 3867 prseteritunt
1642 3797 1745 3869 (narrt.
1770 3817 1845 3868 xxv,

137 3885 214 3953 Onia
233 3884 354 3939 nanimti
375 3893 501 3939 ereotnra
524 3884 642 3956 subjecta
665 3891 704 3941 est
722 3901 779 3939 non
800 3889 903 3957 sponte,
923 3883 970 3940 aad
1023 3885 1080 3956 35).
1096 3885 1173 3941 Nihil
1186 3885 1274 3958 igitur
1289 3889 1389 3956 agunt,
1417 3884 1469 3957 qui
1494 3889 1612 3958 propter
1636 3886 1699 3941 cauli
1716 3903 1847 3944 asseren-

132 3973 969 4046 prapterenenpaisubjeeiteaminspetltorn.vur,20).Libe·
1024 3975 1093 4030 dnm
1109 3974 1343 4047 perpetuitatem,
1360 3973 1495 4045 quintam
1513 3989 1619 4046 corpas
1631 3973 1791 4031 ethereum
1807 3975 1848 4031 in-

137 4061 970 4133 rabiturautemetipsacreaturseservituteeorraptio-
1024 4063 1237 4119 traducendum
1255 4065 1410 4136 putarunt3
1427 4078 1494 4118 eam
1515 4079 1595 4134 neque
1618 4061 1736 4119 videant
1758 4063 1849 4120 dissi-

138 4151 273 4220 ameum
284 4148 390 4205 diuinae
399 4149 805 4223 renumerationisgrstiu(·29)
818 4150 969 4206 affulserit.
1025 4153 1125 4208 milam
1141 4151 1253 4209 ceteris
1263 4151 1432 4223 adjunctum
1440 4151 1659 4208 membriunius
1672 4153 1848 4225 portionem,
1958 4203 1964 4210 .

177 4241 224 4295 23.
242 4239 283 4295 De
298 4243 406 4295 natura
418 4242 517 4295 autem
528 4243 556 4294 et
571 4238 710 4311 qualitate
720 4240 891 4295 substantie
907 4238 970 4295 caeli
1026 4242 1121 4298 labam
1148 4241 1261 4312 corpori
1286 4240 1380 4312 magis
1409 4239 1511 4296 allerre
1535 4240 1728 4297 consuevisse.
1755 4241 1849 4298 Simul

139 4329 216 4401 quid
231 4344 404 4384 enumerem
418 4345 453 4384 ea
469 4344 533 4400 quc
548 4327 798 4401 disputationibus
810 4329 972 4402 suisphilo·
1025 4330 1097 4387 illud
1119 4331 1244 4398 nilverte,
1273 4330 1342 4401 quia
1365 4329 1506 4401 propbeta
1532 4330 1623 4386 David
1648 4347 1716 4386 eum
1740 4335 1849 4388 terram

138 4416 509 4490 sophitexueraut‘loum
537 4416 586 4473 alii
610 4416 971 4490 compositumeoelumex
1025 4419 1114 4493 priori
1145 4418 1207 4474 lace
1235 4417 1406 4484 nominavit,
1437 4421 1466 4473 et
1495 4422 1596 4490 postea
1626 4419 1733 4476 coelum
1762 4422 1849 4490 (Psoi.

138 4510 273 4578 quatuor
291 4505 446 4562 elementis
470 4509 619 4562 asserant:
643 4504 693 4561 alii
718 4506 850 4578 quintam
867 4523 970 4579 quam·
1025 4526 1062 4578 er,
1089 4508 1129 4579 bl,
1151 4506 1275 4563 credidit
1294 4524 1368 4580 opas
1392 4523 1457 4562 esse
1478 4507 1593 4563 Domini
1619 4507 1849 4581 declarandum;

139 4597 213 4650 dam
238 4597 376 4650 naturam
411 4593 477 4649 novi
505 4593 636 4666 corporis
668 4595 703 4650 ed
732 4594 970 4650 constitutionem
986 4613 1009 4678 Ι)
1025 4599 1143 4671 quando
1158 4595 1236 4652 enim
1250 4595 1323 4651 dicit
1348 4605 1372 4651 et
1390 4598 1464 4667 sacta
1487 4601 1551 4652 aaut
1575 4598 1848 4670 (Psal.caxv111,5),

138 4682 968 4755 ejasiuducsnt,atquealfingautaethereamessccor·
1024 4685 1099 4743 uibil
1127 4686 1248 4740 interest
1269 4683 1338 4756 quid
1365 4685 1446 4756 prius
1476 4686 1635 4759 expriment,
1666 4703 1733 4743 oum
1760 4685 1849 4742 simul

138 4788 211 4844 pus,
228 4771 276 4826 eni
291 4788 386 4843 aeque
400 4771 479 4843 ignis
493 4771 639 4827 admistus
654 4771 702 4839 sit,
727 4786 823 4844 neque
846 4790 905 4839 uer,
921 4789 971 4828 ne·
1027 4778 1185 4845 utramque
1200 4773 1238 4828 sit
1250 4773 1359 4828 lectum
1374 4791 1380 4840 ;
1397 4773 1486 4829 simul
1503 4793 1538 4831 ue
1553 4775 1613 4832 baea
1629 4773 1732 4831 saltem
1747 4791 1851 4846 praero-

140 4875 203 4931 que
215 4875 305 4929 aqua,
320 4873 415 4931 aeque
429 4862 527 4926 terru;
544 4859 622 4931 qaod
646 4858 817 4932 hujusmodi
841 4861 972 4917 clemen·
1027 4863 1125 4938 gativa
1140 4861 1210 4918 coelo
1225 4861 1328 4916 divine
1345 4861 1477 4920 videatur
1489 4864 1655 4936 adjudicata
1668 4861 1849 4930 substantiae,
1943 4934 1946 4940 Δ

140 4953 176 5003 ta
198 4963 289 5004 suurn
315 4947 474 5019 quemdem
495 4963 616 5004 cursum
642 4949 769 5005 habeant
783 4952 871 5021 atque
886 4966 972 5005 usum
1026 4956 1061 5008 at
1076 4951 1274 5025 primogenite
1290 4955 1428 5007 creaturas
1440 4953 1588 5026 privilegio
1614 4952 1711 5024 potior
1725 4951 1849 5005 aestime-

141 5040 303 5093 etmotum
327 5040 450 5104 natare,
476 5040 509 5092 ιιι
534 5038 666 5110 graviora
688 5039 870 5112 demergant,
890 5042 919 5095 et
941 5040 972 5094 iu
1026 5045 1084 5097 tur.
1101 5043 1199 5113 ltaque
1214 5039 1278 5096 illos
1294 5040 1356 5096 suis
1381 5041 1582 5113 relinquamus
1602 5037 1848 5109 contentionibus,

141 5143 274 5198 pronum
291 5126 431 5195 terantur,
447 5142 540 5183 vacua
562 5132 591 5183 et
615 5127 688 5184 levia
710 5129 741 5184 iu
765 5128 916 5200 superiora
941 5146 973 5186 se
1027 5131 1079 5203 qui
1094 5130 1205 5186 mutuis
1218 5129 1469 5202 disputationibus
1485 5145 1516 5186 se
1531 5128 1676 5184 refellunt.
1693 5126 1783 5182 Nobis
1799 5143 1850 5184 au·

144 5216 324 5289 subrigant,
347 5219 393 5271 est
411 5214 490 5271 enim
514 5216 650 5288 proprias
676 5217 781 5289 cuique
811 5223 919 5286 motus,
942 5218 972 5274 in
1026 5224 1087 5277 tem
1103 5219 1175 5276 sutis
1188 5223 1232 5275 est
1248 5219 1284 5275 ad
1300 5217 1436 5288 sulutem,
1452 5235 1510 5274 non
1534 5216 1767 5290 disputationum
1781 5232 1850 5272 cou-

143 5306 269 5378 spbaeree
285 5307 384 5360 autem
400 5304 523 5360 circuitu
538 5304 596 5361 iste
619 5305 768 5376 conlundi,
794 5311 823 5361 ct
843 5306 902 5362 vim
926 5307 972 5363 sui
1027 5309 1179 5380 troversia,
1204 5309 1254 5365 sed
1283 5313 1492 5381 praeceptorum
1528 5306 1653 5375 veritas;
1679 5321 1731 5361 nee
1761 5321 1851 5378 argu·

145 5409 253 5451 aursus
267 5393 412 5464 amittere,
429 5393 568 5465 quoniam
583 5393 697 5467 sphera
722 5393 752 5449 iu
769 5395 869 5451 orbem
884 5413 972 5453 saum
1027 5397 1215 5454 mentatianis
1230 5397 1349 5463 astutis,
1366 5396 1416 5451 sed
1432 5395 1505 5451 fides
1521 5395 1637 5465 mentis,
1649 5393 1851 5454 atserviamus

180 5520 238 5591 (28)
253 5517 332 5574 Edit.
351 5535 383 5574 ae
398 5533 470 5575 mss.
487 5535 545 5574 uon
560 5519 646 5591 pauci
658 5518 858 5590 patestatealii
874 5523 972 5576 autem
1028 5524 1111 5580 Rom.
1128 5522 1197 5579 edit.
1214 5525 1241 5576 et
1256 5519 1341 5592 pauci
1357 5535 1428 5576 mss.
1446 5522 1648 5593 eam...pleria,
1664 5526 1719 5579 ete.

142 5607 250 5648 uorem
266 5589 400 5647 melioris
415 5590 477 5659 aevi,
492 5592 640 5647 autumate.
1064 5596 1117 5667 (30)
1134 5595 1204 5650 Mes.
1230 5591 1321 5658 Colb,
1347 5591 1431 5648 Corb.
1449 5607 1526 5648 unus
1542 5599 1570 5650 et
1584 5593 1658 5651 Vict.
1675 5593 1746 5650 item
1761 5609 1848 5663 unae,

178 5665 240 5736 (29)
254 5661 306 5719 Sic
321 5662 460 5720 undecim
474 5679 546 5720 mss.
564 5663 681 5735 optima
696 5664 770 5718 notu
784 5676 817 5717 aa
832 5664 889 5718 ret.
901 5663 970 5720 edit.
1025 5667 1164 5740 peribant.
1185 5663 1257 5720 Edit.
1274 5663 1369 5728 Rom,
1385 5665 1552 5721 transibunt.
