<?xml version="1.0" encoding="UTF-8"?>
<!DOCTYPE html PUBLIC "-//W3C//DTD XHTML 1.0 Transitional//EN"
    "http://www.w3.org/TR/xhtml1/DTD/xhtml1-transitional.dtd">
<html xmlns="http://www.w3.org/1999/xhtml" xml:lang="en" lang="en">
 <head>
  <title>
</title>
<meta http-equiv="Content-Type" content="text/html;charset=utf-8" />
  <meta name='ocr-system' content='tesseract 3.04.00' />
  <meta name='ocr-capabilities' content='ocr_page ocr_carea ocr_par ocr_line ocrx_word'/>
</head>
<body>
  <div class='ocr_page' id='page_1' title='image "./patrologiaecurs31goog_0164.png"; bbox 0 0 4159 6184; ppageno 0'>
   <div class='ocr_carea' id='block_1_1' title="bbox 264 299 1965 398">
    <p class='ocr_par' dir='ltr' id='par_1_1' title="bbox 264 299 1965 398">
     <span class='ocr_line' id='line_1_1' title="bbox 264 299 1965 398; baseline 0.012 -21"><span class='ocrx_word' id='word_1_1' title='bbox 264 305 326 378; x_wconf 84' lang='lat' dir='ltr'><strong>are</strong></span> <span class='ocrx_word' id='word_1_2' title='bbox 990 317 1024 384; x_wconf 89' lang='lat' dir='ltr'><strong>s.</strong></span> <span class='ocrx_word' id='word_1_3' title='bbox 1047 299 1237 390; x_wconf 79' lang='lat' dir='ltr'><strong>aueaosh</strong></span> <span class='ocrx_word' id='word_1_4' title='bbox 1414 353 1416 358; x_wconf 94' lang='lat'>-</span> <span class='ocrx_word' id='word_1_5' title='bbox 1907 305 1965 398; x_wconf 75' lang='lat' dir='ltr'><strong>aso</strong></span> 
     </span>
    </p>
   </div>
   <div class='ocr_carea' id='block_1_2' title="bbox 248 455 1965 2501">
    <p class='ocr_par' dir='ltr' id='par_1_2' title="bbox 259 455 1965 986">
     <span class='ocr_line' id='line_1_2' title="bbox 262 455 1964 546; baseline 0.007 -32"><span class='ocrx_word' id='word_1_6' title='bbox 262 455 389 515; x_wconf 79' lang='lat' dir='ltr'><strong>sedbere</strong></span> <span class='ocrx_word' id='word_1_7' title='bbox 403 465 567 516; x_wconf 77' lang='lat' dir='ltr'><strong>conaretur.</strong></span> <span class='ocrx_word' id='word_1_8' title='bbox 581 457 644 516; x_wconf 89' lang='lat' dir='ltr'><strong>Non</strong></span> <span class='ocrx_word' id='word_1_9' title='bbox 656 456 780 515; x_wconf 88' lang='lat' dir='ltr'><strong>adorsus</strong></span> <span class='ocrx_word' id='word_1_10' title='bbox 803 461 849 517; x_wconf 91' lang='lat' dir='ltr'><strong>est</strong></span> <span class='ocrx_word' id='word_1_11' title='bbox 870 475 938 518; x_wconf 90' lang='lat' dir='ltr'><strong>eum</strong></span> <span class='ocrx_word' id='word_1_12' title='bbox 962 459 1012 532; x_wconf 91' lang='lat' dir='ltr'><strong>qui</strong></span> <span class='ocrx_word' id='word_1_13' title='bbox 1035 475 1082 514; x_wconf 85' lang='lat' dir='ltr'><strong>co·</strong></span> <span class='ocrx_word' id='word_1_14' title='bbox 1099 458 1126 524; x_wconf 71' lang='lat' dir='ltr'><strong>,i</strong></span> <span class='ocrx_word' id='word_1_15' title='bbox 1142 460 1216 533; x_wconf 87' lang='lat' dir='ltr'><strong>iiqno</strong></span> <span class='ocrx_word' id='word_1_16' title='bbox 1231 481 1284 521; x_wconf 91' lang='lat' dir='ltr'><strong>non</strong></span> <span class='ocrx_word' id='word_1_17' title='bbox 1299 463 1403 522; x_wconf 79' lang='lat' dir='ltr'><strong>addis:</strong></span> <span class='ocrx_word' id='word_1_18' title='bbox 1419 479 1492 523; x_wconf 89' lang='lat' dir='ltr'><strong>eum</strong></span> <span class='ocrx_word' id='word_1_19' title='bbox 1509 463 1545 524; x_wconf 90' lang='lat' dir='ltr'><strong>de</strong></span> <span class='ocrx_word' id='word_1_20' title='bbox 1560 481 1618 531; x_wconf 84' lang='lat' dir='ltr'><strong>uno</strong></span> <span class='ocrx_word' id='word_1_21' title='bbox 1632 465 1750 525; x_wconf 89' lang='lat' dir='ltr'><strong>tantum</strong></span> <span class='ocrx_word' id='word_1_22' title='bbox 1776 459 1856 546; x_wconf 78' lang='lat' dir='ltr'><strong>liguo</strong></span> <span class='ocrx_word' id='word_1_23' title='bbox 1871 469 1964 526; x_wconf 85' lang='lat' dir='ltr'><strong>scien-</strong></span> 
     </span>
     <span class='ocr_line' id='line_1_3' title="bbox 262 550 1965 632; baseline 0.005 -27"><span class='ocrx_word' id='word_1_24' title='bbox 262 566 324 606; x_wconf 88' lang='lat' dir='ltr'><strong>rarn</strong></span> <span class='ocrx_word' id='word_1_25' title='bbox 339 555 490 624; x_wconf 83' lang='lat' dir='ltr'><strong>acceperat</strong></span> <span class='ocrx_word' id='word_1_26' title='bbox 510 550 624 609; x_wconf 67' lang='lat' dir='ltr'><strong>caeleste</strong></span> <span class='ocrx_word' id='word_1_27' title='bbox 645 551 834 608; x_wconf 85' lang='lat' dir='ltr'><strong>mandatum:</strong></span> <span class='ocrx_word' id='word_1_28' title='bbox 860 550 990 608; x_wconf 88' lang='lat' dir='ltr'><strong>sedeam</strong></span> <span class='ocrx_word' id='word_1_29' title='bbox 1006 552 1084 608; x_wconf 74' lang='lat' dir='ltr'><strong>tw</strong></span> <span class='ocrx_word' id='word_1_30' title='bbox 1138 553 1185 608; x_wconf 81' lang='lat' dir='ltr'><strong>tia</strong></span> <span class='ocrx_word' id='word_1_31' title='bbox 1201 554 1315 612; x_wconf 85' lang='lat' dir='ltr'><strong>boniet</strong></span> <span class='ocrx_word' id='word_1_32' title='bbox 1331 554 1401 612; x_wconf 89' lang='lat' dir='ltr'><strong>maii</strong></span> <span class='ocrx_word' id='word_1_33' title='bbox 1421 555 1590 632; x_wconf 80' lang='lat' dir='ltr'><strong>preceperit</strong></span> <span class='ocrx_word' id='word_1_34' title='bbox 1600 559 1677 615; x_wconf 88' lang='lat' dir='ltr'><strong>Deua</strong></span> <span class='ocrx_word' id='word_1_35' title='bbox 1687 573 1746 615; x_wconf 89' lang='lat' dir='ltr'><strong>nou</strong></span> <span class='ocrx_word' id='word_1_36' title='bbox 1763 573 1826 615; x_wconf 87' lang='lat' dir='ltr'><strong>esse</strong></span> <span class='ocrx_word' id='word_1_37' title='bbox 1841 562 1965 632; x_wconf 82' lang='lat' dir='ltr'><strong>gustan-</strong></span> 
     </span>
     <span class='ocr_line' id='line_1_4' title="bbox 260 639 1963 719; baseline 0.005 -24"><span class='ocrx_word' id='word_1_38' title='bbox 260 640 385 696; x_wconf 90' lang='lat' dir='ltr'><strong>adorsus</strong></span> <span class='ocrx_word' id='word_1_39' title='bbox 399 646 444 698; x_wconf 88' lang='lat' dir='ltr'><strong>est</strong></span> <span class='ocrx_word' id='word_1_40' title='bbox 459 659 524 714; x_wconf 73' lang='lat' dir='ltr'><strong>quie</strong></span> <span class='ocrx_word' id='word_1_41' title='bbox 539 659 556 697; x_wconf 91' lang='lat' dir='ltr'><strong>a</strong></span> <span class='ocrx_word' id='word_1_42' title='bbox 570 642 630 697; x_wconf 90' lang='lat' dir='ltr'><strong>viro</strong></span> <span class='ocrx_word' id='word_1_43' title='bbox 646 639 797 708; x_wconf 79' lang='lat' dir='ltr'>didicerat,</span> <span class='ocrx_word' id='word_1_44' title='bbox 818 657 875 696; x_wconf 91' lang='lat' dir='ltr'><strong>non</strong></span> <span class='ocrx_word' id='word_1_45' title='bbox 898 658 916 696; x_wconf 92' lang='lat' dir='ltr'><strong>a</strong></span> <span class='ocrx_word' id='word_1_46' title='bbox 939 641 996 697; x_wconf 88' lang='lat' dir='ltr'><strong>Deo</strong></span> <span class='ocrx_word' id='word_1_47' title='bbox 1011 639 1082 713; x_wconf 90' lang='lat' dir='ltr'><strong>quid</strong></span> <span class='ocrx_word' id='word_1_48' title='bbox 1138 644 1220 702; x_wconf 91' lang='lat' dir='ltr'><strong>dum.</strong></span> <span class='ocrx_word' id='word_1_49' title='bbox 1237 645 1300 711; x_wconf 86' lang='lat' dir='ltr'><strong>Qua</strong></span> <span class='ocrx_word' id='word_1_50' title='bbox 1323 645 1436 703; x_wconf 89' lang='lat' dir='ltr'><strong>ratione</strong></span> <span class='ocrx_word' id='word_1_51' title='bbox 1460 651 1558 704; x_wconf 88' lang='lat' dir='ltr'><strong>autem</strong></span> <span class='ocrx_word' id='word_1_52' title='bbox 1582 645 1727 713; x_wconf 77' lang='lat' dir='ltr'><strong>fefellerit,</strong></span> <span class='ocrx_word' id='word_1_53' title='bbox 1752 645 1824 704; x_wconf 89' lang='lat' dir='ltr'><strong>nihil</strong></span> <span class='ocrx_word' id='word_1_54' title='bbox 1840 646 1963 719; x_wconf 89' lang='lat' dir='ltr'><strong>mirum,</strong></span> 
     </span>
     <span class='ocr_line' id='line_1_5' title="bbox 259 729 1961 811; baseline 0.005 -27"><span class='ocrx_word' id='word_1_55' title='bbox 259 729 435 797; x_wconf 85' lang='lat' dir='ltr'><strong>observaret,</strong></span> <span class='ocrx_word' id='word_1_56' title='bbox 466 735 623 802; x_wconf 86' lang='lat' dir='ltr'><strong>acceperat.</strong></span> <span class='ocrx_word' id='word_1_57' title='bbox 654 729 754 802; x_wconf 78' lang='lat' dir='ltr'><strong>Neque</strong></span> <span class='ocrx_word' id='word_1_58' title='bbox 789 729 867 786; x_wconf 88' lang='lat' dir='ltr'><strong>enim</strong></span> <span class='ocrx_word' id='word_1_59' title='bbox 896 729 987 786; x_wconf 88' lang='lat' dir='ltr'><strong>habes</strong></span> <span class='ocrx_word' id='word_1_60' title='bbox 1013 729 1082 801; x_wconf 87' lang='lat' dir='ltr'><strong>quia</strong></span> <span class='ocrx_word' id='word_1_61' title='bbox 1137 733 1205 806; x_wconf 91' lang='lat' dir='ltr'><strong>quia</strong></span> <span class='ocrx_word' id='word_1_62' title='bbox 1229 734 1265 790; x_wconf 90' lang='lat' dir='ltr'><strong>iis</strong></span> <span class='ocrx_word' id='word_1_63' title='bbox 1288 735 1339 807; x_wconf 90' lang='lat' dir='ltr'><strong>qui</strong></span> <span class='ocrx_word' id='word_1_64' title='bbox 1366 735 1494 811; x_wconf 85' lang='lat' dir='ltr'><strong>aliquem</strong></span> <span class='ocrx_word' id='word_1_65' title='bbox 1525 735 1765 792; x_wconf 82' lang='lat' dir='ltr'><strong>circumscribere</strong></span> <span class='ocrx_word' id='word_1_66' title='bbox 1804 741 1961 804; x_wconf 87' lang='lat' dir='ltr'><strong>conantur,</strong></span> 
     </span>
     <span class='ocr_line' id='line_1_6' title="bbox 260 818 1961 899; baseline 0.005 -25"><span class='ocrx_word' id='word_1_67' title='bbox 260 819 376 876; x_wconf 89' lang='lat' dir='ltr'><strong>mulieri</strong></span> <span class='ocrx_word' id='word_1_68' title='bbox 401 819 474 875; x_wconf 77' lang='lat' dir='ltr'><strong>dixit</strong></span> <span class='ocrx_word' id='word_1_69' title='bbox 499 821 582 885; x_wconf 80' lang='lat' dir='ltr'><strong>oeus,</strong></span> <span class='ocrx_word' id='word_1_70' title='bbox 608 819 658 874; x_wconf 91' lang='lat' dir='ltr'><strong>sed</strong></span> <span class='ocrx_word' id='word_1_71' title='bbox 682 819 752 890; x_wconf 89' lang='lat' dir='ltr'><strong>quia</strong></span> <span class='ocrx_word' id='word_1_72' title='bbox 773 820 842 873; x_wconf 74' lang='lat' dir='ltr'><strong>hdo</strong></span> <span class='ocrx_word' id='word_1_73' title='bbox 865 818 955 886; x_wconf 86' lang='lat' dir='ltr'><strong>dixit;</strong></span> <span class='ocrx_word' id='word_1_74' title='bbox 970 822 999 874; x_wconf 89' lang='lat' dir='ltr'><strong>ct</strong></span> <span class='ocrx_word' id='word_1_75' title='bbox 1014 818 1079 874; x_wconf 89' lang='lat' dir='ltr'><strong>ideo</strong></span> <span class='ocrx_word' id='word_1_76' title='bbox 1136 825 1316 880; x_wconf 88' lang='lat' dir='ltr'><strong>consuetudo</strong></span> <span class='ocrx_word' id='word_1_77' title='bbox 1331 828 1376 881; x_wconf 92' lang='lat' dir='ltr'><strong>est</strong></span> <span class='ocrx_word' id='word_1_78' title='bbox 1394 825 1504 882; x_wconf 82' lang='lat' dir='ltr'><strong>fellere.</strong></span> <span class='ocrx_word' id='word_1_79' title='bbox 1519 823 1582 881; x_wconf 93' lang='lat' dir='ltr'><strong>Non</strong></span> <span class='ocrx_word' id='word_1_80' title='bbox 1603 829 1649 881; x_wconf 91' lang='lat' dir='ltr'><strong>est</strong></span> <span class='ocrx_word' id='word_1_81' title='bbox 1663 825 1753 899; x_wconf 83' lang='lat' dir='ltr'><strong>igitur</strong></span> <span class='ocrx_word' id='word_1_82' title='bbox 1767 825 1961 898; x_wconf 83' lang='lat' dir='ltr'><strong>interrogatio</strong></span> 
     </span>
     <span class='ocr_line' id='line_1_7' title="bbox 259 907 1960 986; baseline 0.004 -22"><span class='ocrx_word' id='word_1_83' title='bbox 259 923 311 980; x_wconf 79' lang='lat' dir='ltr'><strong>per</strong></span> <span class='ocrx_word' id='word_1_84' title='bbox 326 909 419 964; x_wconf 82' lang='lat' dir='ltr'><strong>Adam</strong></span> <span class='ocrx_word' id='word_1_85' title='bbox 434 909 604 980; x_wconf 83' lang='lat' dir='ltr'><strong>cognovisse</strong></span> <span class='ocrx_word' id='word_1_86' title='bbox 619 907 726 964; x_wconf 90' lang='lat' dir='ltr'><strong>mulier</strong></span> <span class='ocrx_word' id='word_1_87' title='bbox 741 909 914 966; x_wconf 74' lang='lat' dir='ltr'><strong>aestimanda</strong></span> <span class='ocrx_word' id='word_1_88' title='bbox 929 912 985 965; x_wconf 88' lang='lat' dir='ltr'><strong>est.</strong></span> <span class='ocrx_word' id='word_1_89' title='bbox 1136 912 1230 969; x_wconf 89' lang='lat' dir='ltr'><strong>otiosa</strong></span> <span class='ocrx_word' id='word_1_90' title='bbox 1244 914 1398 986; x_wconf 88' lang='lat' dir='ltr'><strong>serpentis.</strong></span> <span class='ocrx_word' id='word_1_91' title='bbox 1423 913 1479 971; x_wconf 86' lang='lat' dir='ltr'><strong>Sed</strong></span> <span class='ocrx_word' id='word_1_92' title='bbox 1495 918 1528 970; x_wconf 88' lang='lat' dir='ltr'><strong>ut</strong></span> <span class='ocrx_word' id='word_1_93' title='bbox 1542 914 1618 971; x_wconf 87' lang='lat' dir='ltr'><strong>scias</strong></span> <span class='ocrx_word' id='word_1_94' title='bbox 1633 913 1663 969; x_wconf 93' lang='lat' dir='ltr'><strong>in</strong></span> <span class='ocrx_word' id='word_1_95' title='bbox 1686 914 1824 971; x_wconf 87' lang='lat' dir='ltr'><strong>mandato</strong></span> <span class='ocrx_word' id='word_1_96' title='bbox 1844 914 1960 971; x_wconf 90' lang='lat' dir='ltr'><strong>nullum</strong></span> 
     </span>
    </p>

    <p class='ocr_par' dir='ltr' id='par_1_3' title="bbox 248 996 1963 2501">
     <span class='ocr_line' id='line_1_8' title="bbox 293 996 1959 1076; baseline 0.004 -24"><span class='ocrx_word' id='word_1_97' title='bbox 293 998 336 1052; x_wconf 91' lang='grc'><strong>55.</strong></span> <span class='ocrx_word' id='word_1_98' title='bbox 354 997 536 1069; x_wconf 79' lang='lat' dir='ltr'><strong>Cognoscere</strong></span> <span class='ocrx_word' id='word_1_99' title='bbox 552 997 642 1070; x_wconf 83' lang='lat' dir='ltr'><strong>igitur</strong></span> <span class='ocrx_word' id='word_1_100' title='bbox 656 996 782 1052; x_wconf 89' lang='lat' dir='ltr'><strong>hocloco</strong></span> <span class='ocrx_word' id='word_1_101' title='bbox 792 998 961 1053; x_wconf 88' lang='lat' dir='ltr'><strong>tentamenti</strong></span> <span class='ocrx_word' id='word_1_102' title='bbox 974 1012 1079 1069; x_wconf 79' lang='lat' dir='ltr'><strong>gentis,</strong></span> <span class='ocrx_word' id='word_1_103' title='bbox 1134 999 1238 1057; x_wconf 88' lang='lat' dir='ltr'><strong>vitium</strong></span> <span class='ocrx_word' id='word_1_104' title='bbox 1254 1017 1318 1058; x_wconf 90' lang='lat' dir='ltr'><strong>esee</strong></span> <span class='ocrx_word' id='word_1_105' title='bbox 1339 1001 1480 1075; x_wconf 86' lang='lat' dir='ltr'><strong>potuisse,</strong></span> <span class='ocrx_word' id='word_1_106' title='bbox 1495 1003 1647 1076; x_wconf 84' lang='lat' dir='ltr'><strong>respoudit</strong></span> <span class='ocrx_word' id='word_1_107' title='bbox 1663 1002 1779 1070; x_wconf 88' lang='lat' dir='ltr'><strong>mulier,</strong></span> <span class='ocrx_word' id='word_1_108' title='bbox 1796 1007 1830 1058; x_wconf 94' lang='lat' dir='ltr'><strong>ut</strong></span> <span class='ocrx_word' id='word_1_109' title='bbox 1845 1002 1959 1059; x_wconf 86' lang='lat' dir='ltr'><strong>habos:</strong></span> 
     </span>
     <span class='ocr_line' id='line_1_9' title="bbox 257 1081 1960 1166; baseline 0.006 -28"><span class='ocrx_word' id='word_1_110' title='bbox 257 1081 384 1157; x_wconf 88' lang='lat' dir='ltr'><strong>piurima</strong></span> <span class='ocrx_word' id='word_1_111' title='bbox 399 1084 486 1140; x_wconf 91' lang='lat' dir='ltr'><strong>etiam</strong></span> <span class='ocrx_word' id='word_1_112' title='bbox 503 1085 569 1142; x_wconf 90' lang='lat' dir='ltr'><strong>aliis</strong></span> <span class='ocrx_word' id='word_1_113' title='bbox 585 1086 655 1142; x_wconf 90' lang='lat' dir='ltr'><strong>iocis</strong></span> <span class='ocrx_word' id='word_1_114' title='bbox 670 1086 844 1142; x_wconf 74' lang='lat' dir='ltr'><strong>tentamenti</strong></span> <span class='ocrx_word' id='word_1_115' title='bbox 867 1103 974 1158; x_wconf 88' lang='lat' dir='ltr'><strong>genera</strong></span> <span class='ocrx_word' id='word_1_116' title='bbox 997 1101 1079 1158; x_wconf 90' lang='lat' dir='ltr'><strong>repe·</strong></span> <span class='ocrx_word' id='word_1_117' title='bbox 1133 1091 1175 1146; x_wconf 78' lang='lat' dir='ltr'><strong>Ee</strong></span> <span class='ocrx_word' id='word_1_118' title='bbox 1188 1093 1264 1148; x_wconf 89' lang='lat' dir='ltr'><strong>omni</strong></span> <span class='ocrx_word' id='word_1_119' title='bbox 1289 1091 1363 1162; x_wconf 85' lang='lat' dir='ltr'><strong>liqna</strong></span> <span class='ocrx_word' id='word_1_120' title='bbox 1385 1092 1513 1166; x_wconf 84' lang='lat' dir='ltr'><strong>paradisi</strong></span> <span class='ocrx_word' id='word_1_121' title='bbox 1535 1092 1785 1149; x_wconf 78' lang='lat' dir='ltr'><strong>manducabimus:</strong></span> <span class='ocrx_word' id='word_1_122' title='bbox 1808 1092 1843 1148; x_wconf 86' lang='lat' dir='ltr'><strong>de</strong></span> <span class='ocrx_word' id='word_1_123' title='bbox 1867 1095 1960 1164; x_wconf 73' lang='lat' dir='ltr'><strong>fructu</strong></span> 
     </span>
     <span class='ocr_line' id='line_1_10' title="bbox 257 1172 1959 1255; baseline 0.006 -29"><span class='ocrx_word' id='word_1_124' title='bbox 257 1173 324 1228; x_wconf 85' lang='lat' dir='ltr'><strong>ries.</strong></span> <span class='ocrx_word' id='word_1_125' title='bbox 341 1172 406 1229; x_wconf 76' lang='lat' dir='ltr'><strong>Alia</strong></span> <span class='ocrx_word' id='word_1_126' title='bbox 420 1179 490 1230; x_wconf 87' lang='lat' dir='ltr'><strong>sunt</strong></span> <span class='ocrx_word' id='word_1_127' title='bbox 500 1191 551 1246; x_wconf 89' lang='lat' dir='ltr'><strong>per</strong></span> <span class='ocrx_word' id='word_1_128' title='bbox 562 1175 722 1248; x_wconf 88' lang='lat' dir='ltr'><strong>principem</strong></span> <span class='ocrx_word' id='word_1_129' title='bbox 732 1174 818 1231; x_wconf 89' lang='lat' dir='ltr'><strong>istius</strong></span> <span class='ocrx_word' id='word_1_130' title='bbox 830 1176 930 1231; x_wconf 89' lang='lat' dir='ltr'><strong>mundi</strong></span> <span class='ocrx_word' id='word_1_131' title='bbox 941 1175 992 1247; x_wconf 91' lang='lat' dir='ltr'><strong>qui</strong></span> <span class='ocrx_word' id='word_1_132' title='bbox 1003 1190 1080 1247; x_wconf 87' lang='lat' dir='ltr'><strong>quae·</strong></span> <span class='ocrx_word' id='word_1_133' title='bbox 1132 1184 1225 1236; x_wconf 86' lang='lat' dir='ltr'><strong>autem</strong></span> <span class='ocrx_word' id='word_1_134' title='bbox 1239 1183 1309 1250; x_wconf 77' lang='lat' dir='ltr'><strong>tiqni</strong></span> <span class='ocrx_word' id='word_1_135' title='bbox 1322 1181 1393 1254; x_wconf 87' lang='lat' dir='ltr'><strong>qued</strong></span> <span class='ocrx_word' id='word_1_136' title='bbox 1412 1187 1452 1238; x_wconf 88' lang='lat' dir='ltr'><strong>est</strong></span> <span class='ocrx_word' id='word_1_137' title='bbox 1467 1183 1498 1238; x_wconf 87' lang='lat' dir='ltr'><strong>in</strong></span> <span class='ocrx_word' id='word_1_138' title='bbox 1511 1181 1600 1239; x_wconf 90' lang='lat' dir='ltr'><strong>medio</strong></span> <span class='ocrx_word' id='word_1_139' title='bbox 1622 1181 1763 1255; x_wconf 83' lang='lat' dir='ltr'><strong>paradiso,</strong></span> <span class='ocrx_word' id='word_1_140' title='bbox 1779 1181 1853 1237; x_wconf 78' lang='lat' dir='ltr'><strong>dixit</strong></span> <span class='ocrx_word' id='word_1_141' title='bbox 1867 1182 1959 1237; x_wconf 82' lang='lat' dir='ltr'><strong>Dens:</strong></span> 
     </span>
     <span class='ocr_line' id='line_1_11' title="bbox 256 1262 1961 1344; baseline 0.006 -28"><span class='ocrx_word' id='word_1_142' title='bbox 256 1262 323 1317; x_wconf 91' lang='lat' dir='ltr'><strong>dam</strong></span> <span class='ocrx_word' id='word_1_143' title='bbox 338 1279 450 1319; x_wconf 90' lang='lat' dir='ltr'><strong>venena</strong></span> <span class='ocrx_word' id='word_1_144' title='bbox 464 1263 614 1336; x_wconf 77' lang='lat' dir='ltr'><strong>sapientiae</strong></span> <span class='ocrx_word' id='word_1_145' title='bbox 630 1265 658 1318; x_wconf 92' lang='lat' dir='ltr'><strong>iu</strong></span> <span class='ocrx_word' id='word_1_146' title='bbox 674 1264 752 1320; x_wconf 93' lang='lat' dir='ltr'><strong>hunc</strong></span> <span class='ocrx_word' id='word_1_147' title='bbox 773 1265 915 1320; x_wconf 89' lang='lat' dir='ltr'><strong>mundum</strong></span> <span class='ocrx_word' id='word_1_148' title='bbox 931 1263 1077 1332; x_wconf 88' lang='lat' dir='ltr'><strong>evomuit;</strong></span> <span class='ocrx_word' id='word_1_149' title='bbox 1132 1267 1510 1336; x_wconf 73' lang='lat' dir='ltr'><strong>Nonmandacebitiseaem</strong></span> <span class='ocrx_word' id='word_1_150' title='bbox 1526 1271 1740 1344; x_wconf 82' lang='lat' dir='ltr'><strong>nequetonqotis</strong></span> <span class='ocrx_word' id='word_1_151' title='bbox 1765 1271 1841 1326; x_wconf 76' lang='grc' dir='ltr'><strong>ΠΙ</strong></span> <span class='ocrx_word' id='word_1_152' title='bbox 1868 1285 1961 1340; x_wconf 79' lang='lat' dir='ltr'><strong>exeo,</strong></span> 
     </span>
     <span class='ocr_line' id='line_1_12' title="bbox 256 1352 1963 1432; baseline 0.004 -26"><span class='ocrx_word' id='word_1_153' title='bbox 256 1355 289 1406; x_wconf 93' lang='lat' dir='ltr'><strong>ut</strong></span> <span class='ocrx_word' id='word_1_154' title='bbox 303 1369 369 1408; x_wconf 90' lang='lat' dir='ltr'><strong>vera</strong></span> <span class='ocrx_word' id='word_1_155' title='bbox 398 1357 534 1425; x_wconf 82' lang='lat' dir='ltr'><strong>putarent</strong></span> <span class='ocrx_word' id='word_1_156' title='bbox 561 1353 696 1409; x_wconf 90' lang='lat' dir='ltr'><strong>homines</strong></span> <span class='ocrx_word' id='word_1_157' title='bbox 722 1370 787 1410; x_wconf 92' lang='lat' dir='ltr'><strong>esse</strong></span> <span class='ocrx_word' id='word_1_158' title='bbox 815 1370 879 1426; x_wconf 77' lang='lat' dir='ltr'><strong>quae</strong></span> <span class='ocrx_word' id='word_1_159' title='bbox 908 1352 1077 1420; x_wconf 85' lang='lat' dir='ltr'><strong>salsasunt,</strong></span> <span class='ocrx_word' id='word_1_160' title='bbox 1130 1364 1266 1416; x_wconf 81' lang='lat' dir='ltr'><strong>nemorte</strong></span> <span class='ocrx_word' id='word_1_161' title='bbox 1287 1361 1449 1417; x_wconf 87' lang='lat' dir='ltr'><strong>moriamini</strong></span> <span class='ocrx_word' id='word_1_162' title='bbox 1471 1359 1550 1432; x_wconf 83' lang='lat' dir='ltr'><strong>(ibid.</strong></span> <span class='ocrx_word' id='word_1_163' title='bbox 1574 1361 1601 1426; x_wconf 85' lang='lat'><strong>2,</strong></span> <span class='ocrx_word' id='word_1_164' title='bbox 1618 1359 1656 1430; x_wconf 86' lang='lat'><strong>3).</strong></span> <span class='ocrx_word' id='word_1_165' title='bbox 1678 1360 1709 1414; x_wconf 94' lang='lat' dir='ltr'><strong>ln</strong></span> <span class='ocrx_word' id='word_1_166' title='bbox 1733 1359 1873 1414; x_wconf 87' lang='lat' dir='ltr'><strong>mandato</strong></span> <span class='ocrx_word' id='word_1_167' title='bbox 1890 1357 1963 1430; x_wconf 92' lang='lat' dir='ltr'><strong>qui-</strong></span> 
     </span>
     <span class='ocr_line' id='line_1_13' title="bbox 254 1442 1959 1516; baseline -0.002 -12"><span class='ocrx_word' id='word_1_168' title='bbox 254 1446 284 1498; x_wconf 88' lang='lat' dir='ltr'><strong>et</strong></span> <span class='ocrx_word' id='word_1_169' title='bbox 292 1442 523 1515; x_wconf 84' lang='lat' dir='ltr'><strong>speciequadam</strong></span> <span class='ocrx_word' id='word_1_170' title='bbox 534 1443 688 1499; x_wconf 86' lang='lat' dir='ltr'><strong>hominum</strong></span> <span class='ocrx_word' id='word_1_171' title='bbox 705 1447 858 1516; x_wconf 79' lang='lat' dir='ltr'><strong>caperetur</strong></span> <span class='ocrx_word' id='word_1_172' title='bbox 872 1442 1077 1498; x_wconf 73' lang='lat' dir='ltr'><strong>affectusNon</strong></span> <span class='ocrx_word' id='word_1_173' title='bbox 1132 1452 1198 1506; x_wconf 83' lang='lat' dir='ltr'><strong>dem</strong></span> <span class='ocrx_word' id='word_1_174' title='bbox 1223 1449 1337 1506; x_wconf 87' lang='lat' dir='ltr'><strong>nullum</strong></span> <span class='ocrx_word' id='word_1_175' title='bbox 1354 1449 1457 1505; x_wconf 86' lang='lat' dir='ltr'><strong>vitium</strong></span> <span class='ocrx_word' id='word_1_176' title='bbox 1472 1452 1526 1515; x_wconf 83' lang='lat' dir='ltr'><strong>eet,</strong></span> <span class='ocrx_word' id='word_1_177' title='bbox 1543 1447 1592 1504; x_wconf 85' lang='lat' dir='ltr'><strong>sed</strong></span> <span class='ocrx_word' id='word_1_178' title='bbox 1608 1448 1639 1503; x_wconf 90' lang='lat' dir='ltr'><strong>in</strong></span> <span class='ocrx_word' id='word_1_179' title='bbox 1655 1446 1793 1503; x_wconf 85' lang='lat' dir='ltr'><strong>relatione</strong></span> <span class='ocrx_word' id='word_1_180' title='bbox 1810 1447 1959 1502; x_wconf 82' lang='lat' dir='ltr'><strong>mandati.</strong></span> 
     </span>
     <span class='ocr_line' id='line_1_14' title="bbox 255 1531 1957 1613; baseline 0.001 -25"><span class='ocrx_word' id='word_1_181' title='bbox 255 1533 333 1588; x_wconf 91' lang='lat' dir='ltr'><strong>enim</strong></span> <span class='ocrx_word' id='word_1_182' title='bbox 349 1549 465 1605; x_wconf 80' lang='lat' dir='ltr'><strong>semper</strong></span> <span class='ocrx_word' id='word_1_183' title='bbox 479 1531 563 1604; x_wconf 88' lang='lat' dir='ltr'><strong>quasi</strong></span> <span class='ocrx_word' id='word_1_184' title='bbox 576 1537 695 1604; x_wconf 89' lang='lat' dir='ltr'><strong>apertus</strong></span> <span class='ocrx_word' id='word_1_185' title='bbox 718 1532 812 1588; x_wconf 87' lang='lat' dir='ltr'><strong>hostis</strong></span> <span class='ocrx_word' id='word_1_186' title='bbox 827 1532 1009 1605; x_wconf 81' lang='lat' dir='ltr'><strong>ingreditur:</strong></span> <span class='ocrx_word' id='word_1_187' title='bbox 1025 1531 1077 1587; x_wconf 91' lang='lat' dir='ltr'><strong>sed</strong></span> <span class='ocrx_word' id='word_1_188' title='bbox 1132 1539 1244 1598; x_wconf 69' lang='lat' dir='ltr'><strong>Etenim</strong></span> <span class='ocrx_word' id='word_1_189' title='bbox 1260 1543 1406 1613; x_wconf 71' lang='lat' dir='ltr'><strong>quantum</strong></span> <span class='ocrx_word' id='word_1_190' title='bbox 1429 1553 1557 1611; x_wconf 72' lang='lat' dir='ltr'><strong>presens</strong></span> <span class='ocrx_word' id='word_1_191' title='bbox 1584 1535 1669 1594; x_wconf 88' lang='lat' dir='ltr'><strong>lectio</strong></span> <span class='ocrx_word' id='word_1_192' title='bbox 1691 1537 1786 1602; x_wconf 91' lang='lat' dir='ltr'><strong>docet,</strong></span> <span class='ocrx_word' id='word_1_193' title='bbox 1810 1535 1957 1592; x_wconf 83' lang='lat' dir='ltr'><strong>discimus</strong></span> 
     </span>
     <span class='ocr_line' id='line_1_15' title="bbox 254 1620 1955 1700; baseline -0.008 -6"><span class='ocrx_word' id='word_1_194' title='bbox 254 1625 324 1678; x_wconf 65' lang='lat' dir='ltr'><strong>sunt</strong></span> <span class='ocrx_word' id='word_1_195' title='bbox 345 1623 478 1694; x_wconf 66' lang='lat' dir='ltr'><strong>‘iUffldtffl</strong></span> <span class='ocrx_word' id='word_1_196' title='bbox 500 1623 659 1694; x_wconf 66' lang='lat' dir='ltr'><strong>i³⁰ttstt²tes</strong></span> <span class='ocrx_word' id='word_1_197' title='bbox 681 1638 745 1692; x_wconf 65' lang='lat' dir='ltr'><strong>(1¹¹ae</strong></span> <span class='ocrx_word' id='word_1_198' title='bbox 769 1637 899 1677; x_wconf 61' lang='lat' dir='ltr'><strong>umorem</strong></span> <span class='ocrx_word' id='word_1_199' title='bbox 924 1620 1075 1686; x_wconf 67' lang='lat' dir='ltr'><strong>simulent,</strong></span> <span class='ocrx_word' id='word_1_200' title='bbox 1131 1629 1205 1686; x_wconf 92' lang='lat' dir='ltr'><strong>nihil</strong></span> <span class='ocrx_word' id='word_1_201' title='bbox 1215 1627 1259 1685; x_wconf 86' lang='lat' dir='ltr'><strong>vel</strong></span> <span class='ocrx_word' id='word_1_202' title='bbox 1271 1625 1414 1684; x_wconf 90' lang='lat' dir='ltr'><strong>cautionis</strong></span> <span class='ocrx_word' id='word_1_203' title='bbox 1439 1627 1667 1700; x_wconf 84' lang='lat' dir='ltr'><strong>gretiejungere</strong></span> <span class='ocrx_word' id='word_1_204' title='bbox 1680 1641 1733 1681; x_wconf 90' lang='lat' dir='ltr'><strong>nos</strong></span> <span class='ocrx_word' id='word_1_205' title='bbox 1749 1625 1852 1680; x_wconf 91' lang='lat' dir='ltr'><strong>dehere</strong></span> <span class='ocrx_word' id='word_1_206' title='bbox 1868 1641 1955 1680; x_wconf 92' lang='lat' dir='ltr'><strong>man-</strong></span> 
     </span>
     <span class='ocr_line' id='line_1_16' title="bbox 253 1709 1957 1790; baseline -0.005 -12"><span class='ocrx_word' id='word_1_207' title='bbox 253 1712 437 1790; x_wconf 72' lang='lat' dir='ltr'><strong>gratiamque</strong></span> <span class='ocrx_word' id='word_1_208' title='bbox 458 1712 655 1784; x_wconf 60' lang='lat' dir='ltr'><strong>pretendere</strong></span> <span class='ocrx_word' id='word_1_209' title='bbox 679 1716 713 1766; x_wconf 79' lang='lat' dir='ltr'><strong>ui</strong></span> <span class='ocrx_word' id='word_1_210' title='bbox 736 1710 877 1783; x_wconf 74' lang='lat' dir='ltr'><strong>paulatim</strong></span> <span class='ocrx_word' id='word_1_211' title='bbox 893 1709 1076 1784; x_wconf 75' lang='lat' dir='ltr'><strong>cogitaueri-</strong></span> <span class='ocrx_word' id='word_1_212' title='bbox 1131 1720 1208 1776; x_wconf 77' lang='lat' dir='ltr'><strong>dcto.</strong></span> <span class='ocrx_word' id='word_1_213' title='bbox 1225 1717 1339 1790; x_wconf 81' lang='lat' dir='ltr'><strong>Siquid</strong></span> <span class='ocrx_word' id='word_1_214' title='bbox 1356 1715 1435 1774; x_wconf 84' lang='lat' dir='ltr'><strong>enim</strong></span> <span class='ocrx_word' id='word_1_215' title='bbox 1450 1715 1494 1772; x_wconf 82' lang='lat' dir='ltr'><strong>vel</strong></span> <span class='ocrx_word' id='word_1_216' title='bbox 1510 1715 1601 1772; x_wconf 84' lang='lat' dir='ltr'><strong>addas</strong></span> <span class='ocrx_word' id='word_1_217' title='bbox 1615 1713 1659 1771; x_wconf 82' lang='lat' dir='ltr'><strong>vel</strong></span> <span class='ocrx_word' id='word_1_218' title='bbox 1679 1713 1827 1781; x_wconf 75' lang='lat' dir='ltr'><strong>detrahas,</strong></span> <span class='ocrx_word' id='word_1_219' title='bbox 1843 1729 1957 1786; x_wconf 76' lang='lat' dir='ltr'><strong>preva-</strong></span> 
     </span>
     <span class='ocr_line' id='line_1_17' title="bbox 253 1798 1960 1894; baseline -0.002 -30"><span class='ocrx_word' id='word_1_220' title='bbox 253 1801 309 1857; x_wconf 81' lang='lat' dir='ltr'><strong>bus</strong></span> <span class='ocrx_word' id='word_1_221' title='bbox 337 1799 447 1857; x_wconf 69' lang='lat' dir='ltr'><strong>uostris</strong></span> <span class='ocrx_word' id='word_1_222' title='bbox 473 1817 616 1856; x_wconf 74' lang='lat' dir='ltr'><strong>vencnum</strong></span> <span class='ocrx_word' id='word_1_223' title='bbox 646 1817 705 1856; x_wconf 72' lang='lat' dir='ltr'><strong>ouo</strong></span> <span class='ocrx_word' id='word_1_224' title='bbox 729 1798 893 1872; x_wconf 69' lang='lat' dir='ltr'><strong>totquttotto</strong></span> <span class='ocrx_word' id='word_1_225' title='bbox 918 1799 1074 1866; x_wconf 89' lang='lat' dir='ltr'><strong>niundant,</strong></span> <span class='ocrx_word' id='word_1_226' title='bbox 1090 1829 1114 1894; x_wconf 78' lang='grc' dir='ltr'>Β</span> <span class='ocrx_word' id='word_1_227' title='bbox 1130 1807 1230 1864; x_wconf 90' lang='lat' dir='ltr'><strong>ricatio</strong></span> <span class='ocrx_word' id='word_1_228' title='bbox 1252 1807 1386 1879; x_wconf 75' lang='lat' dir='ltr'><strong>quedam</strong></span> <span class='ocrx_word' id='word_1_229' title='bbox 1410 1805 1527 1861; x_wconf 80' lang='lat' dir='ltr'><strong>videtur</strong></span> <span class='ocrx_word' id='word_1_230' title='bbox 1547 1819 1611 1861; x_wconf 88' lang='lat' dir='ltr'><strong>esee</strong></span> <span class='ocrx_word' id='word_1_231' title='bbox 1627 1803 1768 1859; x_wconf 87' lang='lat' dir='ltr'><strong>mandati.</strong></span> <span class='ocrx_word' id='word_1_232' title='bbox 1786 1803 1862 1858; x_wconf 90' lang='lat' dir='ltr'><strong>Pura</strong></span> <span class='ocrx_word' id='word_1_233' title='bbox 1876 1803 1960 1860; x_wconf 89' lang='lat' dir='ltr'><strong>enim</strong></span> 
     </span>
     <span class='ocr_line' id='line_1_18' title="bbox 252 1888 1959 1970; baseline -0.002 -22"><span class='ocrx_word' id='word_1_234' title='bbox 252 1908 270 1948; x_wconf 93' lang='lat' dir='ltr'><strong>a</strong></span> <span class='ocrx_word' id='word_1_235' title='bbox 297 1890 405 1963; x_wconf 89' lang='lat' dir='ltr'><strong>quibus</strong></span> <span class='ocrx_word' id='word_1_236' title='bbox 433 1889 568 1946; x_wconf 88' lang='lat' dir='ltr'><strong>oriuntur</strong></span> <span class='ocrx_word' id='word_1_237' title='bbox 595 1888 646 1945; x_wconf 87' lang='lat' dir='ltr'><strong>iila</strong></span> <span class='ocrx_word' id='word_1_238' title='bbox 666 1894 786 1960; x_wconf 89' lang='lat' dir='ltr'><strong>peccata</strong></span> <span class='ocrx_word' id='word_1_239' title='bbox 811 1905 875 1960; x_wconf 81' lang='lat' dir='ltr'><strong>quae</strong></span> <span class='ocrx_word' id='word_1_240' title='bbox 898 1888 942 1944; x_wconf 90' lang='lat' dir='ltr'><strong>vel</strong></span> <span class='ocrx_word' id='word_1_241' title='bbox 967 1905 1001 1944; x_wconf 83' lang='lat' dir='ltr'><strong>ex</strong></span> <span class='ocrx_word' id='word_1_242' title='bbox 1023 1888 1073 1944; x_wconf 88' lang='lat' dir='ltr'><strong>de·</strong></span> <span class='ocrx_word' id='word_1_243' title='bbox 1129 1898 1158 1970; x_wconf 84' lang='grc'><strong>(3</strong></span> <span class='ocrx_word' id='word_1_244' title='bbox 1172 1914 1216 1970; x_wconf 76' lang='lat' dir='ltr'><strong>qq.</strong></span> <span class='ocrx_word' id='word_1_245' title='bbox 1233 1913 1272 1964; x_wconf 72' lang='grc' dir='ltr'><strong>ιχ,</strong></span> <span class='ocrx_word' id='word_1_246' title='bbox 1289 1912 1317 1951; x_wconf 78' lang='lat'><strong>0,</strong></span> <span class='ocrx_word' id='word_1_247' title='bbox 1334 1893 1419 1968; x_wconf 81' lang='lat' dir='ltr'><strong>Poro)</strong></span> <span class='ocrx_word' id='word_1_248' title='bbox 1443 1898 1472 1951; x_wconf 85' lang='lat' dir='ltr'><strong>et</strong></span> <span class='ocrx_word' id='word_1_249' title='bbox 1496 1892 1622 1966; x_wconf 79' lang='lat' dir='ltr'><strong>simplex</strong></span> <span class='ocrx_word' id='word_1_250' title='bbox 1636 1891 1767 1948; x_wconf 84' lang='lat' dir='ltr'><strong>mandati</strong></span> <span class='ocrx_word' id='word_1_251' title='bbox 1784 1892 1880 1948; x_wconf 80' lang='lat' dir='ltr'><strong>forma</strong></span> <span class='ocrx_word' id='word_1_252' title='bbox 1895 1909 1959 1948; x_wconf 86' lang='lat' dir='ltr'><strong>ser-</strong></span> 
     </span>
     <span class='ocr_line' id='line_1_19' title="bbox 251 1976 1959 2053; baseline -0.005 -7"><span class='ocrx_word' id='word_1_253' title='bbox 251 1978 476 2046; x_wconf 86' lang='lat' dir='ltr'><strong>lectationc‚vel</strong></span> <span class='ocrx_word' id='word_1_254' title='bbox 503 1995 538 2034; x_wconf 64' lang='lat' dir='ltr'><strong>tt</strong></span> <span class='ocrx_word' id='word_1_255' title='bbox 566 1977 693 2050; x_wconf 90' lang='lat' dir='ltr'><strong>quadam</strong></span> <span class='ocrx_word' id='word_1_256' title='bbox 720 1977 828 2033; x_wconf 63' lang='lat' dir='ltr'><strong>menttS</strong></span> <span class='ocrx_word' id='word_1_257' title='bbox 854 1976 992 2033; x_wconf 67' lang='lat' dir='ltr'><strong>fuottttuto</strong></span> <span class='ocrx_word' id='word_1_258' title='bbox 1021 1993 1075 2032; x_wconf 80' lang='lat' dir='ltr'><strong>oo·</strong></span> <span class='ocrx_word' id='word_1_259' title='bbox 1127 1987 1231 2053; x_wconf 86' lang='lat' dir='ltr'><strong>vande,</strong></span> <span class='ocrx_word' id='word_1_260' title='bbox 1253 1982 1299 2042; x_wconf 87' lang='lat' dir='ltr'><strong>vel</strong></span> <span class='ocrx_word' id='word_1_261' title='bbox 1322 1981 1482 2041; x_wconf 88' lang='lat' dir='ltr'><strong>testimonii</strong></span> <span class='ocrx_word' id='word_1_262' title='bbox 1506 1983 1596 2039; x_wconf 87' lang='lat' dir='ltr'><strong>series</strong></span> <span class='ocrx_word' id='word_1_263' title='bbox 1620 1980 1785 2037; x_wconf 89' lang='lat' dir='ltr'><strong>intimanda</strong></span> <span class='ocrx_word' id='word_1_264' title='bbox 1809 1983 1864 2036; x_wconf 87' lang='lat' dir='ltr'><strong>est.</strong></span> <span class='ocrx_word' id='word_1_265' title='bbox 1892 1980 1959 2038; x_wconf 89' lang='lat' dir='ltr'><strong>Ple-</strong></span> 
     </span>
     <span class='ocr_line' id='line_1_20' title="bbox 251 2065 1960 2146; baseline -0.004 -16"><span class='ocrx_word' id='word_1_266' title='bbox 251 2072 384 2125; x_wconf 79' lang='lat' dir='ltr'><strong>ocuutur.</strong></span> <span class='ocrx_word' id='word_1_267' title='bbox 415 2069 491 2124; x_wconf 84' lang='lat' dir='ltr'><strong>Sunt</strong></span> <span class='ocrx_word' id='word_1_268' title='bbox 511 2067 599 2123; x_wconf 79' lang='lat' dir='ltr'><strong>otium</strong></span> <span class='ocrx_word' id='word_1_269' title='bbox 623 2067 687 2122; x_wconf 77' lang='lat' dir='ltr'><strong>otiu</strong></span> <span class='ocrx_word' id='word_1_270' title='bbox 711 2069 868 2140; x_wconf 70' lang='lat' dir='ltr'><strong>potootutuo</strong></span> <span class='ocrx_word' id='word_1_271' title='bbox 896 2082 960 2138; x_wconf 69' lang='lat' dir='ltr'><strong>quo</strong></span> <span class='ocrx_word' id='word_1_272' title='bbox 983 2065 1074 2121; x_wconf 78' lang='lat' dir='ltr'><strong>vutott</strong></span> <span class='ocrx_word' id='word_1_273' title='bbox 1128 2090 1253 2146; x_wconf 91' lang='lat' dir='ltr'><strong>rumque</strong></span> <span class='ocrx_word' id='word_1_274' title='bbox 1268 2071 1352 2128; x_wconf 86' lang='lat' dir='ltr'><strong>testis</strong></span> <span class='ocrx_word' id='word_1_275' title='bbox 1368 2071 1439 2127; x_wconf 90' lang='lat' dir='ltr'><strong>dum</strong></span> <span class='ocrx_word' id='word_1_276' title='bbox 1456 2070 1567 2143; x_wconf 90' lang='lat' dir='ltr'><strong>aliquid</strong></span> <span class='ocrx_word' id='word_1_277' title='bbox 1584 2070 1619 2125; x_wconf 92' lang='lat' dir='ltr'><strong>ad</strong></span> <span class='ocrx_word' id='word_1_278' title='bbox 1636 2068 1741 2126; x_wconf 82' lang='lat' dir='ltr'><strong>seriem</strong></span> <span class='ocrx_word' id='word_1_279' title='bbox 1756 2073 1906 2143; x_wconf 86' lang='lat' dir='ltr'><strong>gestorum</strong></span> <span class='ocrx_word' id='word_1_280' title='bbox 1923 2086 1960 2124; x_wconf 84' lang='lat' dir='ltr'><strong>ex</strong></span> 
     </span>
     <span class='ocr_line' id='line_1_21' title="bbox 251 2154 1959 2234; baseline -0.004 -16"><span class='ocrx_word' id='word_1_281' title='bbox 251 2157 447 2214; x_wconf 83' lang='lat' dir='ltr'><strong>colluctantur</strong></span> <span class='ocrx_word' id='word_1_282' title='bbox 470 2157 634 2212; x_wconf 85' lang='lat' dir='ltr'><strong>nobiscum·</strong></span> <span class='ocrx_word' id='word_1_283' title='bbox 666 2155 747 2210; x_wconf 84' lang='lat' dir='ltr'><strong>Uodo</strong></span> <span class='ocrx_word' id='word_1_284' title='bbox 773 2159 802 2211; x_wconf 83' lang='lat' dir='ltr'><strong>ct</strong></span> <span class='ocrx_word' id='word_1_285' title='bbox 829 2154 984 2227; x_wconf 72' lang='lat' dir='ltr'><strong>Apostolus</strong></span> <span class='ocrx_word' id='word_1_286' title='bbox 1011 2155 1072 2210; x_wconf 75' lang='lat' dir='ltr'><strong>uit:</strong></span> <span class='ocrx_word' id='word_1_287' title='bbox 1127 2179 1181 2218; x_wconf 92' lang='lat' dir='ltr'><strong>suo</strong></span> <span class='ocrx_word' id='word_1_288' title='bbox 1196 2160 1306 2234; x_wconf 84' lang='lat' dir='ltr'><strong>adjicit,</strong></span> <span class='ocrx_word' id='word_1_289' title='bbox 1318 2162 1410 2215; x_wconf 90' lang='lat' dir='ltr'><strong>totam</strong></span> <span class='ocrx_word' id='word_1_290' title='bbox 1420 2155 1582 2214; x_wconf 88' lang='lat' dir='ltr'><strong>testimonii</strong></span> <span class='ocrx_word' id='word_1_291' title='bbox 1593 2155 1680 2213; x_wconf 90' lang='lat' dir='ltr'><strong>iidem</strong></span> <span class='ocrx_word' id='word_1_292' title='bbox 1692 2156 1787 2228; x_wconf 81' lang='lat' dir='ltr'><strong>partie</strong></span> <span class='ocrx_word' id='word_1_293' title='bbox 1802 2155 1959 2212; x_wconf 90' lang='lat' dir='ltr'><strong>mendacio</strong></span> 
     </span>
     <span class='ocr_line' id='line_1_22' title="bbox 251 2243 1958 2320; baseline -0.006 -12"><span class='ocrx_word' id='word_1_294' title='bbox 251 2247 323 2316; x_wconf 81' lang='lat' dir='ltr'><strong>Quia</strong></span> <span class='ocrx_word' id='word_1_295' title='bbox 344 2254 398 2302; x_wconf 84' lang='lat' dir='ltr'><strong>uou</strong></span> <span class='ocrx_word' id='word_1_296' title='bbox 422 2253 462 2302; x_wconf 73' lang='lat' dir='ltr'><strong>cut</strong></span> <span class='ocrx_word' id='word_1_297' title='bbox 483 2245 561 2302; x_wconf 73' lang='lat' dir='ltr'><strong>uotis</strong></span> <span class='ocrx_word' id='word_1_298' title='bbox 585 2245 738 2300; x_wconf 65' lang='lat' dir='ltr'><strong>colluctatio</strong></span> <span class='ocrx_word' id='word_1_299' title='bbox 761 2244 889 2300; x_wconf 85' lang='lat' dir='ltr'><strong>aduersus</strong></span> <span class='ocrx_word' id='word_1_300' title='bbox 914 2260 1025 2300; x_wconf 68' lang='lat' dir='ltr'><strong>monem</strong></span> <span class='ocrx_word' id='word_1_301' title='bbox 1048 2247 1074 2299; x_wconf 85' lang='lat' dir='ltr'><strong>ct</strong></span> <span class='ocrx_word' id='word_1_302' title='bbox 1127 2249 1283 2307; x_wconf 86' lang='lat' dir='ltr'><strong>decolorat.</strong></span> <span class='ocrx_word' id='word_1_303' title='bbox 1307 2247 1386 2304; x_wconf 92' lang='lat' dir='ltr'><strong>Nihil</strong></span> <span class='ocrx_word' id='word_1_304' title='bbox 1411 2245 1501 2320; x_wconf 84' lang='lat' dir='ltr'><strong>igitur</strong></span> <span class='ocrx_word' id='word_1_305' title='bbox 1523 2245 1567 2302; x_wconf 89' lang='lat' dir='ltr'><strong>vel</strong></span> <span class='ocrx_word' id='word_1_306' title='bbox 1591 2245 1670 2318; x_wconf 89' lang='lat' dir='ltr'><strong>quod</strong></span> <span class='ocrx_word' id='word_1_307' title='bbox 1694 2245 1804 2301; x_wconf 89' lang='lat' dir='ltr'><strong>bonum</strong></span> <span class='ocrx_word' id='word_1_308' title='bbox 1826 2243 1958 2308; x_wconf 86' lang='lat' dir='ltr'><strong>videtur,</strong></span> 
     </span>
     <span class='ocr_line' id='line_1_23' title="bbox 248 2331 1959 2407; baseline -0.009 -5"><span class='ocrx_word' id='word_1_309' title='bbox 248 2338 422 2406; x_wconf 76' lang='lat' dir='ltr'><strong>consutum,</strong></span> <span class='ocrx_word' id='word_1_310' title='bbox 448 2335 494 2392; x_wconf 76' lang='lat' dir='ltr'><strong>cul</strong></span> <span class='ocrx_word' id='word_1_311' title='bbox 521 2335 649 2391; x_wconf 74' lang='lat' dir='ltr'><strong>adversus</strong></span> <span class='ocrx_word' id='word_1_312' title='bbox 682 2335 869 2406; x_wconf 66' lang='lat' dir='ltr'><strong>principatus,</strong></span> <span class='ocrx_word' id='word_1_313' title='bbox 898 2337 923 2389; x_wconf 81' lang='lat' dir='ltr'><strong>ct</strong></span> <span class='ocrx_word' id='word_1_314' title='bbox 952 2341 1072 2405; x_wconf 76' lang='lat' dir='ltr'><strong>notesca—</strong></span> <span class='ocrx_word' id='word_1_315' title='bbox 1127 2338 1294 2395; x_wconf 79' lang='lat' dir='ltr'><strong>addendum</strong></span> <span class='ocrx_word' id='word_1_316' title='bbox 1310 2340 1362 2393; x_wconf 84' lang='lat' dir='ltr'><strong>est.</strong></span> <span class='ocrx_word' id='word_1_317' title='bbox 1380 2333 1513 2407; x_wconf 83' lang='lat' dir='ltr'><strong>Namque</strong></span> <span class='ocrx_word' id='word_1_318' title='bbox 1527 2334 1575 2390; x_wconf 80' lang='lat' dir='ltr'><strong>hie</strong></span> <span class='ocrx_word' id='word_1_319' title='bbox 1591 2333 1661 2407; x_wconf 83' lang='lat' dir='ltr'><strong>quid</strong></span> <span class='ocrx_word' id='word_1_320' title='bbox 1677 2332 1847 2390; x_wconf 78' lang='lat' dir='ltr'><strong>offensionis</strong></span> <span class='ocrx_word' id='word_1_321' title='bbox 1862 2331 1959 2387; x_wconf 83' lang='lat' dir='ltr'><strong>habet</strong></span> 
     </span>
     <span class='ocr_line' id='line_1_24' title="bbox 248 2420 1955 2501; baseline -0.004 -19"><span class='ocrx_word' id='word_1_322' title='bbox 248 2428 298 2496; x_wconf 85' lang='lat' dir='ltr'><strong>tes,</strong></span> <span class='ocrx_word' id='word_1_323' title='bbox 317 2428 343 2482; x_wconf 91' lang='lat' dir='ltr'><strong>et</strong></span> <span class='ocrx_word' id='word_1_324' title='bbox 367 2434 483 2482; x_wconf 84' lang='lat' dir='ltr'><strong>rectores</strong></span> <span class='ocrx_word' id='word_1_325' title='bbox 511 2424 594 2495; x_wconf 74' lang='lat' dir='ltr'><strong>brejas</strong></span> <span class='ocrx_word' id='word_1_326' title='bbox 620 2422 727 2492; x_wconf 85' lang='lat' dir='ltr'><strong>mendi,</strong></span> <span class='ocrx_word' id='word_1_327' title='bbox 755 2423 933 2478; x_wconf 83' lang='lat' dir='ltr'><strong>tenebrarum</strong></span> <span class='ocrx_word' id='word_1_328' title='bbox 961 2422 1071 2488; x_wconf 84' lang='lat' dir='ltr'><strong>barum,</strong></span> <span class='ocrx_word' id='word_1_329' title='bbox 1126 2426 1222 2501; x_wconf 90' lang='lat' dir='ltr'><strong>prims</strong></span> <span class='ocrx_word' id='word_1_330' title='bbox 1236 2424 1331 2499; x_wconf 90' lang='lat' dir='ltr'><strong>specie</strong></span> <span class='ocrx_word' id='word_1_331' title='bbox 1346 2423 1424 2497; x_wconf 89' lang='lat' dir='ltr'><strong>quod</strong></span> <span class='ocrx_word' id='word_1_332' title='bbox 1450 2421 1564 2480; x_wconf 92' lang='lat' dir='ltr'><strong>addidit</strong></span> <span class='ocrx_word' id='word_1_333' title='bbox 1592 2420 1715 2478; x_wconf 89' lang='lat' dir='ltr'><strong>mulier:</strong></span> <span class='ocrx_word' id='word_1_334' title='bbox 1740 2421 1832 2492; x_wconf 82' lang='lat' dir='ltr'><strong>Neque</strong></span> <span class='ocrx_word' id='word_1_335' title='bbox 1854 2423 1955 2489; x_wconf 84' lang='lat' dir='ltr'><strong>tonqe-</strong></span> 
     </span>
    </p>
   </div>
   <div class='ocr_carea' id='block_1_3' title="bbox 131 2509 1954 2588">
    <p class='ocr_par' dir='ltr' id='par_1_4' title="bbox 131 2509 1954 2588">
     <span class='ocr_line' id='line_1_25' title="bbox 131 2509 1954 2588; baseline -0.004 -17"><span class='ocrx_word' id='word_1_336' title='bbox 131 2549 135 2555; x_wconf 82' lang='lat'><strong>·</strong></span> <span class='ocrx_word' id='word_1_337' title='bbox 248 2514 377 2571; x_wconf 76' lang='lat' dir='ltr'><strong>adamans</strong></span> <span class='ocrx_word' id='word_1_338' title='bbox 400 2515 555 2585; x_wconf 79' lang='lat' dir='ltr'><strong>nequitiam</strong></span> <span class='ocrx_word' id='word_1_339' title='bbox 585 2511 756 2583; x_wconf 73' lang='lat' dir='ltr'><strong>spiritalium</strong></span> <span class='ocrx_word' id='word_1_340' title='bbox 783 2525 847 2583; x_wconf 82' lang='lat' dir='ltr'><strong>quae</strong></span> <span class='ocrx_word' id='word_1_341' title='bbox 875 2518 940 2566; x_wconf 82' lang='lat' dir='ltr'><strong>sunt</strong></span> <span class='ocrx_word' id='word_1_342' title='bbox 961 2513 993 2566; x_wconf 86' lang='lat' dir='ltr'><strong>in</strong></span> <span class='ocrx_word' id='word_1_343' title='bbox 1020 2528 1072 2567; x_wconf 86' lang='lat' dir='ltr'><strong>coe·</strong></span> <span class='ocrx_word' id='word_1_344' title='bbox 1126 2517 1161 2572; x_wconf 80' lang='lat' dir='ltr'><strong>tis</strong></span> <span class='ocrx_word' id='word_1_345' title='bbox 1187 2531 1222 2571; x_wconf 79' lang='lat' dir='ltr'><strong>ex</strong></span> <span class='ocrx_word' id='word_1_346' title='bbox 1249 2530 1279 2570; x_wconf 88' lang='lat' dir='ltr'><strong>eo</strong></span> <span class='ocrx_word' id='word_1_347' title='bbox 1305 2513 1485 2588; x_wconf 81' lang='lat' dir='ltr'><strong>quidquam?</strong></span> <span class='ocrx_word' id='word_1_348' title='bbox 1514 2513 1638 2582; x_wconf 82' lang='lat' dir='ltr'><strong>Tnnqetis</strong></span> <span class='ocrx_word' id='word_1_349' title='bbox 1666 2510 1744 2566; x_wconf 90' lang='lat' dir='ltr'><strong>enim</strong></span> <span class='ocrx_word' id='word_1_350' title='bbox 1777 2509 1855 2566; x_wconf 87' lang='lat' dir='ltr'><strong>Deus</strong></span> <span class='ocrx_word' id='word_1_351' title='bbox 1890 2524 1954 2563; x_wconf 89' lang='lat' dir='ltr'><strong>uon</strong></span> 
     </span>
    </p>
   </div>
   <div class='ocr_carea' id='block_1_4' title="bbox 166 2595 1961 4089">
    <p class='ocr_par' dir='ltr' id='par_1_5' title="bbox 166 2595 1961 4089">
     <span class='ocr_line' id='line_1_26' title="bbox 249 2595 1959 2675; baseline -0.005 -17"><span class='ocrx_word' id='word_1_352' title='bbox 249 2604 361 2659; x_wconf 78' lang='lat' dir='ltr'><strong>testibus</strong></span> <span class='ocrx_word' id='word_1_353' title='bbox 388 2602 495 2675; x_wconf 78' lang='lat' dir='ltr'><strong>(tipice,</strong></span> <span class='ocrx_word' id='word_1_354' title='bbox 527 2619 565 2656; x_wconf 89' lang='lat' dir='ltr'><strong>vr.</strong></span> <span class='ocrx_word' id='word_1_355' title='bbox 595 2599 649 2672; x_wconf 76' lang='lat' dir='ltr'><strong>te).</strong></span> <span class='ocrx_word' id='word_1_356' title='bbox 677 2599 787 2655; x_wconf 83' lang='lat' dir='ltr'><strong>Volunt</strong></span> <span class='ocrx_word' id='word_1_357' title='bbox 814 2598 894 2654; x_wconf 90' lang='lat' dir='ltr'><strong>euim</strong></span> <span class='ocrx_word' id='word_1_358' title='bbox 931 2599 986 2655; x_wconf 90' lang='lat' dir='ltr'><strong>hac</strong></span> <span class='ocrx_word' id='word_1_359' title='bbox 1014 2616 1073 2672; x_wconf 87' lang='lat' dir='ltr'><strong>qua</strong></span> <span class='ocrx_word' id='word_1_360' title='bbox 1127 2603 1247 2674; x_wconf 87' lang='lat' dir='ltr'><strong>dixerat,</strong></span> <span class='ocrx_word' id='word_1_361' title='bbox 1267 2602 1318 2658; x_wconf 89' lang='lat' dir='ltr'><strong>sed</strong></span> <span class='ocrx_word' id='word_1_362' title='bbox 1344 2617 1401 2658; x_wconf 86' lang='lat' dir='ltr'><strong>non</strong></span> <span class='ocrx_word' id='word_1_363' title='bbox 1415 2599 1509 2656; x_wconf 84' lang='lat' dir='ltr'><strong>edetis.</strong></span> <span class='ocrx_word' id='word_1_364' title='bbox 1535 2598 1591 2655; x_wconf 89' lang='lat' dir='ltr'><strong>Sed</strong></span> <span class='ocrx_word' id='word_1_365' title='bbox 1606 2601 1704 2654; x_wconf 76' lang='lat' dir='ltr'><strong>mmen</strong></span> <span class='ocrx_word' id='word_1_366' title='bbox 1732 2597 1834 2671; x_wconf 89' lang='lat' dir='ltr'><strong>lapsus</strong></span> <span class='ocrx_word' id='word_1_367' title='bbox 1849 2595 1959 2668; x_wconf 87' lang='lat' dir='ltr'><strong>incipit</strong></span> 
     </span>
     <span class='ocr_line' id='line_1_27' title="bbox 248 2684 1958 2765; baseline -0.003 -17"><span class='ocrx_word' id='word_1_368' title='bbox 248 2692 316 2748; x_wconf 87' lang='lat' dir='ltr'><strong>dam</strong></span> <span class='ocrx_word' id='word_1_369' title='bbox 340 2691 526 2748; x_wconf 88' lang='lat' dir='ltr'><strong>contentione</strong></span> <span class='ocrx_word' id='word_1_370' title='bbox 554 2706 608 2745; x_wconf 90' lang='lat' dir='ltr'><strong>noe</strong></span> <span class='ocrx_word' id='word_1_371' title='bbox 632 2689 775 2762; x_wconf 81' lang='lat' dir='ltr'><strong>frangere,</strong></span> <span class='ocrx_word' id='word_1_372' title='bbox 800 2691 830 2744; x_wconf 90' lang='lat' dir='ltr'><strong>et</strong></span> <span class='ocrx_word' id='word_1_373' title='bbox 856 2687 947 2744; x_wconf 90' lang='lat' dir='ltr'><strong>veluti</strong></span> <span class='ocrx_word' id='word_1_374' title='bbox 975 2689 1071 2759; x_wconf 89' lang='lat' dir='ltr'><strong>quod·</strong></span> <span class='ocrx_word' id='word_1_375' title='bbox 1126 2709 1190 2750; x_wconf 80' lang='lat' dir='ltr'><strong>esse</strong></span> <span class='ocrx_word' id='word_1_376' title='bbox 1218 2690 1405 2765; x_wconf 85' lang='lat' dir='ltr'><strong>principium.</strong></span> <span class='ocrx_word' id='word_1_377' title='bbox 1436 2689 1595 2760; x_wconf 80' lang='lat' dir='ltr'><strong>Numquae</strong></span> <span class='ocrx_word' id='word_1_378' title='bbox 1624 2687 1747 2754; x_wconf 86' lang='lat' dir='ltr'><strong>addidit,</strong></span> <span class='ocrx_word' id='word_1_379' title='bbox 1768 2684 1958 2758; x_wconf 83' lang='lat' dir='ltr'><strong>superfluum</strong></span> 
     </span>
     <span class='ocr_line' id='line_1_28' title="bbox 180 2772 1957 2849; baseline -0.005 -14"><span class='ocrx_word' id='word_1_380' title='bbox 180 2782 184 2790; x_wconf 83' lang='grc'><em>“</em></span> <span class='ocrx_word' id='word_1_381' title='bbox 247 2779 316 2836; x_wconf 88' lang='lat' dir='ltr'><strong>dam</strong></span> <span class='ocrx_word' id='word_1_382' title='bbox 332 2781 436 2836; x_wconf 85' lang='lat' dir='ltr'><strong>anima</strong></span> <span class='ocrx_word' id='word_1_383' title='bbox 451 2783 556 2835; x_wconf 79' lang='lat' dir='ltr'><strong>nostra</strong></span> <span class='ocrx_word' id='word_1_384' title='bbox 572 2793 679 2849; x_wconf 89' lang='lat' dir='ltr'><strong>carpus</strong></span> <span class='ocrx_word' id='word_1_385' title='bbox 693 2775 811 2832; x_wconf 89' lang='lat' dir='ltr'><strong>elidere.</strong></span> <span class='ocrx_word' id='word_1_386' title='bbox 824 2775 905 2831; x_wconf 86' lang='lat' dir='ltr'><strong>Unde</strong></span> <span class='ocrx_word' id='word_1_387' title='bbox 919 2780 947 2832; x_wconf 90' lang='lat' dir='ltr'><strong>et</strong></span> <span class='ocrx_word' id='word_1_388' title='bbox 964 2775 1071 2831; x_wconf 91' lang='lat' dir='ltr'><strong>Paulus</strong></span> <span class='ocrx_word' id='word_1_389' title='bbox 1126 2780 1249 2848; x_wconf 81' lang='lat' dir='ltr'><strong>addidit,</strong></span> <span class='ocrx_word' id='word_1_390' title='bbox 1264 2777 1308 2836; x_wconf 88' lang='lat' dir='ltr'><strong>vel</strong></span> <span class='ocrx_word' id='word_1_391' title='bbox 1322 2777 1456 2836; x_wconf 87' lang='lat' dir='ltr'><strong>addendo</strong></span> <span class='ocrx_word' id='word_1_392' title='bbox 1471 2777 1507 2833; x_wconf 91' lang='lat' dir='ltr'><strong>de</strong></span> <span class='ocrx_word' id='word_1_393' title='bbox 1523 2774 1641 2848; x_wconf 91' lang='lat' dir='ltr'><strong>proprio</strong></span> <span class='ocrx_word' id='word_1_394' title='bbox 1657 2773 1850 2848; x_wconf 90' lang='lat' dir='ltr'><strong>semiplenum</strong></span> <span class='ocrx_word' id='word_1_395' title='bbox 1866 2772 1957 2828; x_wconf 89' lang='lat' dir='ltr'><strong>intel·</strong></span> 
     </span>
     <span class='ocr_line' id='line_1_29' title="bbox 247 2862 1957 2939; baseline -0.01 -18"><span class='ocrx_word' id='word_1_396' title='bbox 247 2868 437 2939; x_wconf 89' lang='lat' dir='ltr'><strong>quasibonus</strong></span> <span class='ocrx_word' id='word_1_397' title='bbox 452 2865 563 2921; x_wconf 88' lang='lat' dir='ltr'><strong>athleta</strong></span> <span class='ocrx_word' id='word_1_398' title='bbox 576 2881 634 2920; x_wconf 92' lang='lat' dir='ltr'><strong>non</strong></span> <span class='ocrx_word' id='word_1_399' title='bbox 650 2862 746 2935; x_wconf 81' lang='lat' dir='ltr'><strong>solum</strong></span> <span class='ocrx_word' id='word_1_400' title='bbox 762 2863 837 2918; x_wconf 90' lang='lat' dir='ltr'><strong>ictus</strong></span> <span class='ocrx_word' id='word_1_401' title='bbox 853 2863 1071 2919; x_wconf 86' lang='lat' dir='ltr'><strong>adversantium</strong></span> <span class='ocrx_word' id='word_1_402' title='bbox 1126 2868 1195 2926; x_wconf 87' lang='lat' dir='ltr'><strong>lexit</strong></span> <span class='ocrx_word' id='word_1_403' title='bbox 1213 2868 1264 2925; x_wconf 88' lang='lat' dir='ltr'><strong>Dei</strong></span> <span class='ocrx_word' id='word_1_404' title='bbox 1284 2884 1348 2926; x_wconf 89' lang='lat' dir='ltr'><strong>esse</strong></span> <span class='ocrx_word' id='word_1_405' title='bbox 1368 2865 1552 2922; x_wconf 88' lang='lat' dir='ltr'><strong>mandatum.</strong></span> <span class='ocrx_word' id='word_1_406' title='bbox 1579 2864 1669 2920; x_wconf 89' lang='lat' dir='ltr'><strong>Docet</strong></span> <span class='ocrx_word' id='word_1_407' title='bbox 1688 2863 1777 2937; x_wconf 82' lang='lat' dir='ltr'><strong>igitur</strong></span> <span class='ocrx_word' id='word_1_408' title='bbox 1805 2877 1859 2919; x_wconf 88' lang='lat' dir='ltr'><strong>nos</strong></span> <span class='ocrx_word' id='word_1_409' title='bbox 1879 2877 1957 2934; x_wconf 59' lang='lat' dir='ltr'><strong>pre.</strong></span> 
     </span>
     <span class='ocr_line' id='line_1_30' title="bbox 248 2949 1957 3028; baseline -0.007 -12"><span class='ocrx_word' id='word_1_410' title='bbox 248 2960 426 3028; x_wconf 79' lang='lat' dir='ltr'><strong>potestatum</strong></span> <span class='ocrx_word' id='word_1_411' title='bbox 451 2954 542 3009; x_wconf 80' lang='lat' dir='ltr'><strong>vttocu</strong></span> <span class='ocrx_word' id='word_1_412' title='bbox 565 2955 748 3025; x_wconf 74' lang='lat' dir='ltr'><strong>cognouerat.</strong></span> <span class='ocrx_word' id='word_1_413' title='bbox 772 2968 874 3008; x_wconf 79' lang='lat' dir='ltr'><strong>uerum</strong></span> <span class='ocrx_word' id='word_1_414' title='bbox 904 2952 992 3007; x_wconf 78' lang='lat' dir='ltr'><strong>etium</strong></span> <span class='ocrx_word' id='word_1_415' title='bbox 1017 2952 1069 3007; x_wconf 81' lang='lat' dir='ltr'><strong>ud·</strong></span> <span class='ocrx_word' id='word_1_416' title='bbox 1125 2958 1217 3015; x_wconf 88' lang='lat' dir='ltr'><strong>sentis</strong></span> <span class='ocrx_word' id='word_1_417' title='bbox 1249 2957 1340 3013; x_wconf 87' lang='lat' dir='ltr'><strong>series</strong></span> <span class='ocrx_word' id='word_1_418' title='bbox 1365 2953 1500 3012; x_wconf 88' lang='lat' dir='ltr'><strong>lectionis</strong></span> <span class='ocrx_word' id='word_1_419' title='bbox 1530 2967 1626 3026; x_wconf 90' lang='lat' dir='ltr'><strong>neque</strong></span> <span class='ocrx_word' id='word_1_420' title='bbox 1654 2952 1805 3009; x_wconf 82' lang='lat' dir='ltr'><strong>detrahere</strong></span> <span class='ocrx_word' id='word_1_421' title='bbox 1840 2949 1957 3023; x_wconf 88' lang='lat' dir='ltr'><strong>aliquid</strong></span> 
     </span>
     <span class='ocr_line' id='line_1_31' title="bbox 247 3037 1956 3114; baseline -0.001 -16"><span class='ocrx_word' id='word_1_422' title='bbox 247 3046 398 3098; x_wconf 87' lang='lat' dir='ltr'><strong>versantes</strong></span> <span class='ocrx_word' id='word_1_423' title='bbox 415 3040 509 3097; x_wconf 91' lang='lat' dir='ltr'><strong>ierire.</strong></span> <span class='ocrx_word' id='word_1_424' title='bbox 524 3040 606 3096; x_wconf 91' lang='lat' dir='ltr'><strong>Unde</strong></span> <span class='ocrx_word' id='word_1_425' title='bbox 620 3043 648 3095; x_wconf 90' lang='lat' dir='ltr'><strong>et</strong></span> <span class='ocrx_word' id='word_1_426' title='bbox 661 3040 718 3096; x_wconf 88' lang='lat' dir='ltr'><strong>ait:</strong></span> <span class='ocrx_word' id='word_1_427' title='bbox 737 3040 864 3095; x_wconf 81' lang='lat' dir='ltr'><strong>Pereutio</strong></span> <span class='ocrx_word' id='word_1_428' title='bbox 886 3042 999 3112; x_wconf 64' lang='lat' dir='ltr'><strong>pupae,</strong></span> <span class='ocrx_word' id='word_1_429' title='bbox 1015 3057 1070 3096; x_wconf 91' lang='lat' dir='ltr'><strong>non</strong></span> <span class='ocrx_word' id='word_1_430' title='bbox 1125 3046 1232 3103; x_wconf 70' lang='lat' dir='ltr'><strong>divinia</strong></span> <span class='ocrx_word' id='word_1_431' title='bbox 1251 3046 1357 3103; x_wconf 84' lang='lat' dir='ltr'><strong>dehere</strong></span> <span class='ocrx_word' id='word_1_432' title='bbox 1387 3041 1546 3110; x_wconf 80' lang='lat' dir='ltr'><strong>mandatis,</strong></span> <span class='ocrx_word' id='word_1_433' title='bbox 1575 3056 1670 3114; x_wconf 89' lang='lat' dir='ltr'><strong>neque</strong></span> <span class='ocrx_word' id='word_1_434' title='bbox 1694 3041 1811 3097; x_wconf 78' lang='lat' dir='ltr'><strong>addere.</strong></span> <span class='ocrx_word' id='word_1_435' title='bbox 1832 3037 1906 3097; x_wconf 88' lang='lat' dir='ltr'><strong>Nam</strong></span> <span class='ocrx_word' id='word_1_436' title='bbox 1927 3039 1956 3094; x_wconf 87' lang='lat' dir='ltr'><strong>si</strong></span> 
     </span>
     <span class='ocr_line' id='line_1_32' title="bbox 249 3127 1957 3206; baseline -0.006 -13"><span class='ocrx_word' id='word_1_437' title='bbox 249 3134 278 3185; x_wconf 90' lang='lat' dir='ltr'><strong>ut</strong></span> <span class='ocrx_word' id='word_1_438' title='bbox 289 3147 354 3187; x_wconf 80' lang='lat' dir='ltr'><strong>coru</strong></span> <span class='ocrx_word' id='word_1_439' title='bbox 368 3130 471 3186; x_wconf 82' lang='lat' dir='ltr'><strong>coedens</strong></span> <span class='ocrx_word' id='word_1_440' title='bbox 485 3130 509 3201; x_wconf 86' lang='lat' dir='ltr'><strong>(t</strong></span> <span class='ocrx_word' id='word_1_441' title='bbox 522 3128 584 3184; x_wconf 77' lang='lat' dir='ltr'><strong>Cor·</strong></span> <span class='ocrx_word' id='word_1_442' title='bbox 601 3146 639 3198; x_wconf 74' lang='lat' dir='ltr'><strong>tu,</strong></span> <span class='ocrx_word' id='word_1_443' title='bbox 660 3128 717 3200; x_wconf 72' lang='lat'>26)-</span> <span class='ocrx_word' id='word_1_444' title='bbox 742 3129 776 3184; x_wconf 66' lang='lat' dir='ltr'><strong>tit</strong></span> <span class='ocrx_word' id='word_1_445' title='bbox 790 3127 855 3183; x_wconf 86' lang='lat' dir='ltr'><strong>ideo</strong></span> <span class='ocrx_word' id='word_1_446' title='bbox 870 3129 955 3201; x_wconf 78' lang='lat' dir='ltr'><strong>quusi</strong></span> <span class='ocrx_word' id='word_1_447' title='bbox 974 3129 1070 3184; x_wconf 73' lang='lat' dir='ltr'><strong>bonos</strong></span> <span class='ocrx_word' id='word_1_448' title='bbox 1125 3136 1253 3192; x_wconf 84' lang='lat' dir='ltr'><strong>ioannes</strong></span> <span class='ocrx_word' id='word_1_449' title='bbox 1271 3134 1326 3190; x_wconf 90' lang='lat' dir='ltr'><strong>hoc</strong></span> <span class='ocrx_word' id='word_1_450' title='bbox 1350 3133 1495 3206; x_wconf 86' lang='lat' dir='ltr'><strong>judicavit</strong></span> <span class='ocrx_word' id='word_1_451' title='bbox 1521 3132 1557 3188; x_wconf 92' lang='lat' dir='ltr'><strong>de</strong></span> <span class='ocrx_word' id='word_1_452' title='bbox 1584 3129 1647 3187; x_wconf 88' lang='lat' dir='ltr'><strong>suis</strong></span> <span class='ocrx_word' id='word_1_453' title='bbox 1676 3129 1814 3202; x_wconf 88' lang='lat' dir='ltr'><strong>scriptis:</strong></span> <span class='ocrx_word' id='word_1_454' title='bbox 1835 3129 1866 3185; x_wconf 87' lang='lat' dir='ltr'><strong>Si</strong></span> <span class='ocrx_word' id='word_1_455' title='bbox 1889 3131 1957 3202; x_wconf 82' lang='lat' dir='ltr'><strong>qais</strong></span> 
     </span>
     <span class='ocr_line' id='line_1_33' title="bbox 183 3197 1956 3298; baseline -0.002 -23"><span class='ocrx_word' id='word_1_456' title='bbox 183 3229 189 3240; x_wconf 91' lang='grc'>·</span> <span class='ocrx_word' id='word_1_457' title='bbox 248 3219 406 3276; x_wconf 89' lang='lat' dir='ltr'><strong>athletaad</strong></span> <span class='ocrx_word' id='word_1_458' title='bbox 422 3235 560 3274; x_wconf 87' lang='lat' dir='ltr'><strong>coronam</strong></span> <span class='ocrx_word' id='word_1_459' title='bbox 585 3217 692 3273; x_wconf 90' lang='lat' dir='ltr'><strong>meruit</strong></span> <span class='ocrx_word' id='word_1_460' title='bbox 714 3217 873 3290; x_wconf 88' lang='lat' dir='ltr'><strong>pervenire.</strong></span> <span class='ocrx_word' id='word_1_461' title='bbox 895 3217 969 3291; x_wconf 81' lang='lat' dir='ltr'><strong>[drgo</strong></span> <span class='ocrx_word' id='word_1_462' title='bbox 992 3217 1070 3274; x_wconf 89' lang='lat' dir='ltr'><strong>mui-</strong></span> <span class='ocrx_word' id='word_1_463' title='bbox 1086 3197 1108 3264; x_wconf 73' lang='lat' dir='ltr'>C</span> <span class='ocrx_word' id='word_1_464' title='bbox 1126 3225 1291 3298; x_wconf 73' lang='lat' dir='ltr'><strong>apposuerit,</strong></span> <span class='ocrx_word' id='word_1_465' title='bbox 1311 3221 1419 3294; x_wconf 84' lang='lat' dir='ltr'><strong>inquit,</strong></span> <span class='ocrx_word' id='word_1_466' title='bbox 1443 3219 1479 3276; x_wconf 87' lang='lat' dir='ltr'><strong>od</strong></span> <span class='ocrx_word' id='word_1_467' title='bbox 1502 3219 1560 3286; x_wconf 86' lang='lat' dir='ltr'><strong>hoe,</strong></span> <span class='ocrx_word' id='word_1_468' title='bbox 1588 3217 1701 3290; x_wconf 82' lang='lat' dir='ltr'><strong>adjiciet</strong></span> <span class='ocrx_word' id='word_1_469' title='bbox 1723 3220 1752 3273; x_wconf 90' lang='lat' dir='ltr'><strong>in</strong></span> <span class='ocrx_word' id='word_1_470' title='bbox 1777 3219 1859 3274; x_wconf 86' lang='lat' dir='ltr'><strong>iilum</strong></span> <span class='ocrx_word' id='word_1_471' title='bbox 1880 3219 1956 3273; x_wconf 84' lang='lat' dir='ltr'><strong>Deus</strong></span> 
     </span>
     <span class='ocr_line' id='line_1_34' title="bbox 246 3305 1959 3386; baseline -0.001 -22"><span class='ocrx_word' id='word_1_472' title='bbox 246 3305 772 3382; x_wconf 88' lang='lat' dir='ltr'><strong>tipliciatentamentasuntdieboli.</strong></span> <span class='ocrx_word' id='word_1_473' title='bbox 793 3306 827 3361; x_wconf 80' lang='lat' dir='ltr'><strong>ut</strong></span> <span class='ocrx_word' id='word_1_474' title='bbox 847 3306 911 3362; x_wconf 91' lang='lat' dir='ltr'><strong>ideo</strong></span> <span class='ocrx_word' id='word_1_475' title='bbox 931 3306 1071 3380; x_wconf 80' lang='lat' dir='ltr'><strong>bilinguis</strong></span> <span class='ocrx_word' id='word_1_476' title='bbox 1124 3313 1229 3386; x_wconf 69' lang='lat' dir='ltr'><strong>pimus,</strong></span> <span class='ocrx_word' id='word_1_477' title='bbox 1258 3327 1317 3384; x_wconf 78' lang='lat' dir='ltr'><strong>quae</strong></span> <span class='ocrx_word' id='word_1_478' title='bbox 1344 3311 1454 3382; x_wconf 73' lang='lat' dir='ltr'><strong>scriptae</strong></span> <span class='ocrx_word' id='word_1_479' title='bbox 1480 3315 1545 3364; x_wconf 87' lang='lat' dir='ltr'><strong>sunt</strong></span> <span class='ocrx_word' id='word_1_480' title='bbox 1574 3310 1605 3364; x_wconf 87' lang='lat' dir='ltr'><strong>in</strong></span> <span class='ocrx_word' id='word_1_481' title='bbox 1632 3307 1701 3364; x_wconf 89' lang='lat' dir='ltr'><strong>libro</strong></span> <span class='ocrx_word' id='word_1_482' title='bbox 1731 3309 1782 3363; x_wconf 88' lang='lat' dir='ltr'><strong>isto</strong></span> <span class='ocrx_word' id='word_1_483' title='bbox 1801 3325 1811 3361; x_wconf 93' lang='lat'><em>:</em></span> <span class='ocrx_word' id='word_1_484' title='bbox 1848 3311 1874 3362; x_wconf 91' lang='lat' dir='ltr'><strong>et</strong></span> <span class='ocrx_word' id='word_1_485' title='bbox 1903 3309 1959 3378; x_wconf 86' lang='lat' dir='ltr'><strong>qui</strong></span> 
     </span>
     <span class='ocr_line' id='line_1_35' title="bbox 246 3392 1957 3474; baseline -0.001 -22"><span class='ocrx_word' id='word_1_486' title='bbox 246 3413 368 3470; x_wconf 89' lang='lat' dir='ltr'><strong>serpens</strong></span> <span class='ocrx_word' id='word_1_487' title='bbox 387 3397 512 3454; x_wconf 86' lang='lat' dir='ltr'><strong>habetur</strong></span> <span class='ocrx_word' id='word_1_488' title='bbox 534 3401 621 3469; x_wconf 88' lang='lat' dir='ltr'><strong>atque</strong></span> <span class='ocrx_word' id='word_1_489' title='bbox 646 3392 775 3463; x_wconf 89' lang='lat' dir='ltr'><strong>lethalis,</strong></span> <span class='ocrx_word' id='word_1_490' title='bbox 796 3411 830 3450; x_wconf 90' lang='lat' dir='ltr'><strong>eo</strong></span> <span class='ocrx_word' id='word_1_491' title='bbox 863 3394 941 3467; x_wconf 88' lang='lat' dir='ltr'><strong>quod</strong></span> <span class='ocrx_word' id='word_1_492' title='bbox 962 3393 1071 3451; x_wconf 87' lang='lat' dir='ltr'><strong>diaboli</strong></span> <span class='ocrx_word' id='word_1_493' title='bbox 1125 3402 1270 3474; x_wconf 69' lang='lat' dir='ltr'><strong>dempserit</strong></span> <span class='ocrx_word' id='word_1_494' title='bbox 1297 3399 1331 3456; x_wconf 82' lang='lat' dir='ltr'><strong>de</strong></span> <span class='ocrx_word' id='word_1_495' title='bbox 1357 3398 1449 3454; x_wconf 86' lang='lat' dir='ltr'><strong>verbis</strong></span> <span class='ocrx_word' id='word_1_496' title='bbox 1476 3395 1519 3453; x_wconf 78' lang='lat' dir='ltr'><strong>liis</strong></span> <span class='ocrx_word' id='word_1_497' title='bbox 1545 3395 1698 3468; x_wconf 63' lang='lat' dir='ltr'><strong>prophetice</strong></span> <span class='ocrx_word' id='word_1_498' title='bbox 1725 3396 1816 3468; x_wconf 82' lang='lat' dir='ltr'><strong>hujus,</strong></span> <span class='ocrx_word' id='word_1_499' title='bbox 1847 3393 1957 3452; x_wconf 72' lang='lat' dir='ltr'><strong>deuiis</strong></span> 
     </span>
     <span class='ocr_line' id='line_1_36' title="bbox 248 3481 1955 3562; baseline -0.002 -21"><span class='ocrx_word' id='word_1_500' title='bbox 248 3486 384 3543; x_wconf 89' lang='lat' dir='ltr'><strong>minister</strong></span> <span class='ocrx_word' id='word_1_501' title='bbox 397 3485 478 3542; x_wconf 88' lang='lat' dir='ltr'><strong>aliud</strong></span> <span class='ocrx_word' id='word_1_502' title='bbox 495 3485 596 3558; x_wconf 80' lang='lat' dir='ltr'><strong>lingua</strong></span> <span class='ocrx_word' id='word_1_503' title='bbox 610 3483 757 3556; x_wconf 89' lang='lat' dir='ltr'><strong>loquatur,</strong></span> <span class='ocrx_word' id='word_1_504' title='bbox 774 3481 853 3538; x_wconf 89' lang='lat' dir='ltr'><strong>aliud</strong></span> <span class='ocrx_word' id='word_1_505' title='bbox 878 3483 1071 3540; x_wconf 86' lang='lat' dir='ltr'><strong>cardemedi·</strong></span> <span class='ocrx_word' id='word_1_506' title='bbox 1126 3495 1199 3547; x_wconf 79' lang='lat' dir='ltr'><strong>neos</strong></span> <span class='ocrx_word' id='word_1_507' title='bbox 1214 3496 1323 3562; x_wconf 86' lang='lat' dir='ltr'><strong>portem</strong></span> <span class='ocrx_word' id='word_1_508' title='bbox 1351 3486 1429 3542; x_wconf 82' lang='lat' dir='ltr'><strong>illius</strong></span> <span class='ocrx_word' id='word_1_509' title='bbox 1456 3482 1489 3541; x_wconf 87' lang='lat' dir='ltr'><strong>de</strong></span> <span class='ocrx_word' id='word_1_510' title='bbox 1508 3485 1578 3542; x_wconf 89' lang='lat' dir='ltr'><strong>libro</strong></span> <span class='ocrx_word' id='word_1_511' title='bbox 1597 3487 1664 3542; x_wconf 79' lang='lat' dir='ltr'><strong>uitae</strong></span> <span class='ocrx_word' id='word_1_512' title='bbox 1692 3485 1782 3556; x_wconf 82' lang='lat' dir='ltr'><strong>(ipae.</strong></span> <span class='ocrx_word' id='word_1_513' title='bbox 1812 3499 1882 3549; x_wconf 74' lang='lat' dir='ltr'><strong>nu,</strong></span> <span class='ocrx_word' id='word_1_514' title='bbox 1908 3485 1955 3554; x_wconf 90' lang='lat' dir='ltr'><strong>l8,</strong></span> 
     </span>
     <span class='ocr_line' id='line_1_37' title="bbox 248 3572 1957 3650; baseline -0.002 -18"><span class='ocrx_word' id='word_1_515' title='bbox 248 3579 335 3632; x_wconf 89' lang='lat' dir='ltr'><strong>tetur.</strong></span> <span class='ocrx_word' id='word_1_516' title='bbox 352 3576 427 3632; x_wconf 90' lang='lat' dir='ltr'><strong>Sunt</strong></span> <span class='ocrx_word' id='word_1_517' title='bbox 444 3579 473 3630; x_wconf 90' lang='lat' dir='ltr'><strong>ct</strong></span> <span class='ocrx_word' id='word_1_518' title='bbox 487 3572 534 3629; x_wconf 87' lang='lat' dir='ltr'><strong>alii</strong></span> <span class='ocrx_word' id='word_1_519' title='bbox 552 3572 678 3629; x_wconf 91' lang='lat' dir='ltr'><strong>ministri</strong></span> <span class='ocrx_word' id='word_1_520' title='bbox 703 3573 753 3645; x_wconf 91' lang='lat' dir='ltr'><strong>qui</strong></span> <span class='ocrx_word' id='word_1_521' title='bbox 777 3576 807 3628; x_wconf 90' lang='lat' dir='ltr'><strong>ct</strong></span> <span class='ocrx_word' id='word_1_522' title='bbox 829 3572 924 3628; x_wconf 88' lang='lat' dir='ltr'><strong>cordis</strong></span> <span class='ocrx_word' id='word_1_523' title='bbox 951 3573 1072 3630; x_wconf 86' lang='lat' dir='ltr'><strong>etvoeis</strong></span> <span class='ocrx_word' id='word_1_524' title='bbox 1126 3577 1195 3650; x_wconf 84' lang='grc'>19);</span> <span class='ocrx_word' id='word_1_525' title='bbox 1225 3579 1334 3650; x_wconf 88' lang='lat' dir='ltr'><strong>quanto</strong></span> <span class='ocrx_word' id='word_1_526' title='bbox 1365 3572 1438 3630; x_wconf 89' lang='lat' dir='ltr'><strong>nihil</strong></span> <span class='ocrx_word' id='word_1_527' title='bbox 1467 3573 1573 3630; x_wconf 88' lang='lat' dir='ltr'><strong>divinis</strong></span> <span class='ocrx_word' id='word_1_528' title='bbox 1605 3573 1753 3629; x_wconf 88' lang='lat' dir='ltr'><strong>mandatis</strong></span> <span class='ocrx_word' id='word_1_529' title='bbox 1781 3576 1826 3630; x_wconf 88' lang='lat' dir='ltr'><strong>est</strong></span> <span class='ocrx_word' id='word_1_530' title='bbox 1853 3573 1957 3628; x_wconf 86' lang='lat' dir='ltr'><strong>detra·</strong></span> 
     </span>
     <span class='ocr_line' id='line_1_38' title="bbox 248 3659 1959 3738; baseline -0.005 -13"><span class='ocrx_word' id='word_1_531' title='bbox 248 3680 308 3725; x_wconf 75' lang='lat' dir='ltr'><strong>sue</strong></span> <span class='ocrx_word' id='word_1_532' title='bbox 323 3663 445 3720; x_wconf 84' lang='lat' dir='ltr'><strong>iniectas</strong></span> <span class='ocrx_word' id='word_1_533' title='bbox 466 3678 576 3719; x_wconf 81' lang='lat' dir='ltr'><strong>veneno</strong></span> <span class='ocrx_word' id='word_1_534' title='bbox 597 3660 687 3718; x_wconf 83' lang='lat' dir='ltr'><strong>veluti</strong></span> <span class='ocrx_word' id='word_1_535' title='bbox 714 3662 867 3717; x_wconf 85' lang='lat' dir='ltr'><strong>verboram</strong></span> <span class='ocrx_word' id='word_1_536' title='bbox 892 3678 1011 3717; x_wconf 88' lang='lat' dir='ltr'><strong>suorum</strong></span> <span class='ocrx_word' id='word_1_537' title='bbox 1024 3662 1072 3734; x_wconf 89' lang='lat' dir='ltr'><strong>ja·</strong></span> <span class='ocrx_word' id='word_1_538' title='bbox 1125 3665 1272 3723; x_wconf 87' lang='lat' dir='ltr'><strong>hendurnl</strong></span> <span class='ocrx_word' id='word_1_539' title='bbox 1292 3664 1363 3720; x_wconf 83' lang='lat' dir='ltr'><strong>ilinc</strong></span> <span class='ocrx_word' id='word_1_540' title='bbox 1378 3677 1446 3738; x_wconf 81' lang='lat' dir='ltr'><strong>ergo</strong></span> <span class='ocrx_word' id='word_1_541' title='bbox 1461 3660 1548 3735; x_wconf 77' lang='lat' dir='ltr'><strong>erepit</strong></span> <span class='ocrx_word' id='word_1_542' title='bbox 1561 3659 1761 3734; x_wconf 82' lang='lat' dir='ltr'><strong>praevaricatio</strong></span> <span class='ocrx_word' id='word_1_543' title='bbox 1776 3661 1872 3733; x_wconf 89' lang='lat' dir='ltr'><strong>prima</strong></span> <span class='ocrx_word' id='word_1_544' title='bbox 1886 3676 1959 3717; x_wconf 88' lang='lat' dir='ltr'><strong>esse</strong></span> 
     </span>
     <span class='ocr_line' id='line_1_39' title="bbox 248 3748 1959 3828; baseline 0 -21"><span class='ocrx_word' id='word_1_545' title='bbox 248 3754 329 3808; x_wconf 86' lang='lat' dir='ltr'><strong>ciant</strong></span> <span class='ocrx_word' id='word_1_546' title='bbox 364 3753 497 3826; x_wconf 86' lang='lat' dir='ltr'><strong>sagittas,</strong></span> <span class='ocrx_word' id='word_1_547' title='bbox 530 3751 639 3824; x_wconf 84' lang='lat' dir='ltr'><strong>quihus</strong></span> <span class='ocrx_word' id='word_1_548' title='bbox 673 3749 816 3805; x_wconf 79' lang='lat' dir='ltr'><strong>Dominus</strong></span> <span class='ocrx_word' id='word_1_549' title='bbox 843 3748 902 3804; x_wconf 77' lang='lat' dir='ltr'><strong>ait:</strong></span> <span class='ocrx_word' id='word_1_550' title='bbox 930 3749 1072 3805; x_wconf 76' lang='lat' dir='ltr'><strong>Generatio</strong></span> <span class='ocrx_word' id='word_1_551' title='bbox 1126 3754 1268 3812; x_wconf 87' lang='lat' dir='ltr'><strong>mandati.</strong></span> <span class='ocrx_word' id='word_1_552' title='bbox 1286 3753 1320 3809; x_wconf 76' lang='lat' dir='ltr'><strong>Et</strong></span> <span class='ocrx_word' id='word_1_553' title='bbox 1339 3749 1471 3828; x_wconf 87' lang='lat' dir='ltr'><strong>plerique</strong></span> <span class='ocrx_word' id='word_1_554' title='bbox 1490 3753 1595 3823; x_wconf 89' lang='lat' dir='ltr'><strong>putant</strong></span> <span class='ocrx_word' id='word_1_555' title='bbox 1613 3749 1668 3806; x_wconf 90' lang='lat' dir='ltr'><strong>hoc</strong></span> <span class='ocrx_word' id='word_1_556' title='bbox 1687 3749 1791 3806; x_wconf 88' lang='lat' dir='ltr'><strong>vitium</strong></span> <span class='ocrx_word' id='word_1_557' title='bbox 1808 3767 1866 3806; x_wconf 92' lang='lat' dir='ltr'><strong>non</strong></span> <span class='ocrx_word' id='word_1_558' title='bbox 1885 3765 1959 3807; x_wconf 86' lang='lat' dir='ltr'><strong>esse</strong></span> 
     </span>
     <span class='ocr_line' id='line_1_40' title="bbox 247 3833 1958 3914; baseline -0.013 0"><span class='ocrx_word' id='word_1_559' title='bbox 247 3844 414 3914; x_wconf 82' lang='lat' dir='ltr'><strong>viperarum,</strong></span> <span class='ocrx_word' id='word_1_560' title='bbox 435 3833 565 3912; x_wconf 87' lang='lat' dir='ltr'><strong>quomodo</strong></span> <span class='ocrx_word' id='word_1_561' title='bbox 589 3840 701 3906; x_wconf 77' lang='lat' dir='ltr'><strong>potestis</strong></span> <span class='ocrx_word' id='word_1_562' title='bbox 725 3838 796 3893; x_wconf 90' lang='lat' dir='ltr'><strong>bono</strong></span> <span class='ocrx_word' id='word_1_563' title='bbox 823 3839 908 3909; x_wconf 84' lang='lat' dir='ltr'><strong>toqui,</strong></span> <span class='ocrx_word' id='word_1_564' title='bbox 936 3855 998 3893; x_wconf 77' lang='lat' dir='ltr'><strong>curn</strong></span> <span class='ocrx_word' id='word_1_565' title='bbox 1012 3840 1073 3895; x_wconf 87' lang='lat' dir='ltr'><strong>sitis</strong></span> <span class='ocrx_word' id='word_1_566' title='bbox 1127 3843 1269 3910; x_wconf 89' lang='lat' dir='ltr'><strong>mulieris,</strong></span> <span class='ocrx_word' id='word_1_567' title='bbox 1290 3841 1342 3898; x_wconf 89' lang='lat' dir='ltr'><strong>sed</strong></span> <span class='ocrx_word' id='word_1_568' title='bbox 1359 3839 1426 3896; x_wconf 79' lang='lat' dir='ltr'><strong>Adae</strong></span> <span class='ocrx_word' id='word_1_569' title='bbox 1446 3838 1537 3896; x_wconf 88' lang='lat' dir='ltr'><strong>luisse</strong></span> <span class='ocrx_word' id='word_1_570' title='bbox 1557 3855 1564 3894; x_wconf 90' lang='lat'>:</span> <span class='ocrx_word' id='word_1_571' title='bbox 1585 3837 1626 3894; x_wconf 87' lang='lat' dir='ltr'><strong>ita</strong></span> <span class='ocrx_word' id='word_1_572' title='bbox 1643 3837 1736 3894; x_wconf 82' lang='lat' dir='ltr'><strong>Adam</strong></span> <span class='ocrx_word' id='word_1_573' title='bbox 1756 3837 1866 3894; x_wconf 86' lang='lat' dir='ltr'><strong>dixisse</strong></span> <span class='ocrx_word' id='word_1_574' title='bbox 1884 3853 1958 3892; x_wconf 88' lang='lat' dir='ltr'><strong>mu·</strong></span> 
     </span>
     <span class='ocr_line' id='line_1_41' title="bbox 166 3925 1955 4004; baseline -0.007 -12"><span class='ocrx_word' id='word_1_575' title='bbox 166 3964 171 3973; x_wconf 74' lang='lat'><em>,</em></span> <span class='ocrx_word' id='word_1_576' title='bbox 247 3932 317 3987; x_wconf 85' lang='lat' dir='ltr'><strong>moli</strong></span> <span class='ocrx_word' id='word_1_577' title='bbox 331 3930 440 4004; x_wconf 78' lang='lat' dir='ltr'><strong>(notet.</strong></span> <span class='ocrx_word' id='word_1_578' title='bbox 456 3929 586 4001; x_wconf 81' lang='lat' dir='ltr'><strong>x11‚3·t)?</strong></span> <span class='ocrx_word' id='word_1_579' title='bbox 1126 3932 1202 4001; x_wconf 86' lang='lat' dir='ltr'><strong>lieri,</strong></span> <span class='ocrx_word' id='word_1_580' title='bbox 1224 3932 1295 3987; x_wconf 89' lang='lat' dir='ltr'><strong>dum</strong></span> <span class='ocrx_word' id='word_1_581' title='bbox 1323 3944 1387 3986; x_wconf 90' lang='lat' dir='ltr'><strong>eam</strong></span> <span class='ocrx_word' id='word_1_582' title='bbox 1416 3927 1503 3985; x_wconf 90' lang='lat' dir='ltr'><strong>vellet</strong></span> <span class='ocrx_word' id='word_1_583' title='bbox 1530 3928 1623 3983; x_wconf 87' lang='lat' dir='ltr'><strong>iacere</strong></span> <span class='ocrx_word' id='word_1_584' title='bbox 1646 3925 1817 3994; x_wconf 84' lang='lat' dir='ltr'><strong>cautiorem,</strong></span> <span class='ocrx_word' id='word_1_585' title='bbox 1839 3929 1872 3981; x_wconf 92' lang='lat' dir='ltr'><strong>ut</strong></span> <span class='ocrx_word' id='word_1_586' title='bbox 1893 3927 1955 3981; x_wconf 89' lang='lat' dir='ltr'><strong>ad-</strong></span> 
     </span>
     <span class='ocr_line' id='line_1_42' title="bbox 283 4014 1961 4089; baseline -0.005 -13"><span class='ocrx_word' id='word_1_587' title='bbox 283 4022 328 4077; x_wconf 77' lang='lat'><strong>56.</strong></span> <span class='ocrx_word' id='word_1_588' title='bbox 345 4022 379 4075; x_wconf 79' lang='lat' dir='ltr'><strong>Et</strong></span> <span class='ocrx_word' id='word_1_589' title='bbox 399 4020 474 4075; x_wconf 77' lang='lat' dir='ltr'><strong>dicit</strong></span> <span class='ocrx_word' id='word_1_590' title='bbox 500 4033 611 4089; x_wconf 82' lang='lat' dir='ltr'><strong>serpens</strong></span> <span class='ocrx_word' id='word_1_591' title='bbox 639 4015 770 4071; x_wconf 88' lang='lat' dir='ltr'><strong>mulieri:</strong></span> <span class='ocrx_word' id='word_1_592' title='bbox 797 4014 868 4084; x_wconf 81' lang='lat' dir='ltr'><strong>Quid</strong></span> <span class='ocrx_word' id='word_1_593' title='bbox 895 4017 988 4087; x_wconf 82' lang='lat' dir='ltr'><strong>utique</strong></span> <span class='ocrx_word' id='word_1_594' title='bbox 1000 4016 1074 4071; x_wconf 83' lang='lat' dir='ltr'><strong>dieii</strong></span> <span class='ocrx_word' id='word_1_595' title='bbox 1129 4021 1209 4077; x_wconf 87' lang='lat' dir='ltr'><strong>deret</strong></span> <span class='ocrx_word' id='word_1_596' title='bbox 1228 4017 1385 4076; x_wconf 89' lang='lat' dir='ltr'><strong>mandasse</strong></span> <span class='ocrx_word' id='word_1_597' title='bbox 1400 4019 1492 4073; x_wconf 87' lang='lat' dir='ltr'><strong>Deum</strong></span> <span class='ocrx_word' id='word_1_598' title='bbox 1509 4033 1516 4072; x_wconf 74' lang='grc' dir='ltr'><strong><em>ε</em></strong></span> <span class='ocrx_word' id='word_1_599' title='bbox 1536 4017 1627 4088; x_wconf 83' lang='lat' dir='ltr'><strong>lleqne</strong></span> <span class='ocrx_word' id='word_1_600' title='bbox 1644 4017 1763 4084; x_wconf 87' lang='lat' dir='ltr'><strong>tonqetis</strong></span> <span class='ocrx_word' id='word_1_601' title='bbox 1781 4030 1816 4071; x_wconf 80' lang='lat' dir='ltr'><strong>ex</strong></span> <span class='ocrx_word' id='word_1_602' title='bbox 1829 4029 1859 4072; x_wconf 83' lang='lat' dir='ltr'><strong>eo</strong></span> <span class='ocrx_word' id='word_1_603' title='bbox 1873 4015 1961 4086; x_wconf 82' lang='lat' dir='ltr'><strong>quit.</strong></span> 
     </span>
    </p>
   </div>
   <div class='ocr_carea' id='block_1_5' title="bbox 138 4103 1960 4185">
    <p class='ocr_par' dir='ltr' id='par_1_6' title="bbox 138 4103 1960 4185">
     <span class='ocr_line' id='line_1_43' title="bbox 138 4103 1960 4185; baseline -0.004 -19"><span class='ocrx_word' id='word_1_604' title='bbox 138 4172 145 4185; x_wconf 49' lang='grc'><em>,</em></span> <span class='ocrx_word' id='word_1_605' title='bbox 248 4111 329 4178; x_wconf 81' lang='lat' dir='ltr'><strong>bens,</strong></span> <span class='ocrx_word' id='word_1_606' title='bbox 343 4126 378 4164; x_wconf 88' lang='lat' dir='ltr'><strong>ne</strong></span> <span class='ocrx_word' id='word_1_607' title='bbox 392 4108 480 4164; x_wconf 81' lang='lat' dir='ltr'><strong>edatis</strong></span> <span class='ocrx_word' id='word_1_608' title='bbox 495 4106 618 4163; x_wconf 72' lang='lat' dir='ltr'><strong>exomni</strong></span> <span class='ocrx_word' id='word_1_609' title='bbox 638 4106 713 4176; x_wconf 86' lang='lat' dir='ltr'><strong>tiqno</strong></span> <span class='ocrx_word' id='word_1_610' title='bbox 728 4104 798 4175; x_wconf 90' lang='lat' dir='ltr'><strong>quod</strong></span> <span class='ocrx_word' id='word_1_611' title='bbox 812 4106 851 4158; x_wconf 87' lang='lat' dir='ltr'><strong>est</strong></span> <span class='ocrx_word' id='word_1_612' title='bbox 875 4105 904 4159; x_wconf 83' lang='lat' dir='ltr'><strong>tn</strong></span> <span class='ocrx_word' id='word_1_613' title='bbox 921 4104 1074 4176; x_wconf 83' lang='lat' dir='ltr'><strong>paradiso?</strong></span> <span class='ocrx_word' id='word_1_614' title='bbox 1127 4127 1220 4184; x_wconf 77' lang='lat' dir='ltr'><strong>qoem.</strong></span> <span class='ocrx_word' id='word_1_615' title='bbox 1240 4106 1388 4164; x_wconf 86' lang='lat' dir='ltr'><strong>Habemus</strong></span> <span class='ocrx_word' id='word_1_616' title='bbox 1408 4103 1486 4162; x_wconf 91' lang='lat' dir='ltr'><strong>enim</strong></span> <span class='ocrx_word' id='word_1_617' title='bbox 1506 4104 1575 4178; x_wconf 91' lang='lat' dir='ltr'><strong>quia</strong></span> <span class='ocrx_word' id='word_1_618' title='bbox 1594 4103 1699 4171; x_wconf 76' lang='lat' dir='ltr'><strong>Adam,</strong></span> <span class='ocrx_word' id='word_1_619' title='bbox 1720 4120 1778 4160; x_wconf 91' lang='lat' dir='ltr'><strong>non</strong></span> <span class='ocrx_word' id='word_1_620' title='bbox 1798 4103 1855 4159; x_wconf 83' lang='lat' dir='ltr'><strong>ilva</strong></span> <span class='ocrx_word' id='word_1_621' title='bbox 1869 4119 1960 4159; x_wconf 89' lang='lat' dir='ltr'><strong>man·</strong></span> 
     </span>
    </p>
   </div>
   <div class='ocr_carea' id='block_1_6' title="bbox 247 4189 1964 5149">
    <p class='ocr_par' dir='ltr' id='par_1_7' title="bbox 247 4189 1964 5149">
     <span class='ocr_line' id='line_1_44' title="bbox 247 4189 1961 4268; baseline -0.004 -12"><span class='ocrx_word' id='word_1_622' title='bbox 247 4202 279 4257; x_wconf 80' lang='lat' dir='ltr'><strong>et</strong></span> <span class='ocrx_word' id='word_1_623' title='bbox 294 4199 368 4255; x_wconf 80' lang='lat' dir='ltr'><strong>dixit</strong></span> <span class='ocrx_word' id='word_1_624' title='bbox 381 4199 482 4253; x_wconf 86' lang='lat' dir='ltr'><strong>mulier</strong></span> <span class='ocrx_word' id='word_1_625' title='bbox 508 4196 649 4267; x_wconf 81' lang='lat' dir='ltr'><strong>serpenti:</strong></span> <span class='ocrx_word' id='word_1_626' title='bbox 676 4195 719 4248; x_wconf 78' lang='lat' dir='ltr'><strong>tiu</strong></span> <span class='ocrx_word' id='word_1_627' title='bbox 743 4193 820 4248; x_wconf 88' lang='lat' dir='ltr'><strong>omni</strong></span> <span class='ocrx_word' id='word_1_628' title='bbox 846 4193 922 4263; x_wconf 86' lang='lat' dir='ltr'><strong>iiqno</strong></span> <span class='ocrx_word' id='word_1_629' title='bbox 947 4193 1076 4265; x_wconf 78' lang='lat' dir='ltr'><strong>parcum·</strong></span> <span class='ocrx_word' id='word_1_630' title='bbox 1128 4200 1230 4256; x_wconf 81' lang='lat' dir='ltr'><strong>datum</strong></span> <span class='ocrx_word' id='word_1_631' title='bbox 1263 4193 1406 4268; x_wconf 85' lang='lat' dir='ltr'><strong>acceperit</strong></span> <span class='ocrx_word' id='word_1_632' title='bbox 1425 4211 1443 4250; x_wconf 88' lang='lat' dir='ltr'><strong>a</strong></span> <span class='ocrx_word' id='word_1_633' title='bbox 1460 4194 1529 4250; x_wconf 89' lang='lat' dir='ltr'><strong>Deo.</strong></span> <span class='ocrx_word' id='word_1_634' title='bbox 1562 4191 1699 4249; x_wconf 90' lang='lat' dir='ltr'><strong>Nondum</strong></span> <span class='ocrx_word' id='word_1_635' title='bbox 1731 4191 1810 4248; x_wconf 90' lang='lat' dir='ltr'><strong>enirn</strong></span> <span class='ocrx_word' id='word_1_636' title='bbox 1844 4189 1961 4250; x_wconf 85' lang='lat' dir='ltr'><strong>mulier</strong></span> 
     </span>
     <span class='ocr_line' id='line_1_45' title="bbox 247 4269 1960 4356; baseline -0.007 -8"><span class='ocrx_word' id='word_1_637' title='bbox 247 4287 494 4344; x_wconf 78' lang='lat' dir='ltr'><strong>manducabimus:</strong></span> <span class='ocrx_word' id='word_1_638' title='bbox 517 4285 549 4340; x_wconf 83' lang='lat' dir='ltr'><strong>dc</strong></span> <span class='ocrx_word' id='word_1_639' title='bbox 573 4286 666 4355; x_wconf 70' lang='lat' dir='ltr'><strong>fructu</strong></span> <span class='ocrx_word' id='word_1_640' title='bbox 687 4286 779 4337; x_wconf 86' lang='lat' dir='ltr'><strong>eutem</strong></span> <span class='ocrx_word' id='word_1_641' title='bbox 799 4282 871 4353; x_wconf 74' lang='lat' dir='ltr'><strong>tiqui</strong></span> <span class='ocrx_word' id='word_1_642' title='bbox 898 4282 971 4353; x_wconf 74' lang='lat' dir='ltr'><strong>quod</strong></span> <span class='ocrx_word' id='word_1_643' title='bbox 985 4285 1024 4338; x_wconf 74' lang='lat' dir='ltr'><strong>cut</strong></span> <span class='ocrx_word' id='word_1_644' title='bbox 1044 4283 1074 4337; x_wconf 83' lang='lat' dir='ltr'><strong>tu</strong></span> <span class='ocrx_word' id='word_1_645' title='bbox 1127 4288 1253 4344; x_wconf 85' lang='lat' dir='ltr'><strong>formate</strong></span> <span class='ocrx_word' id='word_1_646' title='bbox 1276 4285 1380 4340; x_wconf 89' lang='lat' dir='ltr'><strong>iuerat.</strong></span> <span class='ocrx_word' id='word_1_647' title='bbox 1411 4283 1477 4356; x_wconf 87' lang='lat' dir='ltr'><strong>ipsa</strong></span> <span class='ocrx_word' id='word_1_648' title='bbox 1505 4281 1624 4355; x_wconf 89' lang='lat' dir='ltr'><strong>quidem</strong></span> <span class='ocrx_word' id='word_1_649' title='bbox 1646 4281 1736 4337; x_wconf 85' lang='lat' dir='ltr'><strong>verba</strong></span> <span class='ocrx_word' id='word_1_650' title='bbox 1754 4281 1822 4336; x_wconf 81' lang='lat' dir='ltr'><strong>hda</strong></span> <span class='ocrx_word' id='word_1_651' title='bbox 1842 4269 1960 4353; x_wconf 84' lang='lat' dir='ltr'><strong>quihus</strong></span> 
     </span>
     <span class='ocr_line' id='line_1_46' title="bbox 248 4367 1958 4448; baseline -0.002 -16"><span class='ocrx_word' id='word_1_652' title='bbox 248 4377 337 4433; x_wconf 81' lang='lat' dir='ltr'><strong>aredio</strong></span> <span class='ocrx_word' id='word_1_653' title='bbox 358 4377 492 4448; x_wconf 84' lang='lat' dir='ltr'><strong>paradisi,</strong></span> <span class='ocrx_word' id='word_1_654' title='bbox 519 4375 592 4430; x_wconf 70' lang='lat' dir='ltr'><strong>discit</strong></span> <span class='ocrx_word' id='word_1_655' title='bbox 620 4375 707 4434; x_wconf 77' lang='lat' dir='ltr'><strong>licus:</strong></span> <span class='ocrx_word' id='word_1_656' title='bbox 731 4372 790 4427; x_wconf 87' lang='lat' dir='ltr'><strong>Nou</strong></span> <span class='ocrx_word' id='word_1_657' title='bbox 813 4370 1013 4426; x_wconf 74' lang='lat' dir='ltr'><strong>muudocul’iu&#39;s</strong></span> <span class='ocrx_word' id='word_1_658' title='bbox 1038 4387 1075 4426; x_wconf 83' lang='lat' dir='ltr'><strong>ccc</strong></span> <span class='ocrx_word' id='word_1_659' title='bbox 1129 4374 1244 4432; x_wconf 90' lang='lat' dir='ltr'><strong>mulieri</strong></span> <span class='ocrx_word' id='word_1_660' title='bbox 1271 4373 1344 4430; x_wconf 85' lang='lat' dir='ltr'><strong>dixit</strong></span> <span class='ocrx_word' id='word_1_661' title='bbox 1373 4371 1497 4430; x_wconf 84' lang='lat' dir='ltr'><strong>termam</strong></span> <span class='ocrx_word' id='word_1_662' title='bbox 1527 4370 1692 4442; x_wconf 86' lang='lat' dir='ltr'><strong>seriemque</strong></span> <span class='ocrx_word' id='word_1_663' title='bbox 1721 4367 1864 4437; x_wconf 88' lang='lat' dir='ltr'><strong>mandati,</strong></span> <span class='ocrx_word' id='word_1_664' title='bbox 1893 4387 1958 4428; x_wconf 91' lang='lat' dir='ltr'><strong>non</strong></span> 
     </span>
     <span class='ocr_line' id='line_1_47' title="bbox 249 4457 1962 4538; baseline -0.008 -10"><span class='ocrx_word' id='word_1_665' title='bbox 249 4480 290 4528; x_wconf 71' lang='lat' dir='ltr'><strong>co.</strong></span> <span class='ocrx_word' id='word_1_666' title='bbox 305 4480 391 4535; x_wconf 77' lang='lat' dir='ltr'><strong>tccuuc</strong></span> <span class='ocrx_word' id='word_1_667' title='bbox 414 4465 529 4535; x_wconf 75' lang='lat' dir='ltr'><strong>tuuectt&#39;c</strong></span> <span class='ocrx_word' id='word_1_668' title='bbox 558 4479 593 4520; x_wconf 81' lang='lat' dir='ltr'><strong>cu</strong></span> <span class='ocrx_word' id='word_1_669' title='bbox 621 4477 661 4530; x_wconf 74' lang='lat' dir='ltr'><strong>co,</strong></span> <span class='ocrx_word' id='word_1_670' title='bbox 683 4477 719 4516; x_wconf 75' lang='lat' dir='ltr'><strong>uu</strong></span> <span class='ocrx_word' id='word_1_671' title='bbox 743 4457 1041 4528; x_wconf 75' lang='lat' dir='ltr'><strong>moriornini(Gen,111‚</strong></span> <span class='ocrx_word' id='word_1_672' title='bbox 1057 4463 1075 4515; x_wconf 86' lang='lat'>2</span> <span class='ocrx_word' id='word_1_673' title='bbox 1128 4464 1225 4538; x_wconf 89' lang='lat' dir='ltr'><strong>prodit</strong></span> <span class='ocrx_word' id='word_1_674' title='bbox 1243 4461 1349 4519; x_wconf 91' lang='lat' dir='ltr'><strong>lectio:</strong></span> <span class='ocrx_word' id='word_1_675' title='bbox 1367 4459 1418 4517; x_wconf 90' lang='lat' dir='ltr'><strong>sed</strong></span> <span class='ocrx_word' id='word_1_676' title='bbox 1436 4458 1630 4532; x_wconf 80' lang='lat' dir='ltr'><strong>intelligimus</strong></span> <span class='ocrx_word' id='word_1_677' title='bbox 1649 4475 1701 4532; x_wconf 89' lang='lat' dir='ltr'><strong>per</strong></span> <span class='ocrx_word' id='word_1_678' title='bbox 1718 4458 1813 4514; x_wconf 86' lang='lat' dir='ltr'><strong>virum</strong></span> <span class='ocrx_word' id='word_1_679' title='bbox 1829 4458 1866 4514; x_wconf 93' lang='lat' dir='ltr'><strong>ad</strong></span> <span class='ocrx_word' id='word_1_680' title='bbox 1888 4475 1962 4515; x_wconf 90' lang='lat' dir='ltr'><strong>mu·</strong></span> 
     </span>
     <span class='ocr_line' id='line_1_48' title="bbox 249 4544 1958 4636; baseline -0.004 -26"><span class='ocrx_word' id='word_1_681' title='bbox 249 4556 276 4611; x_wconf 88' lang='lat' dir='ltr'><strong>et</strong></span> <span class='ocrx_word' id='word_1_682' title='bbox 289 4553 326 4624; x_wconf 81' lang='lat'><strong>3).</strong></span> <span class='ocrx_word' id='word_1_683' title='bbox 343 4552 416 4608; x_wconf 85' lang='lat' dir='ltr'><strong>Cum</strong></span> <span class='ocrx_word' id='word_1_684' title='bbox 432 4552 560 4609; x_wconf 88' lang='lat' dir='ltr'><strong>audieris</strong></span> <span class='ocrx_word' id='word_1_685' title='bbox 577 4548 794 4624; x_wconf 88' lang='lat' dir='ltr'><strong>sapientiorem,</strong></span> <span class='ocrx_word' id='word_1_686' title='bbox 813 4547 915 4604; x_wconf 86' lang='lat' dir='ltr'><strong>bestiis</strong></span> <span class='ocrx_word' id='word_1_687' title='bbox 934 4549 1072 4604; x_wconf 92' lang='lat' dir='ltr'><strong>omnibus</strong></span> <span class='ocrx_word' id='word_1_688' title='bbox 1088 4569 1113 4636; x_wconf 67' lang='lat' dir='ltr'><strong>[q</strong></span> <span class='ocrx_word' id='word_1_689' title='bbox 1128 4551 1230 4609; x_wconf 86' lang='lat' dir='ltr'><strong>lienem</strong></span> <span class='ocrx_word' id='word_1_690' title='bbox 1250 4549 1355 4607; x_wconf 88' lang='lat' dir='ltr'><strong>seriem</strong></span> <span class='ocrx_word' id='word_1_691' title='bbox 1373 4547 1516 4605; x_wconf 84' lang='lat' dir='ltr'><strong>transisse</strong></span> <span class='ocrx_word' id='word_1_692' title='bbox 1536 4547 1676 4603; x_wconf 85' lang='lat' dir='ltr'><strong>mandeti.</strong></span> <span class='ocrx_word' id='word_1_693' title='bbox 1702 4544 1833 4602; x_wconf 88' lang='lat' dir='ltr'><strong>Viderint</strong></span> <span class='ocrx_word' id='word_1_694' title='bbox 1851 4549 1958 4604; x_wconf 71' lang='lat' dir='ltr'><strong>minen</strong></span> 
     </span>
     <span class='ocr_line' id='line_1_49' title="bbox 249 4633 1961 4714; baseline -0.008 -7"><span class='ocrx_word' id='word_1_695' title='bbox 249 4658 314 4697; x_wconf 77' lang='lat' dir='ltr'><strong>esee</strong></span> <span class='ocrx_word' id='word_1_696' title='bbox 329 4645 504 4713; x_wconf 78' lang='lat' dir='ltr'><strong>serpentem,</strong></span> <span class='ocrx_word' id='word_1_697' title='bbox 520 4640 568 4695; x_wconf 87' lang='lat' dir='ltr'><strong>hic</strong></span> <span class='ocrx_word' id='word_1_698' title='bbox 597 4639 661 4710; x_wconf 78' lang='lat' dir='ltr'><strong>eius</strong></span> <span class='ocrx_word' id='word_1_699' title='bbox 687 4639 749 4709; x_wconf 81' lang='lat' dir='ltr'><strong>iam</strong></span> <span class='ocrx_word' id='word_1_700' title='bbox 777 4652 874 4708; x_wconf 77' lang='lat' dir='ltr'><strong>quere</strong></span> <span class='ocrx_word' id='word_1_701' title='bbox 900 4637 1071 4693; x_wconf 79' lang='lat' dir='ltr'><strong>versutiam.</strong></span> <span class='ocrx_word' id='word_1_702' title='bbox 1127 4641 1177 4699; x_wconf 78' lang='lat' dir='ltr'><strong>atii</strong></span> <span class='ocrx_word' id='word_1_703' title='bbox 1192 4639 1262 4714; x_wconf 85' lang='lat' dir='ltr'><strong>quid</strong></span> <span class='ocrx_word' id='word_1_704' title='bbox 1282 4637 1430 4706; x_wconf 59' lang='lat' dir='ltr'><strong>senticum</strong></span> <span class='ocrx_word' id='word_1_705' title='bbox 1448 4636 1520 4692; x_wconf 83' lang='lat' dir='ltr'><strong>mint</strong></span> <span class='ocrx_word' id='word_1_706' title='bbox 1539 4639 1637 4695; x_wconf 77' lang='lat' dir='ltr'><strong>nmen</strong></span> <span class='ocrx_word' id='word_1_707' title='bbox 1657 4635 1774 4692; x_wconf 76' lang='lat' dir='ltr'><strong>videtur</strong></span> <span class='ocrx_word' id='word_1_708' title='bbox 1792 4651 1809 4691; x_wconf 75' lang='lat' dir='ltr'><strong>a</strong></span> <span class='ocrx_word' id='word_1_709' title='bbox 1828 4633 1961 4694; x_wconf 76' lang='lat' dir='ltr'><strong>muliere</strong></span> 
     </span>
     <span class='ocr_line' id='line_1_50' title="bbox 249 4718 1961 4803; baseline -0.006 -11"><span class='ocrx_word' id='word_1_710' title='bbox 249 4730 377 4788; x_wconf 80' lang='lat' dir='ltr'><strong>Simulat</strong></span> <span class='ocrx_word' id='word_1_711' title='bbox 392 4745 423 4784; x_wconf 77' lang='lat' dir='ltr'><strong>se</strong></span> <span class='ocrx_word' id='word_1_712' title='bbox 442 4727 529 4783; x_wconf 78' lang='lat' dir='ltr'><strong>verbu</strong></span> <span class='ocrx_word' id='word_1_713' title='bbox 551 4726 602 4783; x_wconf 81' lang='lat' dir='ltr'><strong>Dei</strong></span> <span class='ocrx_word' id='word_1_714' title='bbox 629 4726 736 4791; x_wconf 73' lang='lat' dir='ltr'><strong>diocte,</strong></span> <span class='ocrx_word' id='word_1_715' title='bbox 766 4727 794 4780; x_wconf 75' lang='lat' dir='ltr'><strong>ot</strong></span> <span class='ocrx_word' id='word_1_716' title='bbox 822 4725 956 4796; x_wconf 65' lang='lat' dir='ltr'><strong>proprios</strong></span> <span class='ocrx_word' id='word_1_717' title='bbox 969 4718 1073 4781; x_wconf 65' lang='lat' dir='ltr'><strong>intent</strong></span> <span class='ocrx_word' id='word_1_718' title='bbox 1126 4728 1249 4803; x_wconf 74' lang='lat' dir='ltr'><strong>caepisse</strong></span> <span class='ocrx_word' id='word_1_719' title='bbox 1267 4727 1382 4796; x_wconf 86' lang='lat' dir='ltr'><strong>vitium,</strong></span> <span class='ocrx_word' id='word_1_720' title='bbox 1403 4725 1557 4783; x_wconf 89' lang='lat' dir='ltr'><strong>inchoasse</strong></span> <span class='ocrx_word' id='word_1_721' title='bbox 1579 4725 1776 4782; x_wconf 90' lang='lat' dir='ltr'><strong>mendacium.</strong></span> <span class='ocrx_word' id='word_1_722' title='bbox 1801 4725 1876 4780; x_wconf 82' lang='lat' dir='ltr'><strong>Nam</strong></span> <span class='ocrx_word' id='word_1_723' title='bbox 1896 4727 1961 4782; x_wconf 89' lang='lat' dir='ltr'><strong>etsi</strong></span> 
     </span>
     <span class='ocr_line' id='line_1_51' title="bbox 250 4812 1963 4891; baseline -0.002 -15"><span class='ocrx_word' id='word_1_724' title='bbox 250 4819 333 4876; x_wconf 85' lang='lat' dir='ltr'><strong>dolos</strong></span> <span class='ocrx_word' id='word_1_725' title='bbox 361 4817 429 4891; x_wconf 81' lang='lat'><strong>(63).</strong></span> <span class='ocrx_word' id='word_1_726' title='bbox 462 4816 534 4873; x_wconf 87' lang='lat' dir='ltr'><strong>Cum</strong></span> <span class='ocrx_word' id='word_1_727' title='bbox 563 4816 640 4872; x_wconf 90' lang='lat' dir='ltr'><strong>enim</strong></span> <span class='ocrx_word' id='word_1_728' title='bbox 667 4812 790 4870; x_wconf 85' lang='lat' dir='ltr'><strong>dixisset</strong></span> <span class='ocrx_word' id='word_1_729' title='bbox 817 4812 911 4869; x_wconf 87' lang='lat' dir='ltr'><strong>Deus:</strong></span> <span class='ocrx_word' id='word_1_730' title='bbox 927 4815 969 4869; x_wconf 78' lang='lat' dir='ltr'><strong>ile</strong></span> <span class='ocrx_word' id='word_1_731' title='bbox 996 4815 1074 4870; x_wconf 89' lang='lat' dir='ltr'><strong>omni</strong></span> <span class='ocrx_word' id='word_1_732' title='bbox 1127 4819 1163 4875; x_wconf 90' lang='lat' dir='ltr'><strong>de</strong></span> <span class='ocrx_word' id='word_1_733' title='bbox 1177 4816 1293 4874; x_wconf 89' lang='lat' dir='ltr'><strong>duobus</strong></span> <span class='ocrx_word' id='word_1_734' title='bbox 1307 4814 1442 4872; x_wconf 89' lang='lat' dir='ltr'><strong>videatur</strong></span> <span class='ocrx_word' id='word_1_735' title='bbox 1456 4815 1612 4883; x_wconf 88' lang='lat' dir='ltr'><strong>incertum,</strong></span> <span class='ocrx_word' id='word_1_736' title='bbox 1632 4817 1731 4870; x_wconf 88' lang='lat' dir='ltr'><strong>tamen</strong></span> <span class='ocrx_word' id='word_1_737' title='bbox 1751 4827 1838 4870; x_wconf 85' lang='lat' dir='ltr'><strong>sexus</strong></span> <span class='ocrx_word' id='word_1_738' title='bbox 1853 4813 1963 4885; x_wconf 86' lang='lat' dir='ltr'><strong>prodit</strong></span> 
     </span>
     <span class='ocr_line' id='line_1_52' title="bbox 250 4901 1964 4982; baseline -0.002 -18"><span class='ocrx_word' id='word_1_739' title='bbox 250 4909 325 4979; x_wconf 88' lang='lat' dir='ltr'><strong>liqna</strong></span> <span class='ocrx_word' id='word_1_740' title='bbox 340 4907 411 4982; x_wconf 89' lang='lat' dir='ltr'><strong>quod</strong></span> <span class='ocrx_word' id='word_1_741' title='bbox 429 4909 511 4964; x_wconf 87' lang='lat' dir='ltr'><strong>estin</strong></span> <span class='ocrx_word' id='word_1_742' title='bbox 527 4905 655 4977; x_wconf 74' lang='lat' dir='ltr'><strong>paradiso</strong></span> <span class='ocrx_word' id='word_1_743' title='bbox 675 4903 758 4960; x_wconf 85' lang='lat' dir='ltr'><strong>edetis</strong></span> <span class='ocrx_word' id='word_1_744' title='bbox 772 4901 809 4957; x_wconf 90' lang='lat' dir='ltr'><strong>od</strong></span> <span class='ocrx_word' id='word_1_745' title='bbox 829 4916 935 4959; x_wconf 86' lang='lat' dir='ltr'><strong>eseam:</strong></span> <span class='ocrx_word' id='word_1_746' title='bbox 951 4902 984 4960; x_wconf 91' lang='lat' dir='ltr'><strong>de</strong></span> <span class='ocrx_word' id='word_1_747' title='bbox 997 4903 1072 4974; x_wconf 87' lang='lat' dir='ltr'><strong>liqna</strong></span> <span class='ocrx_word' id='word_1_748' title='bbox 1127 4907 1178 4980; x_wconf 91' lang='lat' dir='ltr'><strong>qui</strong></span> <span class='ocrx_word' id='word_1_749' title='bbox 1194 4904 1276 4979; x_wconf 90' lang='lat' dir='ltr'><strong>prius</strong></span> <span class='ocrx_word' id='word_1_750' title='bbox 1290 4903 1418 4979; x_wconf 90' lang='lat' dir='ltr'><strong>potuerit</strong></span> <span class='ocrx_word' id='word_1_751' title='bbox 1428 4917 1533 4960; x_wconf 89' lang='lat' dir='ltr'><strong>errare.</strong></span> <span class='ocrx_word' id='word_1_752' title='bbox 1544 4901 1625 4958; x_wconf 86' lang='lat' dir='ltr'><strong>Adde</strong></span> <span class='ocrx_word' id='word_1_753' title='bbox 1637 4903 1707 4975; x_wconf 91' lang='lat' dir='ltr'><strong>quia</strong></span> <span class='ocrx_word' id='word_1_754' title='bbox 1716 4901 1885 4974; x_wconf 69' lang='lat' dir='ltr'><strong>praejudicio</strong></span> <span class='ocrx_word' id='word_1_755' title='bbox 1901 4901 1964 4960; x_wconf 83' lang='lat' dir='ltr'><strong>illa</strong></span> 
     </span>
     <span class='ocr_line' id='line_1_53' title="bbox 249 4989 1962 5070; baseline -0.003 -16"><span class='ocrx_word' id='word_1_756' title='bbox 249 5006 340 5054; x_wconf 83' lang='lat' dir='ltr'><strong>autem</strong></span> <span class='ocrx_word' id='word_1_757' title='bbox 357 4997 427 5070; x_wconf 86' lang='lat' dir='ltr'><strong>qaod</strong></span> <span class='ocrx_word' id='word_1_758' title='bbox 440 5000 481 5053; x_wconf 90' lang='lat' dir='ltr'><strong>est</strong></span> <span class='ocrx_word' id='word_1_759' title='bbox 492 4995 631 5058; x_wconf 63' lang='lat' dir='ltr'><strong>adeunte</strong></span> <span class='ocrx_word' id='word_1_760' title='bbox 646 4993 743 5049; x_wconf 86' lang='lat' dir='ltr'><strong>boniet</strong></span> <span class='ocrx_word' id='word_1_761' title='bbox 756 4994 826 5049; x_wconf 87' lang='lat' dir='ltr'><strong>mati</strong></span> <span class='ocrx_word' id='word_1_762' title='bbox 838 5010 893 5050; x_wconf 89' lang='lat' dir='ltr'><strong>non</strong></span> <span class='ocrx_word' id='word_1_763' title='bbox 908 4993 1002 5060; x_wconf 81' lang='lat' dir='ltr'><strong>edetis,</strong></span> <span class='ocrx_word' id='word_1_764' title='bbox 1019 5008 1073 5063; x_wconf 85' lang='lat' dir='ltr'><strong>quo</strong></span> <span class='ocrx_word' id='word_1_765' title='bbox 1127 4993 1348 5067; x_wconf 80' lang='lat' dir='ltr'><strong>constringitur,</strong></span> <span class='ocrx_word' id='word_1_766' title='bbox 1368 4993 1454 5064; x_wconf 84' lang='lat' dir='ltr'><strong>cujus</strong></span> <span class='ocrx_word' id='word_1_767' title='bbox 1466 4995 1496 5048; x_wconf 88' lang='lat' dir='ltr'><strong>st</strong></span> <span class='ocrx_word' id='word_1_768' title='bbox 1511 4995 1611 5064; x_wconf 88' lang='lat' dir='ltr'><strong>postea</strong></span> <span class='ocrx_word' id='word_1_769' title='bbox 1625 4991 1706 5064; x_wconf 91' lang='lat' dir='ltr'><strong>prior</strong></span> <span class='ocrx_word' id='word_1_770' title='bbox 1720 5007 1800 5047; x_wconf 89' lang='lat' dir='ltr'><strong>error</strong></span> <span class='ocrx_word' id='word_1_771' title='bbox 1814 4989 1962 5050; x_wconf 85' lang='lat' dir='ltr'><strong>inventus</strong></span> 
     </span>
     <span class='ocr_line' id='line_1_54' title="bbox 249 5077 1964 5149; baseline -0.003 -7"><span class='ocrx_word' id='word_1_772' title='bbox 249 5087 294 5142; x_wconf 86' lang='lat' dir='ltr'><strong>die</strong></span> <span class='ocrx_word' id='word_1_773' title='bbox 321 5089 413 5142; x_wconf 72' lang='lat' dir='ltr'><strong>aretem</strong></span> <span class='ocrx_word' id='word_1_774' title='bbox 441 5083 643 5140; x_wconf 84' lang='lat' dir='ltr'><strong>manducabitis</strong></span> <span class='ocrx_word' id='word_1_775' title='bbox 671 5099 707 5138; x_wconf 81' lang='lat' dir='ltr'><strong>ex</strong></span> <span class='ocrx_word' id='word_1_776' title='bbox 733 5097 774 5149; x_wconf 86' lang='lat' dir='ltr'><strong>eo,</strong></span> <span class='ocrx_word' id='word_1_777' title='bbox 801 5091 888 5138; x_wconf 85' lang='lat' dir='ltr'><strong>morte</strong></span> <span class='ocrx_word' id='word_1_778' title='bbox 914 5079 1075 5136; x_wconf 87' lang='lat' dir='ltr'><strong>moriemini</strong></span> <span class='ocrx_word' id='word_1_779' title='bbox 1126 5086 1180 5140; x_wconf 90' lang='lat' dir='ltr'><strong>est.</strong></span> <span class='ocrx_word' id='word_1_780' title='bbox 1200 5081 1269 5138; x_wconf 89' lang='lat' dir='ltr'><strong>Viro</strong></span> <span class='ocrx_word' id='word_1_781' title='bbox 1296 5081 1375 5139; x_wconf 91' lang='lat' dir='ltr'><strong>enim</strong></span> <span class='ocrx_word' id='word_1_782' title='bbox 1402 5077 1516 5148; x_wconf 87' lang='lat' dir='ltr'><strong>mulier,</strong></span> <span class='ocrx_word' id='word_1_783' title='bbox 1544 5095 1603 5136; x_wconf 92' lang='lat' dir='ltr'><strong>non</strong></span> <span class='ocrx_word' id='word_1_784' title='bbox 1637 5077 1754 5135; x_wconf 87' lang='lat' dir='ltr'><strong>mulieri</strong></span> <span class='ocrx_word' id='word_1_785' title='bbox 1772 5079 1817 5135; x_wconf 90' lang='lat' dir='ltr'><strong>vir</strong></span> <span class='ocrx_word' id='word_1_786' title='bbox 1848 5085 1964 5137; x_wconf 81' lang='lat' dir='ltr'><strong>auctor</strong></span> 
     </span>
    </p>
   </div>
   <div class='ocr_carea' id='block_1_7' title="bbox 251 5160 1964 5506">
    <p class='ocr_par' dir='ltr' id='par_1_8' title="bbox 251 5160 1964 5421">
     <span class='ocr_line' id='line_1_55' title="bbox 251 5160 1962 5245; baseline -0.004 -15"><span class='ocrx_word' id='word_1_787' title='bbox 251 5174 334 5245; x_wconf 85' lang='lat' dir='ltr'><strong>(ibid.</strong></span> <span class='ocrx_word' id='word_1_788' title='bbox 365 5193 394 5232; x_wconf 89' lang='lat' dir='ltr'><strong>u.</strong></span> <span class='ocrx_word' id='word_1_789' title='bbox 421 5175 456 5230; x_wconf 82' lang='lat' dir='ltr'><strong>id</strong></span> <span class='ocrx_word' id='word_1_790' title='bbox 483 5179 510 5230; x_wconf 88' lang='lat' dir='ltr'><strong>et</strong></span> <span class='ocrx_word' id='word_1_791' title='bbox 537 5173 601 5244; x_wconf 85' lang='lat' dir='ltr'><strong>it),·</strong></span> <span class='ocrx_word' id='word_1_792' title='bbox 630 5160 750 5244; x_wconf 88' lang='lat' dir='ltr'><strong>serpens</strong></span> <span class='ocrx_word' id='word_1_793' title='bbox 777 5171 862 5244; x_wconf 88' lang='lat' dir='ltr'><strong>quasi</strong></span> <span class='ocrx_word' id='word_1_794' title='bbox 889 5171 1073 5241; x_wconf 82' lang='lat' dir='ltr'><strong>interrogans</strong></span> <span class='ocrx_word' id='word_1_795' title='bbox 1118 5171 1233 5228; x_wconf 76' lang='lat' dir='ltr'><strong>&#39;erroris</strong></span> <span class='ocrx_word' id='word_1_796' title='bbox 1253 5174 1307 5228; x_wconf 90' lang='lat' dir='ltr'><strong>eet.</strong></span> <span class='ocrx_word' id='word_1_797' title='bbox 1327 5169 1410 5226; x_wconf 91' lang='lat' dir='ltr'><strong>Unde</strong></span> <span class='ocrx_word' id='word_1_798' title='bbox 1437 5171 1466 5226; x_wconf 83' lang='lat' dir='ltr'><strong>et</strong></span> <span class='ocrx_word' id='word_1_799' title='bbox 1495 5167 1604 5224; x_wconf 89' lang='lat' dir='ltr'><strong>Paulus</strong></span> <span class='ocrx_word' id='word_1_800' title='bbox 1623 5167 1664 5224; x_wconf 89' lang='lat' dir='ltr'><strong>ait</strong></span> <span class='ocrx_word' id='word_1_801' title='bbox 1685 5183 1692 5223; x_wconf 92' lang='lat'>:</span> <span class='ocrx_word' id='word_1_802' title='bbox 1715 5167 1816 5238; x_wconf 88' lang='lat' dir='ltr'><strong>Adam,</strong></span> <span class='ocrx_word' id='word_1_803' title='bbox 1843 5167 1962 5242; x_wconf 88' lang='lat' dir='ltr'><strong>inquit,</strong></span> 
     </span>
     <span class='ocr_line' id='line_1_56' title="bbox 251 5255 1964 5331; baseline -0.002 -13"><span class='ocrx_word' id='word_1_804' title='bbox 251 5262 404 5318; x_wconf 86' lang='lat' dir='ltr'><strong>mulierem</strong></span> <span class='ocrx_word' id='word_1_805' title='bbox 426 5279 493 5319; x_wconf 91' lang='lat' dir='ltr'><strong>cum</strong></span> <span class='ocrx_word' id='word_1_806' title='bbox 516 5263 638 5318; x_wconf 83' lang='lat' dir='ltr'><strong>dixisset</strong></span> <span class='ocrx_word' id='word_1_807' title='bbox 659 5260 753 5317; x_wconf 86' lang='lat' dir='ltr'><strong>Deus:</strong></span> <span class='ocrx_word' id='word_1_808' title='bbox 768 5261 811 5316; x_wconf 74' lang='lat' dir='ltr'><strong>Ee</strong></span> <span class='ocrx_word' id='word_1_809' title='bbox 826 5262 903 5316; x_wconf 85' lang='lat' dir='ltr'><strong>omni</strong></span> <span class='ocrx_word' id='word_1_810' title='bbox 916 5260 991 5330; x_wconf 88' lang='lat' dir='ltr'><strong>tiqno</strong></span> <span class='ocrx_word' id='word_1_811' title='bbox 1002 5257 1074 5328; x_wconf 91' lang='lat' dir='ltr'><strong>quod</strong></span> <span class='ocrx_word' id='word_1_812' title='bbox 1126 5275 1182 5316; x_wconf 89' lang='lat' dir='ltr'><strong>non</strong></span> <span class='ocrx_word' id='word_1_813' title='bbox 1196 5267 1235 5316; x_wconf 88' lang='lat' dir='ltr'><strong>est</strong></span> <span class='ocrx_word' id='word_1_814' title='bbox 1249 5259 1392 5331; x_wconf 77' lang='lat' dir='ltr'><strong>deceptae:</strong></span> <span class='ocrx_word' id='word_1_815' title='bbox 1411 5257 1513 5326; x_wconf 84' lang='lat' dir='ltr'><strong>mulier</strong></span> <span class='ocrx_word' id='word_1_816' title='bbox 1531 5261 1623 5314; x_wconf 75' lang='lat' dir='ltr'><strong>omem</strong></span> <span class='ocrx_word' id='word_1_817' title='bbox 1638 5255 1748 5314; x_wconf 74' lang='lat' dir='ltr'><strong>sedada</strong></span> <span class='ocrx_word' id='word_1_818' title='bbox 1766 5259 1797 5312; x_wconf 88' lang='lat' dir='ltr'><strong>in</strong></span> <span class='ocrx_word' id='word_1_819' title='bbox 1813 5263 1964 5330; x_wconf 63' lang='lat' dir='ltr'><strong>menori-</strong></span> 
     </span>
     <span class='ocr_line' id='line_1_57' title="bbox 251 5345 1541 5421; baseline -0.002 -17"><span class='ocrx_word' id='word_1_820' title='bbox 251 5351 333 5404; x_wconf 87' lang='lat' dir='ltr'><strong>estin</strong></span> <span class='ocrx_word' id='word_1_821' title='bbox 354 5349 484 5421; x_wconf 68' lang='lat' dir='ltr'><strong>paradeo</strong></span> <span class='ocrx_word' id='word_1_822' title='bbox 512 5349 613 5405; x_wconf 85' lang='lat' dir='ltr'><strong>edetis:</strong></span> <span class='ocrx_word' id='word_1_823' title='bbox 643 5349 679 5405; x_wconf 90' lang='lat' dir='ltr'><strong>de</strong></span> <span class='ocrx_word' id='word_1_824' title='bbox 705 5348 784 5421; x_wconf 86' lang='lat' dir='ltr'><strong>ligno</strong></span> <span class='ocrx_word' id='word_1_825' title='bbox 813 5352 912 5403; x_wconf 89' lang='lat' dir='ltr'><strong>autem</strong></span> <span class='ocrx_word' id='word_1_826' title='bbox 940 5361 999 5401; x_wconf 90' lang='lat' dir='ltr'><strong>uno</strong></span> <span class='ocrx_word' id='word_1_827' title='bbox 1014 5361 1073 5401; x_wconf 91' lang='lat' dir='ltr'><strong>non</strong></span> <span class='ocrx_word' id='word_1_828' title='bbox 1126 5346 1468 5419; x_wconf 72' lang='lat' dir='ltr'><strong>cotionesnittliim.11,</strong></span> <span class='ocrx_word' id='word_1_829' title='bbox 1485 5345 1541 5418; x_wconf 83' lang='lat' dir='ltr'><strong>il).</strong></span> 
     </span>
    </p>

    <p class='ocr_par' dir='ltr' id='par_1_9' title="bbox 251 5431 1963 5506">
     <span class='ocr_line' id='line_1_58' title="bbox 251 5431 1963 5506; baseline 0 -14"><span class='ocrx_word' id='word_1_830' title='bbox 251 5435 353 5505; x_wconf 89' lang='lat' dir='ltr'><strong>edetis,</strong></span> <span class='ocrx_word' id='word_1_831' title='bbox 368 5439 492 5494; x_wconf 89' lang='lat' dir='ltr'><strong>inseruit</strong></span> <span class='ocrx_word' id='word_1_832' title='bbox 518 5438 715 5504; x_wconf 89' lang='lat' dir='ltr'><strong>mendacium,</strong></span> <span class='ocrx_word' id='word_1_833' title='bbox 743 5441 777 5492; x_wconf 93' lang='lat' dir='ltr'><strong>ut</strong></span> <span class='ocrx_word' id='word_1_834' title='bbox 804 5435 928 5491; x_wconf 88' lang='lat' dir='ltr'><strong>diceret:</strong></span> <span class='ocrx_word' id='word_1_835' title='bbox 944 5435 983 5491; x_wconf 81' lang='lat' dir='ltr'><strong>Ab</strong></span> <span class='ocrx_word' id='word_1_836' title='bbox 997 5435 1075 5490; x_wconf 87' lang='lat' dir='ltr'><strong>cmni</strong></span> <span class='ocrx_word' id='word_1_837' title='bbox 1161 5437 1207 5493; x_wconf 84' lang='lat'><strong>57.</strong></span> <span class='ocrx_word' id='word_1_838' title='bbox 1227 5436 1310 5492; x_wconf 89' lang='lat' dir='ltr'><strong>Nunc</strong></span> <span class='ocrx_word' id='word_1_839' title='bbox 1329 5434 1481 5494; x_wconf 84' lang='lat' dir='ltr'><strong>videamus</strong></span> <span class='ocrx_word' id='word_1_840' title='bbox 1500 5438 1601 5492; x_wconf 87' lang='lat' dir='ltr'><strong>utrum</strong></span> <span class='ocrx_word' id='word_1_841' title='bbox 1629 5437 1736 5506; x_wconf 82' lang='lat' dir='ltr'><strong>prater</strong></span> <span class='ocrx_word' id='word_1_842' title='bbox 1754 5431 1963 5506; x_wconf 83' lang='lat' dir='ltr'><strong>abjectionem</strong></span> 
     </span>
    </p>
   </div>
   <div class='ocr_carea' id='block_1_8' title="bbox 288 5647 826 5722">
    <p class='ocr_par' dir='ltr' id='par_1_10' title="bbox 288 5647 826 5722">
     <span class='ocr_line' id='line_1_59' title="bbox 288 5647 826 5722; baseline 0 -18"><span class='ocrx_word' id='word_1_843' title='bbox 288 5648 343 5722; x_wconf 81' lang='grc'>(63)</span> <span class='ocrx_word' id='word_1_844' title='bbox 354 5647 450 5717; x_wconf 66' lang='lat' dir='ltr'><strong>Rom„</strong></span> <span class='ocrx_word' id='word_1_845' title='bbox 465 5656 492 5704; x_wconf 91' lang='lat' dir='ltr'><strong>et</strong></span> <span class='ocrx_word' id='word_1_846' title='bbox 503 5650 617 5720; x_wconf 82' lang='lat' dir='ltr'><strong>propius</strong></span> <span class='ocrx_word' id='word_1_847' title='bbox 631 5650 732 5706; x_wconf 67' lang='lat' dir='ltr'><strong>inanit</strong></span> <span class='ocrx_word' id='word_1_848' title='bbox 743 5647 826 5705; x_wconf 77' lang='lat' dir='ltr'><strong>debs.</strong></span> 
     </span>
    </p>
   </div>
   <div class='ocr_carea' id='block_1_9' title="bbox 0 0 2084 6183">
    <p class='ocr_par' dir='ltr' id='par_1_11' title="bbox 0 0 2084 6183">
     <span class='ocr_line' id='line_1_60' title="bbox 0 0 2084 6183; baseline 0 0"><span class='ocrx_word' id='word_1_849' title='bbox 0 0 2084 6183; x_wconf 95' lang='lat' dir='ltr'><strong> </strong></span> 
     </span>
    </p>
   </div>
  </div>
 </body>
</html>
