4159 6184
161 352 225 419 l'li
808 348 1091 417 auxilietates
1111 354 1187 421 LIB.
1208 355 1261 421 lll.
1826 356 1886 425 lid

159 494 225 550 tate
240 490 365 547 natare.
384 481 537 545 Naturalis
552 482 632 545 enim
646 487 811 563 proprietas
826 488 952 547 siccitas
968 490 1014 545 est
1028 487 1189 561 Ajuaotio,
1205 491 1317 551 itineris
1327 488 1885 569 compendium,transtugiumlaboran-

159 586 250 640 tcrrse
266 597 273 636 ε
289 578 354 636 heo
368 575 396 634 ei
412 574 608 651 praerogativa
622 581 737 635 servata
758 581 811 635 est.
830 576 1013 651 Principalis
1068 576 1151 648 tium,
1168 580 1333 639 subsidium
1356 582 1553 655 vectigalium,
1577 584 1738 642 sterilitatis
1757 585 1882 642 alimen·

159 687 233 745 ergo
248 669 377 727 siccitas.
391 667 502 723 Subest
526 667 616 725 etiam
632 671 665 724 ut
681 668 719 724 sit
733 667 841 741 frigida
860 668 935 723 :sed
952 683 1011 723 non
1066 670 1246 727 tumlixhoc
1258 672 1356 745 pluvia
1366 673 1395 729 in
1406 677 1497 728 terras
1510 674 1881 747 transfunditur;siquidem

159 760 364 835 preferantur
393 756 528 813 secunda
555 755 670 828 primis.
694 756 729 812 Ut
753 760 855 812 autam
885 752 1012 812 humida
1065 756 1100 813 de
1115 759 1187 815 mari
1204 777 1280 833 aqua
1294 761 1383 819 radiis
1397 759 1468 817 solis
1482 758 1625 833 hauritur,
1639 766 1668 820 et
1681 763 1759 836 quod
1774 762 1882 820 subtile

160 851 215 921 sit,
231 863 377 922 aquarum
393 845 425 901 id
436 844 583 901 affinitate
594 845 724 901 sortitur.
732 846 805 917 Ergo
816 842 897 899 illud
909 838 1007 913 suu'm,
1064 848 1127 917 ejus
1142 851 1194 916 est,
1205 850 1318 922 rapitur
1334 868 1340 905 ι
1357 849 1463 905 deinde
1489 853 1598 921 quanto
1625 852 1714 909 altius
1742 852 1879 920 elevatur,

160 940 247 997 istud
262 937 393 994 alienum
411 953 418 991 τ
434 950 537 1001 suum,
554 933 633 1006 quod
649 932 749 1000 aridet
765 932 912 1001 alienum,
928 934 1007 1007 quod
1062 936 1143 991 tanto
1158 939 1252 1011 magis
1267 940 1353 995 etiam
1364 935 1487 992 nubium
1503 938 1727 998 obumbratione
1739 939 1880 1013 frigescit,

161 1028 413 1087 humida.Auctor
428 1024 531 1097 itaque
545 1026 657 1079 nature
668 1021 859 1095 quodiprimo
876 1022 1004 1091 donavit,
1061 1027 1089 1079 et
1102 1024 1197 1081 imber
1210 1027 1243 1082 fit
1257 1028 1308 1099 qui
1319 1042 1377 1081 non
1393 1023 1487 1081 solum
1506 1031 1651 1084 terrenam
1665 1032 1810 1102 temperat
1824 1027 1880 1085 aic-

162 1118 222 1175 hoc
238 1115 350 1184 tenuit;
368 1113 440 1187 quia
455 1113 535 1169 istud
553 1128 588 1168 ex
610 1116 725 1179 natura,
741 1111 814 1167 illud
843 1128 1003 1170 excausa.
1060 1111 1187 1181 citatem,
1204 1113 1553 1183 sedetiamjejunaarva
1568 1117 1713 1173 fecundat.

161 1208 203 1264 ila
218 1203 437 1279 principalibus
452 1200 555 1274 igitur,
572 1217 629 1257 nun
645 1217 679 1256 ex
701 1198 904 1257 accidentibus
919 1205 1003 1257 terres
1093 1203 1138 1257 23.
1156 1204 1229 1270 Quid
1246 1216 1416 1262 enumerem
1432 1201 1554 1272 insulas,
1571 1221 1644 1276 quas
1661 1203 1741 1260 velut
1759 1202 1881 1262 monilia

159 1294 267 1353 debuit
290 1291 460 1366 proprietas
488 1288 620 1358 definiri;
641 1292 673 1343 ut
700 1289 865 1345 secundum
893 1306 1001 1363 praru·
1057 1290 1232 1364 plerumque
1247 1288 1435 1366 praetexitis
1455 1293 1562 1363 quibus
1580 1292 1600 1349 ii
1622 1293 1673 1366 qui
1697 1291 1882 1351 seabdiuant

159 1384 294 1461 gativam
310 1378 468 1454 qualitatis
482 1378 547 1451 ejus
571 1377 779 1434 informaretur
804 1381 907 1435 nostra
930 1395 1001 1452 cog·
1056 1378 1289 1454 intemperantia
1305 1377 1453 1436 secularis
1468 1380 1622 1453 illecebris,
1647 1382 1705 1437 fide
1720 1381 1772 1439 ss
1787 1381 1880 1439 conti·

158 1474 246 1531 nitio.
1056 1469 1161 1524 uentis
1185 1468 1336 1542 proposito
1361 1465 1472 1540 eligunt
1497 1471 1607 1526 mundo
1635 1468 1736 1539 letare,
1759 1471 1790 1525 et
1815 1470 1881 1527 vite

469 1558 516 1615 fl
537 1554 652 1613 CAPUT
665 1554 699 1609 V.
1056 1553 1146 1627 hujus
1161 1557 1309 1615 declinare
1336 1553 1441 1613 dubios
1465 1558 1613 1616 anfractus
1625 1558 1640 1613 ‘l
1654 1558 1735 1615 blare
1753 1560 1799 1615 est
1812 1574 1881 1632 ergo

159 1652 298 1726 Quasdam
319 1650 370 1707 boc
389 1648 544 1719 Scriptores
572 1645 627 1700 loco
648 1644 743 1701 additu
765 1659 823 1699 esee
849 1645 1000 1702 nonnullos
1056 1650 1202 1704 secretum
1238 1646 1448 1717 temperantis,
1481 1647 1650 1703 exercitium
1684 1646 1877 1717 continentis,

195 1713 1000 1858 cleuelucescentemuttttttee
1055 1734 1209 1835 eve
1224 1733 1879 1836 saeuae

195 1812 387 1924 anacharsim
398 1860 482 1916 uadis
499 1833 694 1931 'ampiectutuu
719 1864 745 1912 et
767 1863 853 1913 caetus
871 1857 999 1912 ecclesio·
1013 1856 1039 1921 Β
1055 1823 1166 1892 ⁵ae⁰⁰¹¹⁹
1181 1819 1286 1877 mum
1309 1822 1399 1895 ¹²¹¹J¹¹³
1414 1825 1567 1892 ⁸⁰bl¹0la⁵e
1581 1827 1644 1881 ium
1659 1821 1796 1878 fidellbus
1809 1838 1881 1881 Vtile

195 1940 262 1997 stici
277 1938 400 2009 figerem
414 1933 518 2003 reserat
533 1947 539 1985 :
557 1946 616 2001 quse
629 1929 733 1985 claudit
744 1928 924 2000 piujuuctcris
936 1942 999 1999 pre-
1054 1913 1144 1982 atque
1167 1907 1279 2005 debilis
1301 1910 1480 1970 incentivum
1499 1912 1671 1980 devotionis,
1690 1914 1725 1968 ut
1747 1926 1815 1967 cum
1829 1928 1881 1969 un·

195 2008 369 2069 camma·
1054 1997 1163 2055 darum
1179 1996 1284 2054 lssmter
1297 2000 1472 2059 alluentium
1481 2019 1553 2059 sono
1563 2003 1675 2059 certem
1689 2000 1881 2073 cantuspsal·

196 2100 296 2155 20:132
319 2094 391 2151 vidit
415 2092 485 2147 Deru
511 2090 577 2161 quia
598 2087 698 2145 bouum
717 2085 795 2158 (Gerr.
813 2104 831 2154 t,
849 2085 904 2157 10).
932 2084 997 2142 Non
1052 2082 1198 2149 lentium,
1211 2083 1348 2155 plaudant
1362 2090 1466 2148 insule
1480 2089 1638 2163 tranquillo
1653 2089 1797 2145 tluctuum
1812 2104 1880 2152 sau·

159 2186 352 2264 praeterimus
367 2181 439 2257 quia
453 2177 546 2251 aliqui
558 2193 610 2234 nec
621 2176 652 2233 in
667 2175 786 2232 Hebraeo
800 2178 904 2249 putant
918 2190 994 2243 esse,
1053 2175 1179 2227 ctorum
1195 2170 1289 2247 choro,
1304 2179 1423 2253 hymni,
1448 2182 1616 2237 ,anctorum
1639 2180 1798 2251 pomnen,
1811 2177 1880 2249 (88).

160 2295 218 2337 nec
234 2278 265 2333 in
281 2272 396 2331 ceteris
411 2264 702 2341 interpretationibus
719 2281 726 2320 :
744 2265 819 2337 Quin
833 2271 997 2337 congregata
1051 2261 1141 2316 Unde
1159 2258 1234 2318 mihi
1249 2268 1280 2323 ut
1293 2285 1409 2326 omnem
1424 2268 1518 2343 pelagi
1533 2266 1783 2341 pulchritudinem
1802 2280 1881 2323 eom·

162 2371 207 2425 0⁸²
221 2381 294 2437 ‘'tn“
308 2364 338 2417 ξπ
366 2359 541 2417 ⁶⁰¹¹³⁶²i0²²⁶⁸
561 2371 635 2421 Μ»
657 2358 683 2410 ti
706 2355 833 2427 αΡΡῡΝἱῑ
856 2352 949 2419 ando,
972 2359 998 2409 ct
1051 2346 1243 2420 prehendam
1259 2372 1347 2429 quam
1364 2357 1438 2415 vidit
1455 2356 1608 2431 operatori
1623 2355 1658 2412 itt
1679 2354 1751 2427 quid
1773 2352 1882 2426 plura‘l

164 2455 277 2513 vucavit
291 2453 357 2507 ilem
371 2448 484 2505 aridum
498 2450 612 2513 terrem
629 2450 655 2499 ct
676 2443 845 2499 collectiones
859 2456 998 2513 uquarum
1052 2435 1132 2500 Ouid
1150 2434 1234 2498 aliud
1254 2443 1303 2501 ille
1327 2452 1487 2505 concentu,
1507 2447 1663 2512 undarum,
1683 2443 1741 2501 nisi
1763 2443 1883 2516 quidam

163 2544 274 2602 vocavit
287 2541 378 2597 nuria
393 2534 487 2607 (ibid).
509 2533 582 2590 Cum
607 2530 686 2587 enim
708 2530 812 2587 dixerit
834 2529 911 2587 Deus
931 2530 1000 2602 quia
1053 2532 1223 2589 concentus
1236 2538 1281 2591 est
1295 2533 1411 2607 plebis‘i
1426 2536 1509 2593 Unde
1529 2536 1602 2593 bene
1616 2534 1692 2591 mari
1711 2533 1884 2606 plerumque

162 2637 271 2707 fuctum
285 2638 326 2687 est
341 2630 391 2697 sic,
408 2625 483 2683 setis
503 2638 568 2679 esse
591 2622 695 2695 putent
717 2634 817 2675 vocem
839 2619 1000 2690 operatoris
1054 2627 1249 2687 comparatur
1263 2623 1404 2691 Ecclesia,
1431 2643 1495 2699 qum
1518 2626 1612 2699 primo
1626 2622 1819 2698 ingredientis
1832 2640 1884 2697 po·

164 2724 201 2781 ad
235 2719 390 2777 celebratas
406 2709 589 2787 operationis
615 2707 766 2765 indicium.
790 2707 845 2764 Sed
870 2706 941 2778 quia
969 2708 1000 2764 in
1055 2704 1119 2780 puli
1134 2711 1256 2779 agmine
1270 2712 1341 2768 totis
1354 2714 1509 2773 uestibuli,
1531 2716 1624 2772 und„
1647 2712 1740 2770 ,omit
1755 2731 1763 2770 3
1779 2713 1884 2773 deinde

165 2811 235 2870 aliis
251 2822 369 2881 quoque
386 2800 531 2861 creaturis
556 2798 645 2855 habet
659 2800 687 2853 et
708 2795 908 2853 definitionem
923 2813 1000 2868 prae-
1055 2794 1085 2849 in
1100 2798 1236 2856 oratione
1250 2800 1342 2857 totius
1358 2800 1455 2875 plebis
1469 2809 1608 2879 tanquam
1633 2803 1721 2861 undis
1736 2802 1883 2862 refluenti-

164 2897 367 2973 copulantem
388 2890 550 2965 repetitum
577 2884 755 2961 operationis
773 2883 817 2941 vel
845 2884 999 2957 indicium,
1056 2883 1112 2941 bus
1128 2886 1244 2954 stridet,
1263 2904 1331 2944 oum
1347 2895 1543 2963 responsoriis
1564 2892 1757 2970 psalmorum,
1781 2899 1884 2955 cantus

163 2989 209 3047 vel
226 2987 375 3051 ellectum,
392 2981 459 3038 ideo
476 2994 532 3034 nos
557 2992 615 3031 non
636 2979 776 3047 putamus
791 2973 1000 3047 absurdumssid
1054 2974 1196 3043 virorum,
1212 2975 1386 3047 mulierum,
1403 2981 1562 3057 virginum,
1590 2984 1790 3058 parvulorum,
1814 3002 1883 3045 oon-

166 3077 247 3152 quod
264 3072 435 3149 perhibetur
450 3063 716 3133 additum,etiamsi
731 3062 842 3119 ceteris
857 3062 1000 3135 interpre-
1056 3077 1147 3119 sonus
1168 3065 1318 3120 undarum
1338 3066 1440 3142 fragor
1463 3073 1595 3131 multat·
1619 3074 1693 3133 Nam
1717 3074 1789 3135 illud
1812 3078 1883 3153 quid

165 3167 250 3223 tibus
263 3162 308 3221 vel
322 3159 428 3217 veritas
444 3156 588 3213 doceatur
601 3149 815 3226 suppetere,vel
830 3150 999 3209 auctoritas.
1054 3151 1160 3220 dicam,
1176 3152 1256 3224 quod
1272 3152 1353 3209 unda
1366 3165 1521 3227 peccatum
1534 3164 1637 3234 abluit,
1653 3169 1683 3225 ct
1705 3167 1799 3225 saneti
1817 3167 1883 3241 Spi-

168 3254 262 3313 Multa
275 3250 353 3309 enim
369 3265 428 3305 uun
445 3244 540 3302 otiose
554 3258 572 3299 a
590 3240 780 3315 Septuaginta
794 3239 864 3296 viris
878 3238 998 3297 Hebrai·
1013 3216 1035 3286 C
1054 3239 1129 3296 ritus
1143 3256 1216 3296 aura
1230 3237 1371 3298 salutaris
1385 3249 1520 3321 aspirati
1777 3231 1781 3239 ’

169 3337 341 3400 calcationi
357 3334 458 3394 addita
473 3336 502 3389 et
517 3330 658 3402 adjuncta
671 3328 877 3403 comperimus.
1088 3328 1133 3383 at.
1150 3328 1204 3383 liet
1219 3328 1305 3383 nobis
1328 3329 1475 3396 Dominus
1497 3340 1550 3401 511a
1571 3360 1740 3403 summum
1758 3346 1883 3405 flumina

204 3426 425 3498 21.Viditergo
440 3422 520 3479 Deus
537 3417 731 3491 quiabonum
747 3433 836 3473 mare.
852 3416 913 3472 Etsi
935 3418 1000 3489 pul.
1053 3432 1192 3488 prospero
1206 3413 1287 3487 ligno
1304 3432 1432 3493 currere,
1449 3431 1512 3486 tuto
1536 3438 1622 3504 portu
1646 3434 1817 3505 consistere,
1831 3452 1881 3493 ne,

168 3520 242 3576 chre
255 3517 294 3574 sit
309 3512 422 3589 species
436 3510 530 3581 hujus
547 3504 693 3574 elementi,
709 3505 753 3563 vel
768 3522 835 3562 oum
850 3507 999 3579 surgenti·
1054 3505 1153 3578 quitis
1176 3502 1319 3577 spiritalis
1342 3512 1478 3577 graviora
1502 3535 1592 3591 quem
1616 3523 1690 3581 terre
1712 3541 1881 3597 possumus,

168 3610 227 3665 bus
243 3604 364 3663 albescit
388 3597 519 3658 cumulis
546 3610 580 3653 ac
605 3596 762 3652 verticibus
788 3595 945 3663 undarum,
971 3601 1000 3653 et
1053 3597 1235 3650 tentamenta
1249 3591 1373 3663 nescire,
1389 3599 1458 3657 fidei
1485 3606 1621 3679 ignorat-0
1646 3613 1809 3687 „aug-,gig
1830 3614 1883 3671 hg.

170 3700 272 3755 cautes
296 3694 380 3751 nivea
403 3691 505 3747 rorant
535 3684 699 3758 aspergine,
723 3684 766 3741 vel
792 3700 859 3740 cum
884 3699 1000 3756 aequore
1053 3684 1123 3739 bere
1137 3698 1237 3756 putem
1262 3680 1459 3752 profundam:
1476 3698 1506 3749 at
1520 3698 1546 3752 si
1568 3701 1688 3771 quando
1706 3701 1818 3775 aliquid
1833 3702 1883 3771 sit,

171 3782 323 3859 crispanti,
341 3774 583 3837 clementioribus
607 3773 697 3843 auris,
719 3777 747 3830 et
766 3771 875 3829 blando
890 3788 998 3830 serenos
1054 3773 1133 3845 quod
1159 3786 1260 3845 graves
1284 3770 1369 3827 nobie
1393 3778 1494 3835 asculi
1522 3784 1613 3857 thjue
1634 3789 1739 3845 excitet
1764 3790 1882 3862 statut,

169 3870 397 3945 tranquillitatis
424 3866 689 3941 purpurascentem
720 3862 835 3935 prefert
862 3860 998 3931 colorem,
1055 3860 1240 3935 evigilantem
1256 3874 1307 3930 pro
1322 3860 1533 3927 nobiehahers
1548 3875 1774 3945 gubernatorem
1788 3877 1884 3932 nomi.

172 3962 226 4035 qui
256 3958 369 4016 eminus
398 3952 605 4029 spectantibus
633 3951 800 4024 frequenter
828 3949 998 4023 offunditur,
1056 3966 1128 4006 num
1144 3953 1257 4015 iesum,
1274 3948 1325 4019 qui
1339 3951 1428 4009 verbo
1442 3953 1578 4030 imperet,
1593 3965 1798 4035 tempestatem
1808 3962 1886 4019 mitt.

173 4049 292 4123 quaudo
307 4063 365 4104 non
378 4043 515 4101 uiolentia
529 4039 669 4097 ductibus
679 4041 774 4098 vicina
782 4039 882 4097 tundit
891 4038 999 4111 littora,
1057 4044 1115 4113 get,
1132 4036 1363 4110 tranquilitatem
1380 4041 1472 4100 maris
1494 4048 1641 4119 retundat,
1662 4050 1709 4107 cui
1730 4054 1776 4108 est
1789 4050 1885 4109 honor

174 4140 226 4197 sed
251 4136 329 4193 velut
351 4134 482 4209 pacificis
506 4130 601 4189 ambit
624 4134 653 4186 et
676 4129 785 4187 salutat
807 4129 1000 4201 amplexibus,
1056 4133 1085 4183 et
1100 4127 1203 4200 gloria,
1223 4124 1299 4193 laus,
1324 4131 1508 4202 perpetuitas
1532 4151 1549 4192 a
1570 4137 1684 4195 seculis
1708 4143 1738 4195 et
1761 4144 1884 4197 nuncet

175 4243 267 4301 quam
281 4223 377 4281 dulcis
391 4238 494 4289 sonus,
511 4235 602 4292 quam
624 4218 774 4291 jucundus
788 4219 896 4291 fragor,
912 4234 1001 4291 quem
1056 4232 1183 4290 semper,
1200 4214 1229 4271 in
1249 4214 1348 4270 omnia
1361 4218 1467 4275 saecula
1481 4225 1668 4284 seculorum.
1681 4229 1784 4285 Amen.

178 4318 262 4390 gram
275 4317 305 4370 et
318 4327 447 4369 consona
462 4307 626 4375 resultatio,
643 4324 695 4381 ago
719 4312 818 4365 tamen
835 4324 893 4363 non
909 4306 1002 4365 oculis

1281 4328 1398 4388 CAPUT
1413 4334 1460 4390 VI.
1478 4337 1591 4407 (Sermo
1605 4342 1652 4413 V.)

178 4403 357 4461 estimatum
371 4403 512 4459 creatura
527 4397 662 4453 decorem
674 4397 800 4454 arbitror
815 4414 821 4453 :
839 4396 890 4454 ssd
902 4412 1004 4453 secun·
1058 4423 1147 4479 Tm
1160 4436 1240 4476 mm
1253 4421 1379 4491 mmm,
1395 4437 1459 4493 Μ
1471 4426 1502 4480 in
1535 4432 1721 4488 eminam
1738 4450 1771 4490 M
1784 4436 1884 4492 vm·

178 4492 251 4549 dum
266 4490 408 4547 rationem
424 4484 604 4565 operationis
619 4484 731 4556 judicio
754 4486 915 4560 operatoris
934 4502 1001 4543 con·

178 4579 287 4649 venire,
303 4584 333 4635 et
344 4592 503 4651 congruere
517 4572 682 4631 delinitum.

215 4668 260 4723 22.
275 4667 390 4723 Bonum
405 4665 496 4737 igitur
509 4678 602 4729 mare,
618 4662 748 4734 primum
764 4662 834 4736 quia
848 4666 940 4721 terras
955 4679 1004 4720 us·

180 4757 307 4817 masurio
322 4754 453 4815 suffulcit
467 4754 602 4820 humore,
618 4751 727 4823 quibus
744 4769 795 4825 per
814 4768 904 4809 venas
918 4769 1005 4825 quas·

179 4848 251 4905 dam
266 4844 380 4903 occulte
396 4858 518 4900 succum
531 4839 690 4914 quemdam
705 4838 784 4896 haud
795 4840 930 4897 inutilem
941 4840 1007 4897 sub·

180 4932 459 4993 ministrat.Bonum
475 4946 566 4998 mare,
578 4930 719 4999 tauquam
732 4927 893 5001 hospitium
905 4927 1006 4984 fluvio-

180 5039 260 5092 rum,
275 5022 342 5079 tons
357 5018 507 5087 imbrium,
533 5014 674 5074 derivatio
696 5016 887 5085 alluvionum,
912 5017 1006 5072 invec-

179 5114 222 5169 tio
239 5113 466 5177 commeatuum,
497 5121 554 5179 quo
584 5103 638 5160 sibi
668 5104 810 5161 distantes
838 5104 938 5177 populi
960 5122 1007 5161 co·

181 5200 336 5275 pulsatur,
365 5214 423 5270 quo
453 5192 619 5268 preliorum
653 5196 838 5249 removentur
867 5192 1006 5266 pericula,

182 5306 242 5363 quo
254 5284 426 5344 barbaricus
450 5285 530 5341 iuror
554 5279 709 5345 clauditur,
733 5280 899 5338 subsidium
916 5282 946 5337 in
963 5300 1009 5339 oe-

183 5374 386 5444 eeasitatibus,
402 5372 547 5446 refugium
564 5370 593 5425 in
610 5368 757 5441 periculis,
773 5370 868 5441 gretia
884 5369 913 5424 in
928 5371 1008 5426 vola·

184 5464 332 5541 ptatibus,
348 5460 503 5519 salubritas
517 5456 703 5523 valetudinis,
725 5460 925 5527 separatorum
941 5474 1008 5515 con·

220 5598 281 5671 (88)
312 5594 383 5651 Mes.
414 5592 535 5665 aliquot,
567 5588 719 5661 tranquillo
752 5588 887 5657 amenum
918 5592 1009 5664 odoro,

184 5669 301 5744 hymnis
322 5684 334 5733 ‚·
357 5664 489 5737 quidam,
520 5663 616 5737 tymni
643 5662 808 5726 sanctorum,
840 5662 894 5717 etc.
926 5661 1008 5723 Rom.

1093 4496 1149 4549 tate
1170 4492 1261 4563 positu
1279 4493 1331 4557 est,
1351 4508 1461 4563 peream
1556 4502 1679 4561 additum
1699 4519 1779 4569 eese;
1792 4522 1886 4565 vocem

903 4622 904 4627 η
1018 4588 1043 4653 D
1093 4564 1143 4619 Dei
1162 4560 1338 4634 fecunditatis
1366 4580 1479 4621 causum
1496 4572 1624 4640 praebere
1646 4590 1653 4629 ι
1679 4576 1750 4646 quod
1772 4576 1884 4649 quidum

1095 4633 1164 4691 solis
1176 4634 1263 4690 colori
1273 4648 1419 4705 perperam
1433 4647 1575 4711 acceptam
1588 4645 1692 4714 serent.

1095 4750 1142 4804 25.
1159 4748 1331 4805 Discedente
1343 4766 1431 4822 aqua,
1448 4757 1638 4815 conveniebat
1651 4763 1684 4815 ut
1697 4759 1810 4831 species
1825 4761 1886 4814 ter·

1063 4854 1100 4892 res
1121 4837 1239 4893 deretur
1253 4840 1282 4894 et
1293 4837 1397 4909 gratia,
1413 4844 1446 4895 ut
1463 4841 1620 4904 invisibilis
1643 4850 1672 4903 et
1691 4844 1887 4918 incomposita

1063 4926 1211 4982 desineret
1225 4926 1374 4983 esee.Nam
1389 4927 1520 5003 plerique
1535 4934 1623 4989 etiam
1638 4933 1692 4988 hoo
1707 4933 1810 4990 dicunt
1821 4950 1887 4993 esse

1063 5013 1209 5082 invisible,
1225 5015 1302 5085 quod
1324 5017 1450 5087 speciem
1473 5035 1530 5074 non
1546 5018 1653 5087 habet;
1669 5021 1698 5074 et
1720 5018 1786 5077 ideo
1810 5022 1885 5079 acci·

1063 5103 1149 5175 piunt
1167 5105 1276 5158 terram
1300 5102 1477 5163 invisibilem
1494 5106 1594 5176 luisse,
1617 5121 1675 5162 non
1698 5107 1769 5177 quia
1794 5110 1886 5167 videri

1064 5208 1123 5247 non
1138 5196 1238 5263 posset
1256 5208 1285 5259 a,
1297 5208 1414 5248 summo
1436 5195 1494 5250 Deo
1517 5193 1562 5248 vel
1581 5192 1692 5266 angelis
1716 5195 1794 5267 ejus,
1816 5216 1885 5257 nam

1064 5280 1160 5337 adhuc
1183 5280 1318 5336 homines
1343 5282 1431 5337 creati
1461 5299 1518 5338 uon
1542 5286 1635 5353 erant,
1657 5282 1702 5339 vel
1725 5287 1814 5342 etiam
1838 5304 1886 5362 pe·

1064 5370 1163 5437 eudes,
1180 5370 1231 5425 sed
1247 5368 1316 5440 quia
1328 5369 1453 5426 einesua
1468 5369 1563 5443 specie
1578 5377 1649 5428 erat.
1661 5373 1885 5445 Speciesautem

1065 5463 1146 5516 terre
1161 5462 1203 5514 est
1216 5455 1390 5530 germinatio
1406 5462 1435 5513 et
1456 5458 1588 5517 viriditas
1608 5460 1682 5535 agri.
1702 5461 1785 5520 Unde
1808 5469 1842 5521 ut
1857 5467 1886 5521 st

1065 5594 1145 5662 edit,
1172 5587 1321 5661 tranquillo
1347 5595 1425 5647 oute
1452 5594 1596 5669 paduam,
1624 5604 1783 5659 summram
1809 5594 1887 5657 ctiori

1065 5665 1172 5738 hymnis
1184 5662 1339 5735 personent.
