4159 6184
147 307 149 313 ·
247 288 309 349 cve
764 266 768 273 ’
982 277 1015 339 s.
1037 270 1226 341 sebasan
1263 232 1268 246 Χ
1891 277 1942 343 cac

250 434 314 491 qua
334 432 391 471 non
414 415 527 487 queunt
546 409 686 486 temporis
713 409 759 467 vel
788 409 881 467 aetatis
910 408 1187 479 mutationsAvita
1202 410 1355 479 maturior,
1372 409 1450 466 488
1465 404 1698 483 gratisplsnior,
1721 408 1878 484 prudentia
1895 411 1942 471 cir·

250 502 429 576 eorrumpi.=
1043 513 1046 516 ·
1129 496 1337 571 cumspectior.

284 594 328 650 36.
345 591 376 648 ln
392 589 452 647 illis
464 590 550 647 bonis
566 592 609 645 eat
624 588 674 661 qui
690 589 783 645 Deum
798 586 963 662 quesivbrit
977 591 1006 643 et
1028 588 1074 643 in·
1164 587 1208 643 38.
1226 586 1285 644 Hoc
1299 590 1345 644 est
1359 587 1437 645 enim
1452 588 1564 661 lugere·
1579 588 1653 646 scire
1667 604 1725 663 quo
1739 588 1859 656 tendas,
1878 589 1943 646 able·

247 680 368 739 venerit.
385 678 440 737 Ubi
456 678 533 735 enim
546 676 741 745 corhominis,
751 677 792 733 ibi
808 677 1001 734 etthesaurus
1011 676 1075 748 ejus
1128 692 1196 733 vare
1208 692 1241 732 se
1255 692 1273 732 a
1285 676 1402 748 saecule,
1418 676 1553 734 ablevare
1566 693 1629 734 sca
1647 693 1767 751 corpore
1782 676 1942 746 maltorum

248 777 303 829 cst.
320 770 383 829 Non
398 770 476 826 enim
493 766 567 823 solet
582 768 693 823 benum
718 767 820 822 datum
847 765 1075 838 deprecantibus
1129 764 1238 822 frustra
1252 781 1284 821 se
1299 764 1407 839 aliquis
1417 764 1548 834 extollat,
1562 770 1592 823 et
1604 766 1723 823 inflatus
1741 770 1842 824 ments
1861 768 1943 825 cunis

247 860 389 919 Dominus
402 858 554 931 denegare.
573 856 646 929 llige
662 855 732 928 quia
746 856 842 912 bonus
860 854 1004 911 Dominus
1018 857 1073 922 est,
1128 870 1262 911 euoenon
1277 857 1490 929 teneatcaput,
1508 859 1538 911 st
1552 854 1665 917 dicatur
1679 856 1715 912 dc
1733 855 1797 912 bis:
1831 875 1844 905 ι
1865 856 1943 931 Fuge·

247 955 276 1007 et
286 947 410 1005 maxime
424 945 641 1003 sustinentibus
656 962 687 1001 se
702 945 798 1001 bonus
813 948 867 1015 est,
892 942 950 1016 ipsi
976 942 1073 999 adbe-
1128 946 1199 999 runt
1213 947 1241 999 et
1256 960 1314 999 non
1329 941 1465 1002 viderunt
1477 942 1546 1017 (voc.
1563 961 1603 1013 rx,
1616 945 1673 1013 25).
1686 944 1743 1002 Sed
1756 943 1943 1019 hocestinge

246 1054 374 1103 reemus,
391 1052 457 1092 cuni
473 1035 537 1107 ipso
553 1034 647 1091 simus
672 1038 734 1089 tota
757 1033 856 1090 anima
878 1037 988 1099 nostra,
1013 1032 1074 1087 toto
1091 1073 1093 1077 -
1128 1048 1160 1089 re
1174 1031 1253 1101 hinc,
1270 1032 1344 1089 mori
1358 1031 1513 1091 elementis
1527 1033 1614 1091 istius
1637 1032 1751 1103 mundi,
1775 1034 1945 1091 abscondere

246 1128 342 1193 corde,
358 1128 419 1181 teta
433 1124 559 1194 virtute;
576 1127 608 1179 ut
623 1122 716 1179 simus
731 1122 761 1179 ln
776 1120 888 1178 lumine
902 1122 1015 1194 ejus,et
1028 1120 1074 1175 vi·
1127 1119 1217 1178 vitam
1231 1120 1261 1177 in
1277 1120 1347 1193 Deo,
1362 1120 1511 1179 declinere
1524 1121 1738 1196 corruptiones,
1753 1139 1814 1180 non
1829 1124 1944 1180 adtami-

245 1216 367 1279 deamus
378 1214 442 1285 eius
456 1212 623 1287 gloriam‚et
635 1209 837 1268 delectationis
849 1225 982 1283 superna
994 1208 1073 1265 irua-
1127 1223 1198 1266 nare
1212 1208 1399 1283 cupiditates,
1414 1210 1527 1269 nescire
1539 1228 1604 1284 que
1619 1214 1690 1268 sunt
1716 1210 1823 1269 mundi
1853 1210 1945 1285 istius,

246 1322 314 1361 mur
326 1304 429 1379 gratia.
447 1303 489 1357 nd
510 1300 582 1358 illud
598 1300 689 1374 igitur
703 1302 814 1357 bonum
830 1299 979 1371 erigamus
1007 1296 1073 1355 ani·
1129 1297 1179 1371 qui
1194 1297 1280 1356 nobis
1294 1298 1390 1355 varios
1405 1298 1501 1373 gignit
1514 1298 1641 1368 dolores,
1670 1299 1801 1359 exinanit
1827 1315 1945 1357 cumre-

246 1411 321 1463 mos,
338 1396 366 1449 et
379 1392 409 1449 in
425 1391 474 1449 illo
490 1390 594 1461 simus,
610 1394 697 1463 atque
720 1389 749 1446 in
766 1388 815 1445 illc
843 1387 986 1457 vivamus,
1015 1384 1073 1459 ipsi
1128 1386 1258 1460 pleverit,
1276 1403 1344 1444 cum
1358 1386 1559 1455 exinaniverit,
1574 1388 1677 1461 replet.
1705 1390 1742 1447 st
1767 1388 1830 1445 beo
1855 1388 1946 1445 omnia

246 1483 458 1550 adhaereamus,
474 1480 552 1552 quod
576 1484 621 1535 est
646 1496 736 1551 supra
760 1494 877 1535 omnem
891 1480 1031 1542 mentam,
1047 1479 1076 1531 et
1128 1474 1228 1532 insuia
1241 1479 1270 1532 et
1283 1493 1385 1547 vacua,
1401 1476 1555 1551 inquibus
1572 1476 1671 1534 nullus
1692 1475 1807 1535 solidus
1822 1480 1867 1535 est
1894 1477 1946 1535 fra·

245 1588 364 1631 omnem
375 1569 651 1637 considerationem,
662 1572 691 1624 et
702 1584 773 1641 pace
785 1566 877 1622 utitur
888 1568 1030 1639 perpetua
1040 1581 1074 1621 so
1128 1567 1204 1622 otus.
1221 1564 1355 1623 Mortuus
1369 1570 1415 1623 est
1430 1566 1521 1635 dives,
1541 1570 1570 1623 et
1583 1564 1658 1623 nibil
1686 1564 1786 1636 hebet,
1812 1566 1947 1639 quianon

245 1660 533 1735 tranquillitatem
548 1662 645 1715 autem
661 1654 751 1729 supra
761 1672 879 1713 omnem
889 1657 1074 1710 mentemest
1128 1653 1212 1711 estin
1227 1653 1319 1711 Deum
1331 1656 1431 1713 dives:
1447 1659 1476 1711 et
1489 1655 1554 1714 ideo
1570 1654 1724 1728 insipiens,
1740 1655 1813 1727 quis
1839 1654 1947 1728 sapien-

245 1756 274 1808 et
288 1766 379 1824 supra
393 1766 509 1808 omnem
526 1764 657 1803 sensum.
673 1746 733 1803 Hoc
748 1751 793 1803 est
808 1746 918 1801 benum
929 1744 1005 1817 quod
1022 1759 1071 1817 pe·
1087 1769 1113 1835 B
1127 1743 1169 1799 tia
1183 1742 1300 1800 cultura
1313 1747 1358 1800 est
1372 1742 1433 1811 Del,
1449 1744 1597 1802 abstinere
1611 1748 1709 1801 autem
1724 1742 1845 1801 amalis
1867 1742 1948 1801 disci·

246 1842 342 1896 netrat
357 1837 465 1905 emnia,
481 1840 510 1893 et
524 1852 626 1893 omnes
646 1835 676 1891 in
692 1835 755 1909 ipso
776 1832 913 1901 vivimus,
935 1837 1022 1905 atque
1037 1848 1072 1888 sx
1127 1830 1207 1904 plina
1221 1835 1277 1889 est.

246 1931 309 2002 ipso
326 1926 488 2001 pendemus
501 1943 508 1994 ;
520 1924 617 1998 ipsum
629 1928 727 1980 antem
737 1940 828 2003 supra
843 1938 873 1979 se
887 1920 961 1977 nihil
970 1919 1071 1988 habet,
1161 1920 1206 1977 39.
1222 1920 1293 1984 Quis
1301 1936 1369 1994 ergo
1383 1937 1441 1979 non
1453 1921 1547 1996 lugiet
1557 1920 1674 1978 malitie
1683 1920 1796 1991 lecum,
1806 1921 1949 1979 cilionem

246 2018 356 2075 sedeat
377 2015 529 2083 divinum3
558 2029 644 2070 nemo
673 2012 751 2069 enim
783 2013 888 2081 bonus,
904 2010 961 2067 nisi
990 2025 1070 2066 unus
1124 2009 1416 2083 improbitatisque
1443 2008 1563 2068 interire
1578 2008 1867 2086 nesciatlDeniqae
1894 2028 1949 2068 nen

245 2107 332 2164 Deus.
349 2103 431 2171 Quod
455 2120 523 2176 ergo
540 2104 660 2169 bonum,
679 2100 828 2165 divinum·
844 2104 873 2156 et
889 2098 966 2172 quod
994 2097 1071 2154 divi·
1125 2098 1219 2154 otiose
1233 2098 1353 2172 signnm
1369 2099 1499 2171 positum
1515 2104 1560 2157 est
1574 2098 1753 2175 suprsCain,
1766 2100 1949 2174 nequissem

246 2210 329 2261 num,
345 2194 465 2249 bonum.
483 2192 517 2247 b't
529 2190 593 2247 ideo
608 2190 724 2257 dieitur,
742 2212 757 2239 «
781 2188 934 2262 aperiente
957 2190 985 2244 te
1008 2203 1069 2243 ma·
1125 2186 1281 2253 occideret,
1299 2190 1332 2243 ut
1345 2186 1563 2261 significaretur
1576 2188 1654 2262 qued
1670 2204 1729 2245 non
1750 2189 1949 2262 exstinguatur

247 2300 328 2351 num,
343 2278 650 2355 implebunturomnia
665 2278 794 2334 bonitate
810 2278 895 2350 (Paci.
912 2292 970 2332 cui.
985 2276 1066 2348 28).-
1124 2280 1153 2331 et
1168 2273 1317 2333 auferatur
1328 2294 1345 2333 a
1358 2277 1446 2333 terris
1458 2276 1581 2335 mmitia.
1597 2277 1731 2335 Timebat
1744 2276 1817 2335 (lain
1836 2292 1872 2334 ne
1903 2295 1948 2335 ec·

245 2373 299 2430 Per
311 2371 471 2429 bonitatem
486 2370 566 2425 enim
582 2368 633 2423 Dei
649 2367 733 2423 nobis
750 2366 887 2422 universa
897 2366 1070 2422 tribuuntur
1124 2363 1279 2434 cideretur,
1295 2364 1366 2437 quia
1376 2364 1477 2439 fugere
1492 2365 1650 2423 nesciebat.
1677 2368 1811 2441 Augetur
1835 2367 1912 2423 enim
1923 2374 1950 2424 et

246 2461 348 2519 merito
364 2461 450 2530 bona,
467 2458 575 2531 quibus
590 2455 662 2514 nihil
679 2455 839 2513 admistum
849 2458 894 2512 est
909 2453 989 2511 mali.
1003 2452 1070 2511 Ilaec
1123 2451 1293 2510 cumulatur
1306 2452 1371 2527 ipso
1386 2471 1443 2510 usu
1456 2454 1583 2523 malitia,
1596 2458 1624 2511 et
1637 2458 1683 2511 est
1697 2455 1763 2513 sine
1778 2455 1949 2514 moderatio

244 2552 321 2608 bona
335 2548 479 2623 premittit
493 2546 642 2618 Scriptura
667 2544 804 2601 fidelibus
826 2542 939 2600 dicens:
957 2567 971 2593 α
1000 2544 1068 2609 Qua
1123 2557 1171 2613 ne,
1188 2542 1251 2598 sine
1264 2542 1332 2615 tine,
1348 2541 1454 2600 doloet
1479 2543 1582 2601 fraude
1596 2544 1767 2614 decernens,
1784 2561 1849 2617 qus
1868 2545 1948 2601 iactis

244 2640 321 2697 bona
335 2640 404 2695 sunt
426 2640 509 2692 terre
534 2633 750 2691 manducabitis
765 2632 828 2705 (iso.
851 2650 871 2699 1,
886 2633 942 2705 19).
960 2655 974 2681 a
997 2632 1069 2688 Boni
1123 2624 1186 2687 sui's
1201 2630 1374 2703 prodituret
1388 2632 1534 2705 sanguine
1555 2636 1789 2706 peremptorum,
1821 2633 1900 2691 sicut
1922 2638 1949 2691 et

243 2744 311 2801 erge
325 2726 406 2783 illius
422 2722 534 2782 similes
548 2724 654 2789 simus,
666 2727 699 2779 ut
713 2740 777 2795 ques
790 2722 867 2778 bona
881 2726 951 2777 sunt
974 2720 1069 2794 adipi·
1123 2718 1193 2776 (lain
1204 2718 1338 2791 proditus
1352 2724 1407 2778 cst.
1422 2720 1563 2779 Versatur
1576 2721 1715 2794 itaquein
1727 2721 1816 2779 terris
1828 2722 1948 2792 malitia,

244 2833 371 2873 scamur.
387 2814 501 2871 Bonum
514 2812 591 2885 quod
611 2810 732 2869 estsine
761 2810 925 2883 iniquitate,
953 2814 983 2866 et
1005 2808 1069 2866 sine
1123 2812 1210 2881 atque
1224 2808 1293 2866 istic
1306 2813 1384 2867 errat
1397 2809 1467 2882 (32),
1478 2813 1508 2867 et
1521 2811 1586 2867 ideo
1606 2826 1747 2885 rogamus
1767 2810 1947 2869 voluntan

243 2904 320 2973 dole,
336 2908 365 2961 et
380 2904 442 2959 sine
461 2900 627 2975 asperitate,
643 2916 710 2957 cum
725 2900 829 2973 gratia,
857 2914 925 2955 cnm
950 2898 1068 2971 pietate,
1122 2895 1173 2954 Dei
1189 2897 1251 2954 ilari
1267 2896 1400 2955 interris
1413 2898 1491 2956 sieut
1505 2903 1534 2956 et
1547 2900 1578 2956 in
1592 2899 1674 2957 rotis
1694 2899 1800 2972 (laub.
1827 2916 1868 2969 vr,
1895 2901 1947 2973 le),

243 3009 311 3049 eum
323 2992 499 3057 sinceritate,
516 2996 545 3045 et
559 2986 768 3056 benevolentia,
785 2986 937 3056 charitate,
949 2985 1069 3059 etjusti·
1123 2988 1156 3042 ut
1170 2985 1257 3042 ethic
1282 2986 1322 3042 sit
1347 2986 1524 3046 innocentia.
1554 2987 1654 3063 ltaque
1677 2986 1794 3045 malitia
1809 2989 1947 3063 qnoniam

243 3080 294 3138 tia.
311 3080 410 3154 Itaque
426 3095 528 3136 amnes
543 3078 666 3133 virtutes
681 3076 796 3133 bonitas
811 3080 952 3149 tanquam
974 3080 1068 3136 mater
1122 3072 1183 3130 illio
1193 3074 1257 3146 jam
1272 3073 1370 3131 locum
1386 3091 1445 3131 non
1463 3075 1561 3148 babet,
1578 3076 1625 3132 bic
1648 3075 1765 3145 circuit,
1789 3076 1838 3134 bic
1859 3078 1948 3144 saevit,

243 3170 368 3226 lacunda
382 3166 579 3242 amplectitur.
1081 3136 1102 3205 c
1122 3178 1244 3235 seseque
1258 3162 1394 3233 effundit,
1412 3181 1471 3221 non
1486 3166 1636 3222 mundano
1650 3164 1700 3221 illo
1716 3181 1816 3223 mersa
1830 3166 1948 3239 diluvic,
2029 3235 2030 3240 η

557 3254 676 3312 CAPUT
691 3254 750 3310 Vll.
1121 3268 1179 3309 non
1194 3251 1385 3309 sodomitano
1400 3258 1502 3311 exusta
1517 3254 1662 3311 incendio.
1678 3253 1812 3327 Denique
1831 3256 1949 3329 gravius

242 3350 392 3405 tissimum
405 3363 460 3404 esse
473 3362 585 3402 causam
599 3344 919 3417 qucrebincsuqiomuc,
934 3343 1067 3400 cumbam
1121 3343 1222 3413 postea
1240 3339 1270 3396 in
1294 3341 1462 3399 seminariis
1478 3341 1647 3416 pullulavit,
1677 3360 1774 3416 usque
1797 3345 1829 3401 in
1851 3345 1948 3418 ipsam

276 3421 393 3547 mpla
411 3416 572 3475 litmall'liae
590 3416 682 3472 ⁸0d⁶⁵³
700 3432 732 3469 αθ
747 3416 811 3471 Μ’
825 3414 890 3487 11(ἑά
903 3414 941 3470 'fl
957 3418 1064 3541 quim·
1121 3428 1310 3503 parricidales
1323 3447 1358 3487 ac
1368 3430 1525 3505 sacrilegas
1535 3432 1670 3506 injiciens
1680 3434 1947 3490 manusuniverso·

276 3485 1066 3689 ffifssad'ssnfflgssefffiffiaetssatessfig‘ffaqossffln
1120 3534 1186 3574 rum
1197 3522 1346 3576 auctorem
1361 3518 1476 3578 salutis.
1488 3520 1547 3580 Lex
1561 3520 1669 3579 lactum
1680 3520 1814 3594 damnat,
1827 3538 1886 3580 ncn
1896 3537 1946 3578 au·

289 3636 336 3690 otc
358 3632 478 3703 distaret.
494 3632 596 3701 Quibus
611 3630 712 3686 accedit
727 3629 846 3700 ejusdem
859 3631 1004 3687 sencenaecae
1017 3644 1066 3685 η.
1122 3610 1178 3668 sert
1193 3610 1348 3669 malitiam.
1365 3610 1431 3683 lpse
1445 3610 1588 3669 Dominus
1602 3609 1688 3668 Jssus
1700 3615 1857 3684 peccatum
1872 3612 1949 3667 dam·

276 3706 376 3778 positio
1122 3705 1212 3774 nevit,
1227 3705 1377 3761 auctorem
1392 3699 1457 3771 ejus
1473 3698 1598 3768 distulit,
1625 3704 1658 3755 ut
1672 3702 1752 3756 esset
1780 3716 1834 3773 per
1860 3714 1948 3772 quem

277 3795 322 3849 37.
352 3792 510 3865 Estigitur
533 3808 590 3847 non
607 3788 1066 3847 mediocriscausaou'rbinclu-
1117 3794 1192 3865 justi
1206 3792 1412 3867 probarentur.
1437 3788 1552 3845 Etenim
1571 3788 1640 3861 quia
1659 3786 1774 3845 malum
1791 3794 1868 3845 oens
1892 3802 1947 3844 non

242 3899 309 3957 gere
320 3882 489 3948 debeamus,
502 3886 535 3937 ut
546 3879 750 3953 perveniamus
760 3876 873 3934 amalis
884 3878 919 3933 ad
931 3878 1017 3946 bona,
1029 3878 1067 3934 ab
1125 3882 1202 3951 iecit,
1219 3882 1270 3939 sed
1285 3877 1418 3952 nequitia
1432 3875 1540 3934 diaboli
1554 3876 1688 3943 inseruit,
1698 3876 1859 3935 vindictam
1873 3876 1949 3934 Deus

242 3971 360 4030 incertis
376 3970 412 4027 ad
427 3969 525 4027 fidelia
534 3974 562 4026 et
576 3968 663 4042 plena
676 3967 816 4033 veritatis,
832 3983 849 4022 a
870 3970 962 4023 morte
977 3967 1012 4024 ad
1028 3967 1068 4025 vl·
1121 3970 1236 4028 distulit
1247 3987 1254 4026 :
1266 3968 1304 4025 ub
1317 3968 1354 4025 ab
1363 3966 1438 4041 ipsis
1448 3982 1523 4041 quos
1536 3967 1698 4039 deceperat,
1710 3966 1848 4023 diabolus
1857 3967 1951 4022 vince·

241 4066 312 4117 tam.
330 4060 396 4133 lpse
412 4075 529 4131 quoque
544 4058 685 4116 Dominus
700 4056 843 4124 dicendo;
862 4056 972 4113 rPosui
1001 4060 1068 4114 ante
1121 4063 1202 4116 retur
1210 4057 1301 4129 (Geni.
1318 4057 1348 4113 S.
1359 4061 1436 4129 Aug.
1451 4052 1503 4112 lib.
1514 4072 1544 4111 iv
1560 4055 1660 4113 dontm
1672 4054 1741 4113 dous
1752 4057 1832 4129 epist.
1843 4055 1950 4126 Pelso..

242 4148 396 4207 tabanum
416 4153 445 4203 et
469 4146 695 4214 malum,vitam
715 4148 881 4202 etmortem
897 4146 984 4216 (Dect.
1000 4163 1067 4215 xxx,
1122 4166 1147 4205 o.
1164 4148 1220 4222 11).
1532 4134 1542 4157 ’

243 4238 299 4311 15),
313 4260 327 4289 a
340 4235 552 4295 demonstravit
565 4236 635 4308 quia
650 4235 758 4291 bonum
773 4234 833 4292 vite
846 4238 901 4304 eat,
918 4237 969 4292 sed
984 4240 1067 4293 ster·
1157 4236 1203 4294 to.
1215 4236 1393 4294 Exercentur
1406 4250 1475 4308 ergo
1491 4232 1614 4307 decepti,
1636 4237 1712 4290 utet
1724 4233 1857 4307 pretium
1867 4232 1952 4289 luant

244 4343 290 4383 na.
307 4326 337 4383 Si
351 4327 414 4383 haec
428 4325 507 4382 enim
524 4324 648 4382 obnoxia
671 4322 777 4380 seculo
800 4327 887 4396 atque
902 4324 966 4397 ejus
981 4324 1068 4382 mali·
1122 4325 1286 4393 facilitatis,
1301 4327 1330 4382 et
1354 4327 1476 4382 sumant
1497 4322 1597 4381 studia
1618 4322 1747 4392 virtutis,
1772 4322 1952 4379 industriam

243 4414 360 4489 gnitati,
376 4414 477 4486 utique
493 4412 544 4470 illa
558 4416 603 4470 est
617 4406 704 4481 bona,
717 4429 780 4486 que
796 4428 853 4467 non
869 4413 1069 4486 corrumpitur
1121 4413 1276 4473 cautionis.
1294 4413 1374 4471 Unde
1394 4412 1453 4470 ait:
1470 4435 1485 4464 «
1496 4410 1596 4469 Estote
1618 4410 1709 4469 astuti
1734 4412 1813 4469 sicut
1831 4426 1953 4485 serpen·

243 4507 272 4559 et
287 4506 427 4570 mutatur,
445 4519 508 4573 quae
519 4503 600 4558 nullo
615 4501 684 4557 vitio
699 4502 867 4574 degenerat,
882 4518 946 4574 que
964 4502 1073 4561 virtute
1085 4509 1109 4575 Ι)
1123 4510 1169 4562 tes
1183 4500 1387 4576 (tiedbxdd).
1404 4523 1420 4551 a
1435 4497 1529 4566 Quare
1539 4500 1614 4557 sicut
1628 4500 1804 4573 serpentes?
1814 4500 1851 4558 Ut
1860 4506 1893 4557 et
1907 4497 1955 4555 ille

243 4590 415 4664 acquiritur.
432 4590 591 4663 Fugiamus
607 4605 675 4661 ergo
692 4588 836 4646 riialitism
852 4590 951 4647 seculi
967 4591 1069 4664 hujus,
1124 4592 1265 4668 spolietur
1278 4607 1345 4661 suo,
1359 4593 1388 4647 et
1408 4589 1460 4662 qui
1485 4587 1559 4647 alios
1580 4603 1686 4645 exuere
1708 4586 1814 4660 voluit,
1837 4589 1957 4646 amittat

242 4682 273 4738 in
289 4698 346 4755 quo
362 4680 419 4754 ipsi
434 4678 503 4747 dies,
533 4679 630 4752 inquit
658 4678 765 4751 (prec.
783 4696 811 4747 v,
830 4680 884 4748 ld),
901 4680 1068 4752 euticam
1125 4679 1393 4755 qussuntipsius,
1411 4695 1470 4737 non
1487 4677 1676 4747 venena,sed
1700 4678 1807 4734 merita
1830 4682 1956 4735 nature.

243 4775 272 4829 ct
286 4770 436 4844 fugiamus
452 4768 585 4841 impigre.
596 4768 722 4840 ideoque
733 4767 823 4825 isaias
838 4768 961 4826 clamat:
979 4773 1072 4828 «Con-
1125 4770 1257 4843 Denique
1271 4768 1408 4842 dejicitur
1421 4766 1547 4825 illecum
1563 4770 1595 4843 tu
1610 4764 1788 4823 ascenderis.
1804 4766 1959 4839 Scriptum

242 4859 379 4917 valescite
395 4874 503 4915 manus
518 4856 658 4925 remissas,
675 4860 703 4912 et
727 4872 823 4929 genua
838 4858 984 4915 dissoluta
1005 4862 1069 4927 (lec.
1125 4864 1170 4917 cst
1187 4858 1266 4916 enim
1281 4874 1287 4914 :
1305 4881 1320 4908 a
1335 4854 1480 4915 Videbam
1495 4855 1634 4913 satanam
1649 4855 1727 4912 sicut
1735 4854 1838 4929 fulgur
1847 4856 1960 4912 cadeu-

242 4967 326 5017 xxxv,
342 4951 382 5020 3),
400 4971 414 4998 υ
430 4948 459 5003 id
476 4952 531 5014 est,
547 4963 605 5003 non
621 4946 762 5019 corporis,
778 4947 829 5002 sed
845 4948 948 5003 anime
962 4965 1070 5022 genna,
1125 4953 1185 5004 tem
1200 4949 1236 5006 de
1248 4946 1320 5004 coelo
1334 4946 1411 5020 (buc.
1426 4962 1455 5013 v,
1471 4946 1526 5017 18).
1543 4966 1558 4995 »
1572 4943 1635 5000 Non
1652 4942 1762 5017 fulgur,
1778 4943 1890 5017 inquit,
1907 4940 1961 4998 sed

242 5036 445 5105 convalescite,
462 5041 495 5093 ut
508 5036 652 5092 directum
673 5034 708 5090 ad
725 5033 789 5092 coeli
804 5034 949 5092 altissima
963 5037 1071 5094 mentis
1127 5038 1203 5094 sicut
1217 5035 1326 5109 fulgur,
1342 5034 1413 5107 quia
1427 5049 1515 5091 suum
1530 5032 1629 5090 lumen
1645 5033 1757 5102 emisit,
1774 5034 1853 5107 quod
1864 5032 1960 5089 habe·

243 5127 399 5201 vestigium
414 5126 509 5200 possit
524 5124 628 5193 attolli,
645 5128 678 5181 ut
692 5125 731 5181 sit
745 5124 852 5181 ductus
868 5124 989 5181 solidior
1002 5126 1070 5199 (31),
1127 5128 1177 5183 bat
1195 5128 1353 5197 antequam
1365 5122 1418 5181 tibi
1433 5128 1518 5180 tuum
1533 5121 1632 5180 lumen
1646 5120 1733 5179 vellet
1747 5123 1877 5181 aniame.
1902 5119 1960 5175 Ve-

278 5306 336 5375 (31)
351 5306 423 5361 Mas.
441 5324 471 5361 se
494 5310 565 5375 tem,
581 5304 674 5362 doctas
688 5303 811 5359 solidior.
828 5302 910 5368 Quod
940 5300 1013 5360 torte
1039 5306 1073 5360 ut
1163 5303 1220 5376 (32)
1248 5303 1319 5360 Mas.
1347 5302 1447 5376 plures
1475 5306 1563 5373 atque
1588 5300 1659 5358 edit.
1681 5304 1752 5371 vet,
1775 5310 1857 5383 atque
1893 5297 1959 5353 occ

244 5377 433 5431 emendarent
448 5324 516 5431 cita
543 5392 707 5449 reposuere.
737 5375 862 5430 doctrice
887 5374 1009 5431 solidior.
1037 5376 1073 5431 At
1127 5375 1377 5447 erct;quodcum
1390 5374 1538 5430 videretur
1558 5372 1757 5451 trigidumin
1777 5370 1956 5431 edibilem.

245 5462 318 5501 mss.
334 5463 384 5501 sex
399 5447 531 5517 legerint,
554 5450 649 5504 ductor
670 5446 795 5515 sotr'dtor,
816 5462 881 5518 quae
896 5462 962 5501 vera
986 5445 1072 5501 lectio
1128 5452 1291 5503 resecatum
1304 5450 1358 5501 est.
1374 5447 1410 5502 At
1421 5462 1518 5501 veram
1535 5444 1688 5501 lectionem
1700 5442 1959 5501 nohisexbibuers

246 5516 330 5572 notris
346 5517 469 5575 videtur.
491 5520 560 5576 Tres
581 5525 679 5576 temen
704 5517 823 5590 habent,
850 5524 926 5574 ortas
947 5516 1071 5575 solidior.
1127 5518 1242 5575 codices
1257 5514 1397 5589 librulph.
1413 5530 1447 5573 ac
1461 5516 1570 5573 Theoti.
1588 5516 1669 5573 idem
1684 5515 1762 5575 enim
1777 5520 1823 5574 est
1834 5514 1901 5572 istic
1915 5526 1959 5567 cr·

244 5590 308 5651 Non
324 5586 410 5645 mals.
1127 5596 1181 5661 ret,
1197 5592 1285 5669 atque
1295 5588 1362 5650 istic
1376 5591 1499 5663 vagatur
1510 5602 1544 5647 ac
1554 5602 1586 5646 se
1604 5586 1752 5645 diffundit.
