4159 6184
247 275 316 344 aaa
893 216 898 228 ’
978 257 1011 343 ε’.
1033 262 1235 358 auaaosn.
1341 315 1368 352 ,μ
1884 265 1946 339 uu⁸

252 411 310 468 Noe
337 404 466 462 ebriatus
480 405 534 474 est,
551 405 580 459 et
589 401 638 476 qui
651 419 708 459 non
723 396 884 459 inebriatus
895 401 1068 468 estdiiurio‚
1084 401 1110 466 Α
1161 403 1206 456 22.
1229 405 1290 467 Qun
1316 406 1414 459 autem
1438 397 1575 477 opinione
1599 403 1642 459 val
1667 401 1757 473 David
1777 402 1829 460 Dei
1844 403 1937 459 Filium

248 496 409 552 inebriatus
425 492 560 549 estvino.
580 491 636 548 Sed
650 489 700 547 ille
714 495 850 549 naturam
872 491 932 548 vini
958 490 1071 562 ignora-
1122 487 1273 562 jullulis,
1299 492 1341 548 rel
1369 492 1555 549 Salomonem
1579 493 1712 566 putatis?
1726 493 1770 550 1111
1789 493 1857 566 quia
1877 491 1938 549 arri·

248 585 307 653 hat,
324 601 381 639 non
398 581 474 638 anim
491 585 558 637 ante
573 584 722 652 potaverat
737 598 743 636 :
761 585 791 636 tu
816 580 846 640 in
866 579 916 637 illo
937 580 1071 637 dedicisti
1126 586 1208 653 ptum
1225 585 1269 637 est
1284 581 1400 650 :aneos
1412 581 1560 653 judicium
1576 588 1660 639 tuum
1675 583 1736 658 regi
1754 583 1802 647 da,
1824 580 1940 653 etjusti·

247 687 348 730 cavere
362 669 432 746 quid
448 670 570 737 debees3
585 669 635 724 Lot
651 685 701 741 per
716 685 854 724 somnum
863 667 1001 741 deceptus
1016 671 1070 736 est,
1126 669 1197 725 tiam
1211 672 1293 726 tuam
1309 669 1369 726 filio
1385 671 1462 744 regis
1477 671 1565 742 (Prot.
1586 689 1660 740 axxr,
1676 671 1720 744 2);
1738 676 1766 725 et
1786 669 1855 744 quia
1875 668 1939 724 titu-

248 765 276 819 et
289 766 323 817 tu
337 761 361 817 si
377 776 433 816 non
448 759 492 814 vis
508 757 754 830 decipi,somnum
764 757 935 814 mentistuae
947 757 1071 822 discute,
1125 757 1173 815 lus
1187 757 1292 830 psalmi
1307 757 1337 813 iu
1352 757 1538 815 Salomonem
1554 759 1702 832 psalmum
1719 776 1784 814 exn
1800 758 1871 815 dicit
1884 774 1941 813 esso

248 868 285 908 na
301 850 381 907 ebrio
395 847 500 904 illudat
514 845 592 902 [llius
606 851 656 902 aut
672 845 730 900 iilia
746 846 981 902 dormientiNon
1009 845 1072 918 pia·
1126 847 1321 920 compositum
1338 847 1398 918 (9)‘?
1412 847 1468 904 Sed
1484 864 1570 919 quem
1588 848 1774 904 Salomonem
1795 847 1881 915 dicat,
1895 846 1940 902 ed·

248 946 293 997 tas
309 937 378 1005 illic,
396 937 446 993 aed
462 934 586 993 ebrietas
601 934 734 991 redditur
749 953 756 991 ι
770 947 826 992 noo
841 939 923 1008 pater
936 933 1006 1002 illie,
1020 934 1071 990 aed
1125 934 1239 991 vertite.
1253 934 1391 992 Salomon
1407 933 1485 991 onim
1501 937 1641 1008 pacificus
1655 941 1709 997 est.
1732 936 1788 991 hoc
1802 935 1888 992 habet
1900 935 1940 990 in-

248 1026 396 1086 dormiena
410 1024 674 1081 circumscribitur.
695 1024 746 1079 Vis
762 1041 818 1079 nou
835 1023 940 1078 aduri?
954 1021 1019 1078 Noli
1034 1023 1070 1078 ad
1125 1024 1306 1096 terpretatio.
1331 1023 1466 1081 Psalmus
1489 1025 1519 1080 iu
1544 1041 1612 1080 eum
1633 1024 1751 1086 dicitur.
1776 1041 1862 1096 qoem
1882 1039 1942 1078 vere

247 1117 346 1190 ignem
362 1113 510 1170 accedere.
529 1111 580 1166 Vis
596 1127 653 1166 non
670 1109 866 1183 precipitari?
881 1109 1019 1164 Nutantia
1031 1109 1070 1164 lu·
1126 1111 1237 1168 seimus
1252 1129 1316 1168 essa
1330 1111 1411 1185 pacis
1427 1117 1588 1169 auctorem.
1600 1113 1749 1180 Quomodo
1775 1115 1871 1169 autom
1894 1111 1941 1167 Sa·

246 1222 291 1280 ge,
308 1206 454 1275 prerupta
468 1219 545 1264 cave,
563 1201 674 1256 caduca
686 1198 799 1255 declina
813 1203 841 1253 et
854 1197 994 1254 labantia.
1125 1200 1223 1258 lomon
1240 1199 1401 1273 pacificus?
1413 1201 1476 1257 Non
1489 1202 1545 1257 hoc
1565 1201 1638 1257 Joab
1665 1200 1788 1273 sanguis
1811 1201 1940 1266 ostendit,

283 1289 553 1363 19.Videsigiturin
566 1289 646 1343 illius
662 1288 713 1360 qui
725 1287 799 1358 iusti
816 1303 879 1344 esse
889 1288 1070 1356 meruerunt,
1126 1305 1213 1361 quem
1227 1289 1304 1344 inter
1319 1289 1422 1346 altaria
1435 1289 1537 1357 templi
1560 1289 1652 1360 jussit
1667 1288 1774 1357 oeridi;
1798 1305 1857 1344 non
1870 1289 1942 1343 lido-

247 1379 441 1438 nonalteram
457 1377 710 1443 subsecuturam,
727 1375 777 1432 sed
794 1374 915 1432 alteram
940 1372 1070 1446 discipli·
1125 1377 1179 1433 nia
1201 1396 1297 1450 prena,
1313 1394 1401 1450 quem
1425 1377 1577 1434 affinitatis
1601 1378 1686 1450 regim
1707 1394 1790 1434 reum
1813 1375 1940 1448 perculit,

247 1486 328 1526 nam.
350 1469 418 1524 Post
432 1465 518 1540 primi
536 1465 664 1520 hominis
680 1463 809 1536 lapsum,
817 1463 988 1534 justamque
1003 1478 1069 1517 sen·
1125 1483 1178 1523 nec
1193 1467 1296 1522 matris
1310 1467 1509 1522 obsecratione
1525 1466 1560 1522 ab
1575 1465 1777 1539 indignatione
1785 1470 1942 1521 revocatus.

245 1558 380 1624 tentiam,
392 1573 444 1612 our
458 1554 487 1610 in
503 1571 561 1609 uno
577 1552 674 1609 cernis
687 1553 844 1608 damnatus
857 1550 895 1607 sii
910 1551 1068 1623 appetitus,
1125 1555 1276 1622 Quomodo
1290 1560 1388 1611 autem
1405 1554 1435 1610 in
1451 1554 1637 1611 Solomonem
1652 1554 1741 1610 David
1766 1552 1861 1610 fllium
1884 1552 1941 1608 exi-

244 1648 350 1704 vitium
366 1645 453 1702 traxit
469 1642 608 1710 conditio,
626 1642 725 1696 infecit
740 1640 825 1712 eulpa
843 1645 996 1707 naturam;
1017 1640 1069 1694 sed
1125 1644 1229 1700 stimas
1251 1645 1404 1701 convenire
1428 1644 1505 1715 quod
1530 1643 1861 1716 scriptumest,quia1‹
1880 1659 1944 1714 per·

246 1741 356 1794 naturae
372 1733 465 1806 ipsius
481 1731 583 1785 vitium
599 1730 671 1785 fides
690 1728 871 1802 temperavit,
895 1731 923 1782 et
942 1727 1068 1784 dovotio·
1085 1764 1108 1828 B
1124 1733 1254 1790 mauebit
1269 1749 1336 1788 oum
1352 1732 1413 1788 sole
1427 1736 1456 1788 et
1470 1737 1536 1788 anto
1551 1733 1663 1800 lunam,
1679 1733 1709 1787 in
1727 1730 1833 1787 secula
1854 1747 1941 1788 seru·

246 1823 292 1880 nis
309 1821 430 1878 intentio
446 1818 589 1890 mitigavit
604 1818 758 1873 eliensem.
1123 1823 1219 1878 lorum
1234 1821 1349 1892 (ibid),
1363 1838 1432 1875 cum
1457 1819 1504 1876 ille
1526 1821 1621 1876 brevis
1644 1819 1708 1875 vite
1735 1819 1864 1892 adeptus
1883 1836 1946 1874 usu·

247 2000 347 2057 scitote
363 1997 502 2070 quoniam
519 1995 660 2052 Dominus
676 1994 822 2076 Dousestf
840 1994 900 2066 ipso
921 1992 988 2050 serit
1002 2010 1067 2058 nos,
1123 2000 1272 2066 Quomodo
1288 2005 1385 2054 autem
1410 1999 1445 2053 de
1470 2014 1503 2053 oo
1533 1996 1641 2053 dicitur
1658 2017 1664 2053 :
1683 2022 1696 2046 o
1713 1996 1947 2053 Dominabitura

246 2093 274 2147 et
293 2105 350 2144 non
370 2086 427 2161 ipsi
451 2102 515 2140 nos.
532 2084 639 2139 Scitote
663 2083 802 2156 quoniam
826 2100 892 2139 caro
912 2100 1016 2138 sumus
1040 2086 1070 2138 ei
1123 2089 1302 2158 mariusque
1317 2087 1352 2142 ad
1369 2104 1449 2141 mare
1464 2085 1545 2157 (ibid.
1567 2087 1613 2157 8);
1630 2103 1696 2140 cum
1723 2085 1772 2139 ille
1795 2085 1871 2141 inter
1894 2085 1946 2158 Sy·

246 2176 353 2251 pulvis.
369 2174 663 2246 Relinquamusorgo
687 2188 752 2242 que
778 2171 911 2239 lecimus,
928 2171 1068 2244 etipsum
1123 2177 1197 2233 nani
1229 2174 1416 2244 constitutus,
1442 2173 1496 2230 hoc
1524 2177 1568 2230 ost
1598 2173 1675 2230 intra
1700 2172 1788 2229 unius
1823 2171 1947 2246 regionis

246 2265 339 2322 nostri
354 2278 525 2319 veneremur
541 2266 700 2325 auctorem,
717 2261 766 2330 qui
784 2259 872 2314 vitam
897 2258 985 2326 dedit,
1002 2275 1069 2332 pcc·
1123 2264 1314 2339 provinciam,
1326 2262 1563 2336 circumscriptos
1578 2263 1651 2318 fines
1665 2261 1801 2318 babuerit
1815 2263 1942 2335 imperii.

246 2358 311 2411 catu
325 2351 451 2417 donarit,
469 2351 516 2422 qui
534 2347 614 2404 solus
629 2353 726 2420 potest
741 2349 835 2403 dicere
854 2365 859 2403 :
877 2370 891 2398 o
908 2349 966 2420 ugo
990 2365 1067 2415 sum,
1122 2352 1209 2410 Solus
1224 2356 1322 2408 autom
1337 2351 1471 2408 Christus
1485 2351 1619 2424 usquein
1642 2351 1721 2406 orbis
1746 2350 1838 2407 totins
1852 2351 1949 2406 termi-

246 2459 299 2516 ego
312 2457 390 2504 suni,
407 2440 455 2512 qui
471 2439 561 2493 «labeo
577 2437 746 2508 iniquitates
770 2441 891 2504 vostros,
908 2441 936 2491 et
957 2453 1070 2492 memor
1124 2460 1177 2499 nus
1202 2458 1290 2498 suum
1315 2443 1486 2514 propagarit
1508 2441 1677 2513 imperium.
1698 2440 1785 2497 Solus
1799 2439 1879 2496 euim
1896 2441 1948 2495 iste

247 2547 304 2587 non
320 2546 368 2585 ere
383 2529 448 2600 (isa.
467 2544 546 2590 xt111.
562 2527 621 2594 25)-
643 2547 656 2574 »
673 2525 797 2598 Magnus
814 2524 899 2597 plane
911 2528 939 2580 el
954 2524 1068 2580 miseri·
1123 2536 1177 2598 ast,
1195 2532 1230 2586 de
1246 2547 1304 2602 quo
1329 2531 1401 2585 bane
1423 2527 1529 2602 psalmi
1554 2529 1645 2584 series
1670 2527 1864 2602 prophetarit,
1880 2527 1947 2602 quia

246 2637 311 2676 cors
335 2617 424 2684 Deus,
450 2615 500 2688 qui
522 2613 698 2670 beneficium
723 2614 843 2682 couleti,
862 2629 914 2670 nec
936 2613 1068 2670 beneficii
1123 2643 1138 2671 u
1163 2636 1245 2692 reges
1269 2618 1399 2674 Arabum
1422 2621 1452 2673 et
1465 2618 1540 2673 Saba
1563 2618 1640 2674 dona
1663 2618 1822 2684 adducent,
1839 2620 1868 2673 et
1883 2618 1946 2673 ade
2047 2626 2048 2633 ’

246 2724 355 2764 munus
371 2705 536 2777 exprobrat..
559 2703 634 2758 m
650 2701 796 2758 Miramini
813 2703 890 2774 quod
909 2703 997 2758 novio
1024 2720 1069 2758 re·
1123 2710 1231 2765 rabant
1242 2724 1309 2764 eum
1326 2723 1427 2763 omnes
1443 2724 1526 2780 reges
1541 2710 1623 2762 terrae
1640 2724 1646 2761 :
1664 2724 1767 2763 omnes
1779 2711 1882 2780 gentes
1894 2723 1950 2762 ser

246 2814 312 2871 gom
329 2793 438 2862 fecerit,
455 2793 653 2863 victoremque
669 2790 829 2846 multorum
852 2791 1069 2863 geniiurn‘lSic
1123 2799 1202 2852 vient
1217 2797 1242 2852 ei
1258 2795 1337 2867 (ibid.
1355 2797 1603 2868 10‚tt).·flune
1618 2793 1695 2851 onim
1722 2793 1945 2868 novimusgen·
2047 2834 2048 2843 ,

247 2883 376 2941 servulos
391 2899 461 2937 suos
477 2880 629 2936 consuevit
643 2880 775 2935 evehere·
796 2879 857 2934 Non
874 2897 978 2935 avarus
1004 2897 1068 2934 mu·
1123 2887 1202 2942 tibus
1225 2883 1368 2939 universis
1392 2888 1421 2940 et
1443 2883 1611 2940 nationibus
1636 2885 1845 2956 imperantem.
1862 2883 1947 2940 incir-

247 2986 432 3036 nerumnec
448 2967 579 3024 beneficii
598 2984 712 3040 parcus,
730 2984 782 3022 1¹00
806 2968 905 3040 grutlae
926 2974 1069 3040 unguetus
1123 2975 1300 3045 cumscripto
1333 2973 1466 3045 imperio,
1497 2973 1687 3029 interminata
1701 2976 1856 3046 potestate.
1886 2972 1949 3027 Non
2047 3042 2048 3045 Ἴ

246 3068 275 3124 et
289 3061 381 3134 frugi:
407 3059 457 3116 sed
483 3057 606 3130 opulens
631 3055 784 3127 largitatis,
805 3074 878 3128 quos
906 3056 1029 3112 redemit
1053 3075 1069 3113 a
1123 3079 1191 3136 ergo
1206 3061 1344 3119 Salomon
1357 3061 1406 3116 Dei
1423 3061 1512 3116 filius.

246 3155 373 3224 peceato,
391 3152 476 3221 auget
491 3153 518 3202 et
533 3145 730 3219 prr-emiohmc
754 3146 906 3201 adversum
932 3145 1066 3218 gentiles.
1083 3135 1105 3201 (l
1158 3170 1202 3226 23⁸
1219 3169 1275 3226 Sed
1290 3185 1348 3241 qua
1364 3169 1477 3225 ratione
1491 3185 1560 3226 eum
1583 3168 1634 3224 Dei
1661 3165 1756 3223 filium
1770 3165 1950 3240 putam-Stis?

562 3233 758 3335 CAPUTW',
845 3325 849 3334 ,
959 3324 964 3334 ,
1053 3323 1058 3334 ,
1122 3260 1166 3318 Au
1180 3259 1250 3329 quia
1265 3258 1383 3330 sapiens
1399 3257 1543 3328 luit?Sed
1558 3257 1606 3312 bio
1619 3256 1795 3328 sapientiam
1818 3255 1948 3329 postula·

243 3327 350 3384 ledeos
363 3341 508 3400 perperam
529 3323 666 3379 ordientes
690 3321 785 3392 11111111,
802 3339 847 3394 qur
861 3324 996 3378 oderemus
1013 3325 1068 3393 furt
1123 3345 1173 3411 vit,
1191 3348 1268 3402 ,Η
1282 3350 1323 3414 ut,
1336 3362 1425 3418 quam
1441 3363 1499 3402 non
1513 3345 1648 3410 habebat,
1666 3346 1812 3418 acciperet
1828 3362 1836 3400 :
1852 3344 1949 3400 Chris·

279 3397 455 3470 peccatovel
479 3395 720 3454 Salomonem
743 3393 863 3448 dicterio
884 3395 989 3449 Christo
1013 3409 1068 3448 non
1122 3438 1134 3489 t
1196 3436 1201 3446 .
1337 3433 1342 3444 .
1398 3435 1403 3445 .
1645 3434 1650 3444 .
1722 3434 1727 3444 .
1821 3433 1827 3443 .

279 3470 455 3533 conveniam,
471 3481 528 3521 Μ
549 3467 650 3520 mmm
662 3467 720 3530 Dei,
737 3465 901 3534 mamm-33
914 3475 939 3519 a
953 3481 1068 3535 mmm
1136 3452 1171 3491 us
1194 3452 1257 3506 ipsa
1281 3440 1425 3508 sapientia
1448 3439 1501 3504 est,
1525 3433 1698 3490 natrrralrter
1720 3452 1750 3489 in
1776 3448 1951 3490 universum

279 3538 459 3612 quorumdam
475 3539 666 3594 hereticorum
689 3537 721 3592 do
745 3537 813 3592 Filio
837 3538 885 3593 Dei
904 3537 1066 3608 interprete·
1122 3523 1244 3592 hiibfflffl,
1262 3522 1339 3596 qu⁰d
1355 3524 1384 3578 5¹¹
1400 3524 1488 3578 rebus
1513 3522 1652 3578 humanis
1676 3521 1814 3578 3⁸¹⁰¹11⁰¹¹
1839 3522 1952 3592 8009111

281 3617 381 3668 tionem
395 3610 526 3682 consulut.
1123 3629 1174 3684 per
1183 3611 1454 3684 gretiamlleniquo
1467 3612 1544 3683 quod
1557 3611 1701 3684 accipitur
1714 3627 1749 3668 ex
1761 3615 1907 3690 tempore,
1922 3609 1952 3664 in

279 3701 327 3754 21.
349 3699 403 3754 Sed
420 3698 559 3769 quoniam
576 3697 752 3768 tripartitam
767 3696 939 3752 divisionem
966 3701 1069 3752 tracta·
1122 3707 1252 3774 tempore
1268 3701 1444 3772 possidetur.
1456 3700 1594 3756 Salomon
1610 3701 1689 3756 enim
1704 3699 1883 3773 sapientiam
1901 3715 1953 3754 nec

246 3793 295 3846 tue
310 3787 400 3858 hujus
414 3785 534 3859 polliciti
552 3802 666 3855 sumus,
681 3801 768 3840 unum
780 3785 919 3840 adversus
931 3785 1067 3858 gentiles,
1123 3790 1153 3845 in
1167 3789 1309 3863 principio
1324 3790 1371 3845 sui
1387 3788 1500 3858 habuit,
1516 3805 1568 3844 uec
1584 3789 1615 3844 io
1632 3789 1688 3843 fine
1705 3787 1954 3860 possedit.Neque

244 3877 332 3934 aliam
348 3877 490 3932 adversus
505 3873 631 3942 ledeos,
648 3875 765 3930 tertiam
785 3876 862 3946 apud
889 3873 1045 3930 Ecclesiam
1059 3893 1066 3939 ;
1123 3878 1201 3934 enim
1217 3877 1324 3933 habere
1338 3894 1370 3934 se
1385 3877 1508 3934 credidit
1531 3878 1609 3950 quod
1634 3877 1777 3950 poposcit,
1793 3880 1824 3932 et
1848 3881 1956 3949 postea

244 3983 322 4022 nunc
338 3969 439 4021 contra
453 3963 568 4018 ludaeos
584 3963 774 4018 videturesse
789 3963 1068 4030 tractandumouid
1123 3983 1243 4022 aversus
1258 3984 1274 4021 a
1289 3967 1339 4021 Dei
1353 3965 1443 4035 cultu,
1461 3984 1518 4022 non
1534 3967 1619 4038 quasi
1634 3965 1763 4038 sapiens,
1785 3964 1837 4021 sed
1864 3963 1953 4038 quasi

245 4054 334 4128 igitur
348 4053 433 4109 nobis
449 4051 632 4124 propositum
645 4051 684 4106 sit
699 4049 1069 4116 recenseamusol'itulus,
1124 4055 1266 4126 insipieus
1279 4053 1383 4128 lapsus
1398 4061 1454 4122 est,
1470 4060 1503 4111 ut
1518 4056 1686 4111 offenderet.
1700 4053 1829 4110 Offendit
1844 4052 1876 4108 iu
1892 4057 1957 4107 tau·

245 4140 472 4216 inquit,psalmi
498 4140 585 4196 David
611 4139 775 4194 intellectus
792 4142 841 4208 (7),
858 4156 925 4194 cum
939 4141 1018 4195 venit
1033 4141 1069 4194 ad
1123 4147 1198 4210 tum,
1229 4147 1262 4198 ut
1291 4144 1379 4200 etiam
1405 4144 1482 4216 quod
1513 4147 1669 4208 meruerat,
1698 4143 1859 4198 auritteret.
1898 4140 1958 4194 Cur

245 4249 313 4288 eum
328 4231 443 4288 Nathan
458 4229 599 4303 propheto
615 4247 622 4284 :
639 4245 706 4284 eum
721 4227 840 4283 intravit
854 4229 890 4284 ad
910 4228 1070 4285 Bethsabee
1124 4231 1214 4304 igitur
1239 4231 1318 4287 hunc
1341 4231 1391 4288 Dei
1416 4231 1510 4287 silium
1533 4230 1719 4288 credidistis?
1733 4232 1776 4286 Au
1793 4229 1865 4302 quia
1878 4233 1956 4284 tem·

245 4321 329 4390 (Prot.
346 4337 371 4385 a,
390 4322 415 4384 1,
430 4321 471 4391 2).
492 4319 602 4390 Nempe
625 4316 747 4374 historia
770 4317 830 4372 hrec
854 4325 881 4373 ei
905 4316 1069 4374 adulterum
1124 4319 1205 4393 plum
1221 4320 1279 4376 Deo
1294 4319 1446 4376 condidit?
1461 4321 1517 4376 Sed
1540 4319 1608 4375 hinc
1634 4318 1793 4376 Dominum
1811 4321 1841 4373 et
1860 4317 1958 4372 Deum

247 4407 333 4462 David
351 4408 463 4462 inducit
484 4412 511 4464 et
536 4406 726 4476 homicidam,
742 4411 771 4462 et
795 4408 872 4462 leuno
888 4423 949 4473 vos,
964 4406 1068 4471 ludaei,
1124 4426 1182 4464 non
1198 4423 1269 4469 ⁴esse
1292 4408 1409 4464 credere
1434 4407 1589 4477 debuistis,
1616 4406 1686 4479 quia
1709 4405 1854 4479 scriptum
1877 4409 1925 4460 est
1950 4419 1957 4455 :

246 4495 344 4552 dicitis
359 4511 423 4550 asse
439 4495 490 4550 Dei
506 4496 624 4552 filium?
640 4497 696 4551 Sed
713 4497 789 4552 Deus
800 4497 940 4552 virtutum
954 4500 1069 4572 estnon
1086 4515 1108 4579 D
1125 4497 1213 4553 «Nisi
1228 4495 1370 4552 Dominus
1386 4497 1571 4554 edilioaverit
1585 4495 1641 4552 sibi
1657 4495 1780 4550 domum
1796 4494 1956 4550 iuvenum

246 4584 417 4641 criminum.
437 4584 470 4638 Et
485 4585 519 4638 de
537 4583 590 4639 boo
606 4585 675 4638 dicii
691 4585 768 4640 Deus
783 4584 867 4641 Pater
882 4602 888 4640 :
906 4584 1071 4640 «Thronus
1124 4584 1330 4642 laboraverunt
1344 4585 1395 4656 qui
1411 4585 1556 4641 aedificant
1580 4602 1643 4640 aeni
1669 4585 1754 4649 (Paci.
1771 4600 1866 4644 cxxii.
1888 4582 1923 4650 1).
1942 4601 1955 4623 ι·

246 4676 311 4747 ejus
335 4673 411 4728 sieut
435 4671 497 4728 dios
521 4671 584 4726 omli
610 4673 696 4742 (Psel.
729 4691 864 4740 cxxxviii,
889 4675 951 4744 30);
980 4695 994 4722 a
1020 4672 1070 4744 qui
1124 4673 1156 4728 ln
1181 4690 1289 4730 venitm
1312 4673 1456 4729 laboravit
1478 4673 1529 4746 qui
1553 4673 1707 4729 edificavit
1736 4671 1766 4727 id
1794 4668 1954 4744 templum.

246 4749 477 4827 dolum'fercrit,
503 4763 621 4832 peccata
645 4776 702 4814 non
723 4761 842 4816 uicerit?
866 4762 900 4816 lit
924 4761 1070 4832 quomedo
1124 4762 1199 4833 quod
1216 4762 1368 4833 subjectus
1384 4761 1460 4834 ignis
1476 4761 1655 4818 exussisse
1670 4762 1740 4832 quia
1764 4759 1853 4816 David
1879 4753 1954 4830 patri

245 4853 389 4925 scriptum
413 4853 458 4906 est
480 4849 543 4921 (8);
569 4849 659 4904 Nemo
683 4849 745 4904 sino
768 4854 894 4922 peccato,
920 4850 977 4906 nisi
994 4867 1071 4905 unua
1125 4849 1480 4922 ipsiusdiotumest:Non
1491 4855 1523 4906 tu
1534 4848 1692 4906 aediiioabis
1707 4847 1782 4904 mihi
1793 4849 1953 4907 domum...

245 4941 322 4998 Daue
347 4940 425 5011 (luo.
454 4955 535 5002 xviri,
565 4937 624 5004 tilii
647 4939 676 4993 Si
699 4938 787 5009 igitur
812 4955 869 4992 non
895 4943 988 5011 potest
1012 4955 1070 4994 non
1126 4939 1177 4994 sed
1192 4955 1260 4994 cum
1276 4943 1309 4994 tu
1324 4939 1490 5006 dormieris,
1505 4939 1635 4996 excitabo
1651 4954 1751 4994 semen
1778 4943 1860 4992 tuum
1887 4935 1955 5006 post

247 5046 311 5088 ease
328 5033 412 5094 Deus,
429 5029 479 5101 qui
494 5027 542 5082 Dei
559 5026 648 5082 Filius
662 5032 716 5093 osi,
733 5026 833 5098 utique
851 5027 898 5082 lloi
914 5027 1003 5082 l‘ilius
1024 5043 1070 5082 ar·
1125 5034 1164 5095 te,
1182 5033 1210 5082 et
1225 5027 1287 5099 ipse
1303 5027 1457 5083 aedifioabit
1471 5029 1592 5084 domum
1616 5027 1727 5082 nomini
1747 5043 1814 5082 meo
1829 5027 1869 5096 [ll
1879 5024 1946 5089 lieu.

246 5117 455 5190 biterjustitiae
471 5121 524 5184 est,
542 5133 599 5172 non
616 5114 758 5172 obnoxius
775 5113 876 5186 culpo.
1125 5133 1163 5182 vr,
1189 5117 1233 5186 12,
1260 5115 1314 5189 13).
1343 5116 1483 5173 »Verum
1511 5117 1550 5173 ibi
1578 5133 1694 5190 quoque
1722 5113 1864 5188 templum
1892 5122 1951 5165 uon

284 5243 323 5316 (7)
340 5242 380 5298 lta
405 5257 480 5297 mss.
510 5256 612 5296 omnes
639 5255 672 5295 oc
696 5239 766 5295 edit.
788 5243 854 5294 Era.
881 5237 1070 5312 atqueGill.,
1126 5239 1303 5295 cedendum.

189 5357 199 5366 .
249 5313 330 5369 Rom.
349 5318 457 5370 autem.
474 5313 578 5367 Titulus
596 5329 602 5366 :
619 5313 649 5368 in
663 5309 883 5382 [irrempsolmus
900 5311 986 5366 licvid
1008 5327 1072 5366 oum
1160 5309 1198 5380 (8)
1213 5310 1297 5365 Rom.
1315 5311 1386 5366 edit.
1406 5310 1478 5375 sola,
1503 5299 1949 5382 permunoeeicertt‚qoomrdo

249 5383 509 5451 immoderationem
541 5381 701 5438 Fatendum
717 5383 834 5453 quidem
858 5380 936 5437 huno
951 5382 1070 5436 titulum
1124 5380 1226 5436 dicitur
1240 5383 1327 5436 Filius
1343 5381 1402 5442 Dei.
1419 5384 1629 5454 quitrrcriptem
1643 5385 1691 5439 est.

250 5453 292 5509 ita
311 5452 364 5524 irgi
390 5455 419 5508 in
444 5453 576 5508 Psnlterii
594 5453 809 5526 exemplaribus
834 5469 897 5524 quie
922 5469 999 5507 nilne
1022 5469 1069 5507 ex·
1160 5454 1198 5522 (9)
1214 5453 1320 5507 [ladem
1337 5454 1422 5509 Rom.
1440 5453 1526 5518 edit..
1543 5458 1569 5508 et
1584 5456 1649 5526 qcr'c
1663 5455 1762 5509 titulus
1774 5450 1871 5524 psalmi
1883 5458 1948 5524 ult·

250 5527 345 5592 stent3
360 5525 410 5579 sed
425 5539 491 5578 cum
507 5523 575 5579 olim
591 5539 698 5598 magna
712 5525 798 5580 luerit
822 5525 851 5580 in
875 5524 970 5579 titulis
995 5527 1071 5597 psal·
1125 5525 1272 5596 tuopesimr'
1281 5526 1369 5597 primi
1382 5525 1413 5580 in
1428 5523 1600 5582 Salomonem
1622 5526 1730 5582 dicim
1740 5539 1796 5582 esre
1816 5529 1949 5592 cumi·

251 5609 368 5654 morum
384 5593 548 5664 diversitos,
558 5610 580 5654 a
596 5609 670 5656 mea.
689 5597 718 5654 et
731 5595 835 5674 priscis
851 5595 922 5658 edit.
942 5611 1000 5654 uon
1014 5595 1072 5654 dis·
1124 5600 1179 5656 1111.
1195 5594 1274 5671 Alie,
1288 5611 1322 5657 oc
1336 5588 1409 5668 inae.
1423 5612 1536 5666 omues,
1554 5597 1627 5657 utin
1641 5601 1735 5661 textu.
