4159 6184
248 279 318 339 515,
979 272 1011 329 S.
1034 269 1221 332 AMBROSll
1868 280 1913 339 tlt

247 427 319 467 tiriae
347 410 377 463 in
406 410 454 463 ltoe
482 412 613 478 tempore,
643 406 672 461 in
699 404 799 463 soeenlo
825 406 917 457 tentent
956 410 1068 457 oerttoro
1084 403 1111 469 Α
1126 416 1163 467 rr,
1182 403 1233 473 10),
1255 402 1384 474 Denique
1408 403 1492 474 quasi
1522 402 1667 459 inerudite
1697 406 1868 477 respondetur
1889 414 1909 468 ni

246 502 330 554 vitem
343 500 479 555 orientem
494 494 642 567 possidebit
656 496 732 561 (lire.
749 508 828 557 xvm,
844 492 889 559 29,
899 491 956 561 30).
973 506 1070 546 nonrre
1125 491 1203 563 quod
1216 491 1381 546 erudiretur
1396 508 1413 547 a
1427 491 1570 549 Domino:
1592 498 1651 564 Epo
1666 495 1786 564 aperient
1798 511 1823 551 oe
1839 502 1913 569 trion,

245 588 425 643 incrementa
439 586 583 641 bonorum
597 582 869 638 accidentiumcum
885 579 989 636 anima
1006 596 1065 635 oor-
1123 583 1149 635 ot
1165 580 1305 636 instruam
1327 580 1794 653 teqneddebeosloqoitltid.12l.

244 677 383 749 porisque
399 673 633 731 remuneratione
649 670 816 743 promittit?
1159 670 1205 724 tt.
1222 667 1396 725 Praeclarum
1411 674 1508 725 autem
1525 670 1708 743 mysterium,
1725 673 1797 742 quod
1811 670 1852 729 lex
1868 693 1916 733 uon

208 764 210 767 ’
279 766 325 820 70.
345 764 409 821 Haec
424 781 488 836 qun
504 759 687 832 simplicibus
703 758 797 815 verbis
812 774 896 814 soora
920 756 1071 829 Scriptura
1117 758 1197 813 vsatis
1212 756 1299 830 plena
1313 763 1393 827 erat;
1410 767 1441 814 ut
1455 760 1644 831 persuaderet
1659 758 1782 831 populis,
1796 765 1822 816 et
1834 768 1918 834 gentes

245 854 393 927 exprimit,
423 866 529 923 magno
558 849 685 921 quodam
721 848 864 902 cothurno
900 842 1069 901 Aristotcles
1123 838 1251 914 vocaret,¹
1262 846 1305 901 rel
1321 846 1389 918 quia
1404 847 1504 904 clausa
1517 848 1592 903 loret
1607 864 1700 920 usque
1714 850 1749 904 ad
1763 848 1859 906 Christi
1877 853 1918 908 od·

245 943 307 1014 (lib.
326 942 436 999 reete.
453 957 478 1004 c,
496 938 522 1011 8)
538 944 566 993 et
583 934 764 1008 Peripatetici
790 940 958 1007 personant,
982 936 1069 1004 atque
1123 936 1476 1008 ventum,quiexpcuens
1505 937 1590 993 nobis
1617 935 1784 1009 prophetica
1809 938 1918 1007 oracula,

245 1029 397 1087 extollunt.
409 1027 634 1101 Pythagoricum
651 1040 768 1097 quoque
788 1024 896 1096 dogma
910 1040 974 1079 esse
990 1021 1068 1078 testi·
1123 1024 1313 1096 etprolerens
1339 1025 1485 1081 Lectionis
1512 1025 1618 1081 veteris
1646 1024 1816 1092 testimonia,
1843 1026 1920 1083 veluti

244 1120 369 1175 licuntur
383 1118 440 1179 sui.
463 1117 516 1172 Sed
538 1114 605 1187 quis
629 1114 747 1169 illorum
773 1112 897 1185 aequevit
920 1112 1068 1167 Abrabam
1123 1113 1269 1185 quoddam
1285 1131 1318 1169 os
1332 1112 1405 1187 legis
1418 1114 1541 1186 aperuit,
1554 1119 1586 1169 ut
1600 1114 1667 1169 [idei
1682 1111 1790 1169 clamor
1800 1114 1828 1169 iu
1841 1119 1920 1171 ictum

242 1201 877 1278 tempore‘lOuisauotoritatectsupicntia
897 1200 1066 1265 Dominum,
1122 1201 1283 1273 perveniret
1311 1202 1422 1259 orbem.
1465 1202 1546 1259 Unde
1569 1207 1599 1258 et
1626 1202 1747 1275 mystice
1777 1202 1815 1257 ait
1845 1203 1919 1259 Sera:

243 1298 328 1367 cuius
343 1292 461 1350 oraculo
476 1291 625 1347 Abraham
641 1290 765 1363 triplicis
780 1290 870 1362 hujus
883 1289 982 1362 gratias
1002 1304 1067 1343 mu·
1123 1290 1318 1347 Cortelucitme
1345 1292 1475 1347 Dominus
1502 1296 1532 1347 nt
1555 1308 1609 1347 noo
1635 1292 1922 1364 pertimescente

243 1403 299 1457 nus
315 1381 470 1457 agnoscit?
1121 1378 1156 1433 od
1166 1380 1298 1435 tramitem
1311 1397 1413 1449 areum,
1428 1390 1454 1436 et
1466 1381 1559 1451 filium
1571 1381 1656 1452 socies·
1671 1396 1707 1437 ex
1721 1380 1770 1435 ille
1783 1381 1855 1450 (Geta
1873 1398 1921 1447 arr,

279 1472 325 1531 7l.
343 1478 452 1529 Dantur
470 1476 570 1531 aulem
596 1471 622 1526 ei
652 1476 791 1541 tanquam
821 1468 851 1523 in
879 1464 1066 1539 disciplinam
1121 1468 1159 1539 2).
1176 1470 1237 1534 Quo
1252 1474 1392 1541 agnoscat
1405 1468 1435 1524 in
1452 1469 1707 1542 predestinatione
1725 1468 1813 1524 luisse
1825 1484 1924 1541 semper

243 1563 415 1637 alienigenae
426 1559 571 1631 nationes,
584 1558 796 1631 otmenanui
807 1554 1068 1613 observantissima
1122 1556 1279 1613 Ecclesiam
1308 1556 1369 1624 Dei,
1399 1563 1428 1613 et
1456 1562 1589 1630 paratam
1620 1557 1688 1613 fidei
1718 1556 1922 1624 secunditatem,

244 1654 352 1709 recidat
367 1651 445 1719 vitia,
461 1650 596 1707 emendet
610 1655 713 1705 errata.
729 1648 822 1721 Magis
836 1652 933 1703 tanim
948 1646 1066 1702 evidens
1121 1646 1237 1717 quando
1249 1647 1366 1718 juberet
1381 1645 1524 1703 Dominus
1547 1662 1747 1718 prorumpere,
1769 1644 1818 1701 sed
1836 1643 1924 1702 voluu-

243 1741 375 1799 llccleeiae
389 1739 553 1797 declaratur
569 1737 752 1811 mysterium,
767 1735 836 1809 quic
851 1752 902 1807 per
916 1734 1068 1809 apostolos
1082 1768 1107 1835 B
1120 1738 1179 1791 tate
1195 1735 1311 1790 Domini
1326 1741 1402 1789 certo
1418 1739 1595 1791 reservatam
1611 1734 1745 1806 tempori.
1762 1732 1882 1805 Denique
1890 1731 1924 1789 sio

243 1833 307 1901 ejus
323 1830 373 1901 qui
389 1834 458 1884 sunt
473 1826 619 1893 Israeliten,
636 1842 762 1897 quorum
779 1829 887 1896 patros,
903 1828 931 1879 ct
943 1840 977 1879 cx
997 1822 1065 1894 qui·
1121 1823 1264 1894 scriptum
1275 1829 1320 1879 est
1332 1840 1337 1878 1
1355 1824 1478 1893 ternpore
1492 1826 1598 1896 eccepto
1610 1822 1743 1879 exordiri
1755 1830 1792 1889 te,
1805 1826 1831 1877 el
1851 1822 1877 1876 in
1889 1820 1924 1876 die

243 1922 297 1976 bus
313 1918 447 1991 patribus
461 1916 595 1973 Christus
610 1915 772 1970 secundum
789 1928 905 1969 carnem
923 1912 978 1967 sub
1003 1910 1066 1983 lege
1120 1912 1218 1967 scintis
1246 1912 1339 1983 teljnoi
1366 1914 1573 1983 iettensem,
1607 1912 1645 1983 e).
1671 1910 1853 1967 AdvertImus
1878 1909 1926 1964 ita-

243 2009 405 2072 saclusest,
426 2004 630 2077 congreganda
654 2001 780 2058 Ecclesia
810 2002 882 2056 soret
911 1999 1066 2055 credituris
1121 2002 1446 2073 quequodl'estinabat
1464 2000 1538 2057 lldes
1562 2000 1708 2067 Ecclesiae,
1733 2000 1783 2056 sed
1805 1997 1926 2055 conclusa

243 2094 527 2171 populisnaticnum
545 2090 1066 2164 (liitouosnonotiosedecemnu·
1120 2097 1182 2147 erat
1208 2090 1272 2161 eJ'us
1302 2090 1476 2146 fecunditas.
1506 2092 1568 2156 Quo
1597 2091 1687 2145 verbo
1724 2090 1927 2145 demonstratur

244 2201 323 2241 moro
340 2182 524 2256 significavit,
541 2181 592 2237 scd
610 2184 640 2236 ut
655 2178 821 2236 ostenderet
834 2180 911 2249 quod
931 2176 973 2231 illi
999 2181 1067 2233 nate
1121 2179 1261 2253 quoniam
1284 2180 1471 2251 exspectabat
1498 2184 1602 2251 partus
1629 2178 1676 2235 sui
1702 2182 1842 2251 tempore,
1868 2176 1928 2248 quie

244 2274 358 2347 per-lidi,
383 2272 434 2327 ubi
459 2286 629 2326 mensuram
655 2267 772 2341 pictatis
797 2266 978 2338 implessent,
1000 2282 1066 2339 pro·
1121 2269 1200 2341 quod
1216 2267 1387 2324 conclusum
1401 2272 1446 2323 est
1460 2266 1539 2338 aperi
1552 2266 1635 2323 solet.
1652 2268 1719 2333 Qun
1740 2265 1849 2322 ratione
1870 2281 1929 2320 eoa·

244 2364 316 2419 iacto
332 2365 431 2417 esseut
445 2360 501 2431 (li)
517 2358 584 2413 lldei
601 2356 733 2429 adepturi
745 2372 891 2411 eoronam.
1121 2357 1203 2413 clusa
1215 2356 1311 2420 fuerit,
1336 2356 1422 2413 docet
1446 2361 1473 2412 te
1495 2355 1653 2428 Apostolus
1675 2354 1801 2412 dicens:
1826 2353 1929 2410 Condu-

277 2454 321 2508 72.
338 2450 469 2521 Denique
484 2446 618 2519 sequitur
647 2446 717 2517 quia
746 2444 817 2499 Sam
847 2461 919 2499 uxor
942 2442 1065 2499 Abrahae
1120 2448 1243 2503 sitenim
1263 2447 1334 2501 Deus
1359 2446 1453 2500 omitia
1476 2446 1506 2499 in
1534 2443 1741 2511 incredulitate,
1765 2452 1795 2499 ut
1817 2442 1929 2498 crambes

244 2538 352 2595 sterilis
369 2538 462 2599 luerat
476 2536 550 2608 (Gerr.
568 2552 644 2590 axvi.
665 2535 707 2605 ll:
724 2538 786 2588 oret
798 2538 895 2588 autem
911 2538 941 2588 et
959 2530 1067 2589 ancillo
1120 2537 1327 2592 miserentem...
1343 2534 1430 2606 (ilem.
1447 2534 1558 2605 x1,32).
1579 2532 1615 2589 Ut
1636 2549 1696 2589 nen
1722 2532 1833 2589 nolentis
1854 2545 1929 2601 atym

243 2627 376 2703 rEgyptio
390 2626 437 2683 eui
453 2642 559 2681 conten
571 2626 657 2697 Agar,
674 2624 751 2697 quod
768 2624 803 2679 ad
820 2622 979 2678 Ecclesiam
999 2639 1065 2693 per·
1121 2623 1335 2692 currentiam
1359 2624 1516 2679 inmerentis
1545 2624 1592 2677 Dei
1614 2623 1704 2692 (Eone.
1737 2640 1778 2691 rx,
1798 2621 1842 2692 16)
1863 2622 1930 2676 essct

242 2720 335 2775 tinere
359 2716 439 2773 inea
467 2713 647 2785 expositione
662 2730 751 2785 quam
767 2713 802 2768 de
818 2710 979 2767 moralibus
995 2711 1065 2766 scri·
1121 2713 1286 2785 gratia3ne
1315 2717 1343 2768 te
1375 2711 1473 2785 ipsum
1488 2710 1679 2782 justificares,
1697 2711 1750 2767 sed
1774 2708 1869 2766 omnin
1885 2706 1930 2761 tri·

247 2807 383 2879 palmus,
413 2802 581 2878 apostolicis
609 2800 764 2856 docuimus
800 2798 941 2871 exemplis
967 2798 1031 2867 (lib.
1057 2816 1067 2853 1
1121 2800 1403 2872 bueresDeoquite
1432 2800 1554 2856 vocavit.
1583 2800 1675 2855 Nemo
1707 2816 1777 2873 ergo
1802 2798 1933 2871 pigrescat

242 2894 477 2952 reluctationes.
508 2892 545 2962 l).
566 2887 694 2945 Ecclesia
717 2889 795 2944 enim
826 2886 935 2943 sterilis
951 2886 1067 2951 videtur
1120 2888 1557 2959 etenensationempraetendat
1575 2876 1696 2943 desidua
1721 2905 1793 2954 euae,
1814 2902 1873 2957 quo
1894 2900 1932 2939 se-

244 2986 270 3038 in
289 2978 561 3051 bocsaecu10,quia
584 2994 641 3032 non
669 2974 819 3031 secularia
847 2975 983 3047 parturit,
1013 2992 1066 3030 neo
1121 2979 1183 3035 rius
1211 2976 1319 3043 credat,
1349 2978 1418 3049 quia
1452 2976 1597 3049 scriptum
1630 2982 1675 3032 est
1713 2992 1773 3031 non
1810 2972 1932 3039 volentis,

242 3069 470 3144 prasentiased
499 3066 678 3132 loturahoc
705 3068 758 3129 ost,
786 3082 844 3120 non
874 3082 908 3120 ea
935 3080 998 3136 quae
1024 3064 1064 3120 vi·
1121 3084 1215 3140 neque
1231 3066 1374 3122 currentis
1397 3082 1472 3121 esse.
1498 3065 1666 3121 consideret
1693 3066 1775 3121 enim
1800 3064 1869 3137 quid
1890 3061 1932 3115 ed·

243 3162 359 3217 flentur.
383 3158 476 3229 Hujus
506 3154 671 3212 anirillaesl
700 3154 862 3226 synagoga,
889 3152 932 3207 vel
962 3134 1101 3209 omnesfl
1121 3156 1215 3213 ditum
1230 3156 1278 3220 sit,
1294 3154 1346 3211 Sed
1368 3154 1536 3223 reicerentis,
1563 3154 1670 3225 inquit,
1703 3156 1767 3210 Dei.
1797 3152 1934 3208 Talemte

244 3251 377 3315 lircrcscs,
394 3265 457 3321 quoe
473 3261 581 3313 servos,
608 3260 666 3298 nun
688 3242 795 3298 liberos
819 3248 906 3297 creat.
939 3242 1064 3313 Ideoque
1119 3261 1187 3318 ergo
1203 3244 1297 3317 praebe
1310 3242 1394 3299 bonis
1407 3242 1514 3299 studiis
1529 3248 1557 3298 et
1573 3248 1715 3314 prompta
1727 3244 1798 3310 lida,
1813 3246 1843 3297 ut
1868 3239 1936 3294 Deus

244 3338 443 3411 agardioitur
470 3334 613 3390 habitatio.
644 3330 756 3387 Etenim
786 3331 956 3402 temporalis
981 3347 1065 3403 spem
1118 3334 1161 3389 tui
1176 3333 1358 3396 miserentur,
1374 3336 1404 3387 et
1419 3331 1633 3388 vocettesicut
1650 3330 1814 3387 Ecclesiam
1830 3327 1936 3384 vocabit

244 3430 403 3494 lm=et,non
425 3426 571 3497 perpetuae
596 3420 792 3494 possessionis
820 3420 945 3491 gratiam
974 3423 1063 3474 tenet.
1118 3420 1859 3492 dicens:Polumsoctnrenrnnooquaerentibucme
1878 3416 1937 3488 (48),

246 3519 344 3588 ltaque
361 3518 462 3569 utnon
478 3510 608 3567 insolens
622 3514 707 3582 partu
723 3525 861 3580 corporeo
885 3508 934 3563 fiat
958 3506 1066 3563 ancilla
1118 3512 1235 3583 opposui
1250 3512 1286 3565 iie
1302 3509 1392 3581 quide
1406 3526 1448 3564 me
1462 3525 1517 3565 reon
1531 3510 1890 3580 interroyubenttlcomxv,
1906 3506 1936 3575 1).

244 3608 318 3674 ejus,
336 3604 425 3674 etjus
450 3600 582 3656 Ecclesiae
612 3599 668 3654 sibi
698 3597 834 3666 vindicet,
865 3596 972 3652 dieitur
1000 3596 1062 3651 ibi:
1153 3600 1237 3655 :out
1249 3603 1325 3653 recte
1340 3598 1492 3671 praemissa
1506 3602 1576 3654 sunt
1590 3598 1747 3670 inferiora,
1773 3603 1805 3654 ut
1827 3595 1939 3653 meliora

243 3695 314 3763 ltjiee
329 3690 464 3748 ancillam
477 3688 611 3761 etlilium
624 3688 705 3759 ojus:
725 3703 779 3743 non
803 3688 877 3741 enirn
900 3685 989 3742 litores
1011 3688 1065 3741 erit
1118 3692 1316 3761 sequerentur.
1334 3686 1448 3758 Peperit
1458 3684 1564 3743 ancilla
1579 3702 1691 3754 servos,
1705 3690 1738 3742 ut
1752 3703 1803 3742 eos
1819 3682 1940 3740 Ecclesia

243 3783 318 3853 sitires
337 3780 449 3837 ancillae
464 3794 526 3834 oum
541 3777 599 3849 filio
613 3791 672 3831 meo
689 3777 763 3831 locon
778 3773 853 3845 (Gen.
870 3790 927 3841 xxi,
946 3774 999 3842 10).
1117 3776 1225 3833 liberos
1240 3772 1356 3842 iaceret,
1373 3780 1402 3831 et
1415 3775 1451 3831 de
1466 3775 1603 3831 servitute
1616 3776 1746 3849 populos
1770 3776 1808 3831 ad
1830 3773 1940 3830 liberta·

248 3864 252 3869 ’
275 3874 318 3925 73.
337 3870 392 3926 Sed
408 3868 496 3924 etiam
514 3867 542 3921 in
559 3864 684 3937 singulis
699 3864 878 3929 Sa1·aest,et
894 3861 921 3915 in
939 3860 1065 3935 singulis
1119 3870 1177 3922 tem
1188 3871 1312 3932 vocaret,
1329 3863 1365 3919 de
1377 3863 1464 3935 culpa
1478 3864 1515 3919 ad
1536 3863 1752 3932 innocentiam,
1777 3864 1813 3920 de
1838 3862 1942 3918 offensa

241 3964 326 4033 ,lgna
344 3960 416 4015 Sara
431 3956 524 4012 rirtus
539 3971 607 4010 vera
625 3956 680 4021 cst,
709 3969 775 4007 vora
803 3950 963 4022 sapientia:
988 3952 1066 4023 Agar
1119 3956 1154 4012 n'd
1171 3952 1512 4027 gratiam..Singulorum
1528 3968 1647 4025 quoque
1662 3952 1859 4010 bominumsi
1880 3966 1942 4023 spe·

242 4055 338 4105 cirtem
355 4050 399 4103 est
427 4043 565 4109 versutia,
586 4048 726 4114 tanquam
752 4038 858 4095 ancilla
884 4038 1065 4111 perfectioris
1118 4048 1179 4099 cles
1195 4042 1338 4111 ordinem,
1355 4059 1413 4098 non
1429 4058 1531 4099 omncs
1545 4059 1562 4097 a
1576 4042 1716 4113 perlectis
1728 4042 1942 4108 inchoaverunt,

242 4135 368 4193 rirtutis.
380 4134 444 4191 Alia
456 4133 535 4190 enim
551 4130 695 4204 sapientia
710 4127 861 4202 spiritalis,
878 4128 936 4184 alia
951 4127 1065 4201 saplen-
1119 4149 1172 4189 nec
1196 4132 1273 4204 apud
1290 4148 1392 4188 omncs
1407 4137 1538 4204 tempore
1560 4130 1657 4203 prima
1682 4136 1742 4189 est.
1769 4132 1821 4189 sed
1847 4128 1944 4187 merito

142 4224 144 4235 ¹
242 4226 387 4296 ttnhujus
412 4222 525 4279 mundi.
557 4219 726 4276 ldeoetlam
756 4218 886 4290 AEgyptin
914 4217 1063 4286 scribitur,
1120 4220 1267 4293 antiquior
1281 4220 1409 4291 perlecta
1421 4220 1526 4276 virtus.
1540 4219 1699 4277 Prudentis
1729 4221 1823 4294 igitur
1846 4217 1946 4274 mentis

243 4314 309 4386 qnia
331 4309 531 4385 philosophica
554 4308 678 4365 eruditio
703 4306 860 4362 abundavit
878 4306 908 4361 in
931 4307 1063 4379 AEgypto.
1119 4315 1164 4367 est
1183 4309 1380 4377 considerare,
1405 4308 1537 4380 qnandiu
1561 4307 1592 4363 in
1619 4311 1755 4381 perlecta
1779 4314 1826 4365 est
1844 4308 1945 4369 anime,

244 4402 371 4473 lienique
384 4404 412 4457 et
425 4400 539 4473 Moyses
554 4396 687 4453 eruditus
701 4400 763 4451 orat
777 4393 806 4449 in
822 4393 902 4449 omni
920 4394 1065 4467 snpientia
1119 4414 1183 4471 qua
1200 4400 1271 4452 eunt
1286 4411 1386 4452 secum
1407 4393 1556 4465 deliberet,
1574 4399 1606 4451 ut
1621 4396 1664 4451 rol
1682 4397 1715 4452 in
1741 4394 1948 4470 posterioribus

245 4488 521 4562 ,ligryptiorumsed
544 4486 650 4557 abjecit
675 4499 740 4540 eam
765 4482 920 4557 preferens
949 4482 1064 4556 Egypti
1079 4503 1150 4568 Deo
1164 4487 1296 4541 exerceat
1318 4484 1461 4540 virtutum
1486 4483 1665 4558 disciplinis,
1697 4486 1796 4543 donee
1825 4480 1947 4543 exercitii

244 4576 391 4635 tliesauris
410 4575 598 4649 opprobrium
626 4590 677 4646 pro
702 4573 780 4627 840
804 4571 911 4628 Christi
937 4572 1065 4629 nomine.
1122 4593 1178 4632 usu
1194 4573 1336 4641 valescat;
1353 4573 1423 4629 dum
1440 4589 1505 4630 vero
1521 4590 1553 4630 se
1567 4575 1676 4630 erroris
1693 4575 1860 4632 involucris
1874 4587 1951 4631 exue·

243 4669 315 4724 Nom
332 4664 356 4723 si
383 4662 465 4721 illam
489 4662 653 4735 judicasset
682 4660 809 4732 alicujus
837 4660 979 4716 momenti
1003 4676 1067 4716 esse
1122 4664 1170 4732 rit,
1187 4663 1266 4720 etnb
1281 4660 1362 4717 omni
1377 4661 1545 4717 enodaverit
1563 4662 1741 4731 offensione,
1767 4676 1948 4720 consumma·

244 4754 430 4831 alpientium,
447 4742 621 4824 nouuthue
650 4748 788 4806 dixisset:
815 4752 914 4805 Precor
940 4750 1066 4819 Domine,
1121 4756 1183 4808 tam
1198 4752 1243 4807 sui
1256 4748 1462 4824 purgationem
1485 4749 1637 4819 exhibens,
1665 4755 1743 4807 tunc
1771 4769 1827 4810 suo
1847 4751 1952 4807 nitatur

243 4864 298 4901 trito
312 4862 373 4901 rum
392 4842 491 4913 iipnue
506 4848 571 4896 onte
585 4838 738 4895 hesternam
762 4842 787 4894 el
815 4838 1067 4895 rrnrtiuotertinuom
1122 4839 1223 4897 ordine
1239 4855 1361 4912 magnus
1378 4844 1478 4911 partus
1494 4838 1588 4895 edere.

243 4938 324 5001 rtirm,
341 4948 428 5006 ireque
442 4948 476 4988 ee
490 4930 660 5003 <precepisti
673 4929 749 4997 loqui
771 4944 848 4983 seruo
873 4931 939 4989 tuo,·
968 4930 1069 4999 procidi
1156 4929 1201 4983 76.
1218 4927 1360 4983 Praeterea
1382 4926 1491 4982 dicitnr
1515 4927 1658 4983 Abnoba:
1691 4930 1761 4986 Esto
1785 4931 1847 4987 eine
1870 4940 1954 4999 repre·

244 5016 789 5088 eiitmrotto'cntr'oneeturdtoretiopua
812 5032 859 5087 opo
882 5015 1066 5087 semidocti.
1123 5018 1256 5074 mertone
1272 5015 1338 5088 (Gon
1364 5032 1433 5083 xvu,
1451 5016 1496 5088 ll:
1528 5016 1575 5072 cul
1600 5016 1733 5075 debatur
1757 5018 1884 5092 spiritus
1910 5030 1952 5070 sa·

281 5235 411 5305 illitvm.
428 5236 509 5302 edit,
525 5232 680 5289 credituros
703 5230 820 5303 popolus
848 5232 1002 5310 not-ionum.
1035 5230 1070 5285 Et
1123 5230 1208 5298 Man,
1224 5234 1385 5302 seductum
1398 5231 1665 5301 onerosissimum
1684 5231 1880 5298 recentiores,
1893 5230 1954 5357 tstre·

248 5308 349 5375 patrois
373 5306 506 5361 versibus
530 5302 690 5372 interjectis
717 5302 824 5357 endem
855 5300 936 5366 edit,
966 5301 1069 5356 sterilis
1124 5303 1534 5373 toreumcnonqcaerentitns
1548 5302 1891 5376 me;utroequecumiis
1911 5313 1954 5355 em

245 5380 345 5445 ferror,
379 5376 569 5443 bodndllce„
594 5381 647 5430 eto.
681 5373 841 5445 Utrumque
867 5372 964 5427 locum
994 5388 1066 5429 mss.
1123 5375 1432 5446 mss,...quimenon.
1455 5372 1559 5428 ldeliue
1588 5376 1641 5430 cod
1671 5373 1766 5431 Corb.
1797 5381 1827 5433 et
1855 5374 1915 5430 Lon
1936 5412 1954 5437 .,

245 5446 341 5531 Corb„
360 5392 460 5519 gony,
477 5446 556 5502 Goth.
573 5450 602 5502 et
617 5446 688 5501 Maz.
705 5444 792 5502 nobis
809 5445 1013 5500 restituerunt.
1122 5447 1211 5518 foetes
1225 5460 1287 5501 scm
1299 5445 1552 5517 conquaerentibus
1565 5461 1624 5515 me;
1650 5444 1770 5519 qulbus
1795 5460 1863 5525 cum
1879 5387 1954 5502 eol).

245 5540 251 5551 s
281 5518 337 5589 (47)
355 5516 437 5573 Rom.
455 5518 518 5575 cod.
535 5516 618 5583 Man,
632 5518 752 5591 perfeeto
768 5523 864 5572 essent.
1124 5523 1153 5577 et
1165 5518 1248 5587 Man,
1266 5516 1361 5593 quide
1373 5533 1418 5574 me
1430 5532 1496 5587 non,
1516 5522 1570 5575 ete.
1586 5540 1590 5544 >

283 5588 338 5669 (ta)
352 5587 416 5647 Vet.
428 5588 496 5647 edit.
514 5604 581 5647 eum
596 5603 668 5648 mse.
692 5587 785 5658 coto„
801 5586 900 5659 Turn,
932 5584 1010 5646 Vale.
1040 5591 1069 5647 et
1549 5596 1563 5612 ·
