4159 6184
171 344 228 409 517
818 343 868 408 ΒΕ
890 342 1084 407 audaeani
1107 343 1179 406 ΗΒ.
1204 344 1241 405 ll.
1811 351 1869 413 5l8

173 476 261 549 pienti
276 480 407 546 sanctus,
424 478 546 552 integer,
562 478 635 535 bene
661 477 790 546 mobilis,
818 475 990 533 immaculn-
1005 475 1034 542 A
1050 473 1246 533 Circunuiditc
1263 476 1398 535 duritiam
1421 480 1510 537 cordio
1537 482 1621 537 uestri
1648 481 1736 552 (near.
1760 499 1789 548 a,
1813 481 1868 554 16).

174 570 228 621 111.
244 564 365 639 Oportet
377 567 466 639 igilur
478 568 531 624 viri
544 568 686 641 sapientis
709 567 838 623 animem
867 564 914 622 die
940 581 990 621 no·
1046 563 1081 618 ut
1096 563 1143 620 bic
1158 565 1343 638 pleriqueita
1356 568 1514 641 accipiunt,
1531 576 1563 625 ut
1577 570 1616 625 sit
1632 586 1639 624 :
1662 570 1871 627 Cirncmcriiutie

173 658 276 725 rtuque
292 654 321 709 in
336 654 471 712 exercitio
481 656 548 729 jugi
563 656 682 730 specula
695 655 885 729 pretendere,
914 671 993 711 nun·
1047 667 1130 707 omne
1142 655 1328 711 cusentinum
1351 665 1480 724 cetrum,
1507 659 1562 715 boe
1589 664 1644 725 cst,
1669 664 1799 715 mentem
1823 675 1871 715 ve·

60 739 61 744 ’
173 759 258 808 ouem
283 760 388 800 somno
403 747 476 802 m
494 745 705 821 indulgentem,
722 743 870 818 perpetuis
884 740 993 815 vigiliis
1048 743 1256 808 stram;nibil
1271 751 1316 799 est
1329 745 1407 801 enim
1421 750 1518 801 mente
1533 746 1666 802 validius.
1684 746 1792 804 Deinde
1803 747 1873 819 quin

172 832 314 888 intentam
329 838 386 888 Deo
401 834 437 889 ad
449 834 741 907 comprehensionem
764 848 863 889 rerum
891 847 992 888 earum
1048 830 1246 886 masculinum
1261 832 1350 889 etiarn
1366 840 1500 889 sanctuni
1512 835 1620 889 dicitur
1635 851 1642 891 ε
1659 836 1756 891 diurnis
1769 852 1871 891 muscu-

174 938 233 992 que
250 928 330 987 sunt,
347 928 375 977 et
393 922 577 995 singularum
601 937 759 979 causarum
785 921 992 995 cognitionem.
1048 918 1091 973 tus
1118 918 1282 992 adoperiens
1308 920 1418 976 vataam
1446 932 1555 978 sonetur
1590 924 1703 978 Domino
1730 926 1874 980 1111111111

173 1010 224 1066 Sed
241 1010 331 1066 etiam
350 1012 515 1067 futurorum
540 1010 685 1083 interpres
709 1010 922 1082 sapientiaeat,
940 1008 995 1065 scit
1049 1006 1145 1077 (111111.
1160 1024 1217 1064 111.
1228 1008 1268 1080 2).
1293 1010 1366 1074 Quid
1391 1015 1489 1065 autom
1515 1016 1611 1067 niente
1638 1012 1779 1081 sanctius,
1808 1030 1872 1085 qua

174 1098 327 1172 preterita,
342 1103 370 1155 et
385 1100 420 1156 de
434 1099 541 1156 tuturis
555 1101 690 1156 estimet.
705 1098 766 1156 Scit
779 1099 923 1156 versutias
933 1114 993 1154 ser·
1049 1095 1100 1151 det
1115 1096 1256 1153 bonerum
1271 1098 1385 1155 semina
1401 1098 1621 1168 cogitationum,
1638 1099 1746 1170 quibus
1774 1101 1873 1172 aperit

174 1204 303 1255 monum,
329 1191 358 1243 et
380 1189 542 1245 solutiones
573 1192 826 1263 argumentorum.
853 1188 944 1261 Signa
965 1192 994 1243 et
1048 1184 1165 1240 vulvam
1180 1186 1287 1241 animae
1313 1185 1482 1241 conclusam
1501 1189 1631 1257 pariendi
1660 1188 1823 1256 sterilitate,
1839 1195 1874 1245 ot

176 1281 304 1332 monstra
317 1278 372 1332 seit
387 1280 544 1350 antequam
559 1277 640 1344 fiant,
657 1281 685 1334 et
694 1279 815 1334 eventus
828 1272 995 1347 temporum
1050 1273 1144 1345 possit
1157 1272 1228 1330 illas
1254 1273 1416 1331 invisibiles
1445 1276 1522 1331 848
1548 1276 1750 1348 generationes
1777 1278 1872 1347 edere,

175 1364 400 1422 etsseeulornm.
416 1364 911 1437 Nonpotestigiturbonusatque
927 1378 994 1435 per·
1049 1361 1498 1435 uteroillovidelicetspiritati,
1516 1364 1552 1420 de
1582 1382 1640 1437 quo
1654 1365 1726 1422 dicit
1756 1367 1871 1423 lanias:

177 1453 265 1509 lectus
280 1470 339 1510 non
354 1469 418 1510 esee
433 1453 482 1527 qui
498 1454 574 1511 banc
588 1453 768 1526 acquisierit,
792 1452 862 1525 quin
875 1455 905 1508 et
932 1468 994 1508 om·
1051 1451 1081 1505 lu
1096 1453 1172 1507 utero
1186 1454 1338 1524 occepimus
1352 1457 1380 1507 ct
1400 1455 1603 1523 por-ruricium
1616 1455 1749 1525 spiritum
1775 1456 1873 1513 soletis

176 1559 237 1598 nem
254 1541 344 1599 habet
356 1542 505 1611 virtutem,
521 1546 550 1599 et
564 1542 661 1615 imago
680 1542 821 1599 bonitatis
843 1544 897 1597 est.
914 1540 995 1597 Unde
1050 1538 1105 1609 (lau
1120 1556 1199 1609 xxvi,
1229 1542 1273 1612 18)
1289 1540 1303 1594 ‘i
1324 1541 1514 1596 circumcisio
1529 1558 1597 1612 crgo
1612 1542 1708 1598 cordis
1733 1542 1874 1617 iutelligi-

176 1630 315 1687 etsaeculi
338 1630 427 1687 istius
452 1631 590 1704 sophistae
615 1634 765 1687 traxerunt
793 1630 995 1687 definitionem
1050 1627 1128 1692 bilis,
1151 1627 1335 1685 circumcisio
1356 1630 1443 1685 etiam
1468 1630 1564 1685 carnis
1580 1631 1873 1690 urendatursensibi·

176 1720 353 1790 hujusmodi,
370 1720 448 1792 qnod
464 1720 582 1792 sepiens
598 1720 749 1776 virbonus
770 1719 886 1775 dicendi
919 1719 995 1791 peri·
1050 1714 1106 1772 lis:
1137 1713 1189 1773 ille
1215 1718 1246 1772 in
1270 1718 1401 1781 venitote,
1426 1718 1454 1772 in
1480 1719 1642 1790 signaculo.
1666 1720 1790 1778 Gemino
1819 1722 1873 1780 itu·

175 1808 283 1865 tussit.
1010 1820 1107 1902 Bque
1143 1804 1337 1873 circumcisio,
1380 1808 1450 1878 quin
1489 1816 1519 1862 et
1557 1808 1650 1864 enimi
1688 1816 1718 1865 et
1745 1811 1875 1883 corporis

205 1900 251 1954 77.
269 1897 522 1953 Redeamusnune
536 1898 573 1953 ed
586 1898 697 1953 donum
712 1896 762 1953 Dei
779 1912 837 1968 quo
852 1895 926 1952 nihil
937 1896 995 1969 ple·
1049 1893 1191 1966 queritur
1205 1893 1395 1950 abstinentia.
1412 1895 1542 1967 Denique
1555 1897 1680 1968 riigyptii
1690 1899 1874 1968 quartodeci-

174 1987 250 2043 nius.
267 1985 342 2051 Quid
357 1986 436 2041 enim
451 1984 557 2043 melius
568 1984 831 2057 sapientiaiQuid
847 1986 931 2057 pejus
946 2002 995 2041 va·
1051 1998 1190 2038 moenno
1215 1982 1431 2039 circumcidunt
1458 1999 1566 2050 roaros,
1596 1990 1626 2042 et
1655 1985 1771 2042 lemine
1797 1988 1874 2059 apud

173 2074 263 2131 nitate
277 2074 291 2129 i
306 2074 380 2141 Quid
395 2074 523 2131 deterius
538 2073 773 2146 superstitione?
789 2072 914 2146 ideoque
928 2079 995 2131 ten·
1050 2087 1100 2126 eos
1112 2071 1213 2128 eodem
1230 2089 1306 2128 anno
1322 2072 1491 2129 circumcidi
1518 2075 1662 2142 t'cruntur,
1678 2076 1756 2147 quod
1781 2077 1817 2133 ab
1842 2094 1875 2135 eo

173 2180 262 2235 quam
277 2162 303 2218 ei
318 2163 364 2218 cui
380 2164 555 2235 promiserat
568 2160 781 2234 plenitudinem
797 2162 994 2234 perfectionis,
1050 2160 1179 2216 vidilicet
1193 2177 1269 2217 enno
1292 2162 1414 2234 incipiat
1442 2164 1566 2235 tlugrurc
1588 2163 1686 2235 passio
1715 2164 1821 2233 virilis,
1847 2171 1875 2222 et

173 2252 213 2308 ait
229 2268 237 2307 :
254 2251 360 2322 Aupcbo
376 2259 402 2307 te
415 2250 503 2316 uelde,
518 2258 655 2323 erponem
671 2258 695 2307 te
707 2251 736 2306 in
751 2255 852 2321 penne,
867 2259 895 2307 et
922 2266 996 2323 repes
1051 2248 1226 2305 laminarum
1246 2254 1398 2306 menstrua
1422 2258 1543 2307 sumunt
1556 2252 1675 2309 exordia
1689 2253 1758 2325 (51.)
1786 2254 1873 2327 Legis

173 2340 337 2397 nunant
350 2341 429 2413 (Ger.
446 2354 515 2408 xvu,
528 2340 663 2411 6):quia
676 2340 741 2411 ejus
761 2338 812 2412 qui
828 2339 924 2396 fidelis
952 2346 998 2397 est
1051 2340 1149 2393 autem
1186 2338 1261 2394 lator
1284 2343 1398 2395 aterne
1429 2339 1615 2412 signaculum
1644 2341 1876 2399 circumcisionis

60 2462 61 2465 =
174 2430 241 2501 (te),
257 2433 337 2485 totus
354 2428 996 2502 mundusdivitiarunrsst,eteugetur,non
1052 2424 1178 2481 carnalis
1191 2426 1222 2480 in
1242 2425 1313 2482 selis
1328 2426 1461 2483 maribus
1479 2428 1578 2501 exigit,
1599 2446 1633 2485 eo
1648 2430 1726 2501 quod
1755 2430 1791 2487 od
1806 2430 1876 2487 mis·

175 2519 319 2575 minuitur
332 2522 365 2574 ut
378 2516 496 2573 stultus.
514 2517 635 2573 Ponitur
650 2516 679 2571 in
701 2520 804 2589 gentes
828 2518 993 2587 Abrabam,
1052 2514 1142 2567 tionis
1158 2529 1246 2568 usum
1264 2515 1309 2568 vir
1323 2513 1446 2571 muliere
1460 2515 1659 2571 vehementior
1682 2518 1739 2573 sit:
1768 2523 1797 2575 et
1812 2518 1875 2576 ideo

176 2608 292 2673 honest,
311 2606 463 2676 fidesejus
483 2606 636 2677 adgentes
661 2606 847 2675 transfertur,
863 2612 893 2663 et
914 2622 997 2679 reges
1052 2601 1147 2673 ipsius
1163 2601 1305 2673 impetum
1334 2601 1492 2675 intringere
1523 2603 1613 2659 voluit
1640 2605 1875 2664 circumcisionis

177 2695 271 2751 seculi
287 2694 339 2767 qui
368 2694 565 2761 crediderunt,
589 2697 619 2749 et
633 2710 663 2749 se
695 2693 997 2765 subjiciuntDornino
1052 2689 1215 2763 signaculo.
1230 2690 1281 2745 Vel
1297 2691 1368 2763 quia
1379 2691 1435 2749 uiri
1461 2691 1540 2748 licito
1556 2708 1587 2748 se
1611 2710 1708 2749 errare
1735 2696 1871 2764 credunt,
1951 2690 1954 2701 '

66 2819 67 2823 ,
177 2782 301 2841 lesucui
315 2782 422 2839 dicitur
438 2800 444 2838 ι
463 2782 521 2838 Tibi
541 2782 654 2853 offerent
677 2798 753 2852 repes
767 2798 884 2839 muniere
911 2784 997 2855 (Psoi.
1052 2780 1078 2833 si
1097 2777 1159 2834 solo
1174 2780 1387 2835 seebstineant
1404 2780 1557 2849 adulterio,
1575 2782 1755 2839 meretricios
1771 2788 1874 2839 autem

180 2871 330 2943 mvndo).
355 2869 501 2927 Necillud
530 2870 703 2938 absurdum,
734 2870 805 2941 quia
831 2886 865 2927 ex
893 2888 998 2944 genere
1053 2884 1126 2923 usus
1138 2872 1280 2940 tanquam
1294 2868 1351 2940 legi
1366 2875 1478 2925 nature
1492 2875 1648 2944 suppetere
1663 2876 1779 2943 putant,
1804 2888 1872 2928 cum

179 2959 298 3017 Abrahae
327 2976 385 3016 non
412 2958 508 3015 solum
538 2974 620 3031 reges
649 2962 736 3015 erunt
769 2958 920 3031 dignitate,
949 2978 998 3017 ve·
1053 2957 1410 3029 praeterconjugiumuec
1428 2957 1598 3028 viroliceat,
1615 2976 1667 3017 nec
1683 2960 1798 3017 leminea
1819 2963 1875 3017 rni-

180 3065 243 3105 rum
257 3048 347 3104 etiarn
366 3046 410 3103 illi
439 3062 521 3119 reges
549 3047 600 3119 qni
625 3051 744 3119 peccato
773 3063 831 3103 non
861 3050 997 3117 serviant,
1054 3045 1128 3100 aceri
1143 3043 1348 3101 alterialtiore
1358 3049 1456 3102 eutem
1467 3045 1706 3119 interpretatione
1721 3048 1791 3105 illud
1804 3066 1875 3122 pan·
1943 3048 1949 3055 ⁴

181 3154 229 3193 nee
242 3135 541 3203 vincnteosmelitia,
558 3151 736 3208 supraquos
764 3150 887 3209 ragnum
918 3154 998 3195 mors
1053 3132 1143 3201 ditur,
1159 3135 1236 3206 quod
1257 3133 1281 3188 si
1297 3136 1812 3208 menapurgatuetcireuinoieesit,
1828 3155 1876 3194 ex-

179 3243 234 3282 non
262 3225 378 3281 babeat.
409 3224 515 3280 Mentis
544 3238 662 3295 quoque
698 3224 780 3281 bona
809 3202 1105 3298 cognovimnCute
1119 3222 1278 3294 superfluis
1293 3223 1492 3296 voluptatibus
1508 3232 1536 3281 et
1560 3226 1799 3299 cogitationibus,
1829 3246 1875 3284 ro·

180 3332 258 3389 reges
283 3330 348 3371 ease
376 3318 405 3369 et
433 3311 579 3384 principes
607 3312 799 3381 inventiones,
829 3330 893 3385 que
923 3315 999 3372 sicut
1054 3310 1174 3385 stringit
1189 3312 1318 3368 animam
1331 3314 1423 3369 adsui
1439 3314 1876 3389 castimoniaru,purisqueseu·

180 3402 324 3459 Abrabam
339 3400 496 3457 mediocris
515 3399 634 3472 quidem
660 3401 858 3473 generationis
881 3420 999 3476 proven·
1053 3399 1874 3477 sibusinlesambonorumiacitpartunmgeneratricem.

180 3498 235 3562 tus,
251 3508 310 3548 non
326 3490 426 3558 habet,
440 3491 491 3545 sed
507 3488 639 3545 abundet
660 3488 820 3561 regalibus.
850 3490 902 3546 Cui
930 3493 1000 3550 date
1089 3490 1135 3544 79.
1152 3487 1257 3545 Octavo
1273 3497 1370 3545 anum
1386 3491 1433 3545 die
1447 3491 1616 3549 circumcidi
1634 3508 1756 3566 puerum
1772 3494 1819 3551 lex
1830 3496 1877 3565 jn-

179 3587 220 3636 111
237 3587 315 3636 terra
330 3579 360 3633 in
375 3578 602 3651 possessionem,
621 3581 653 3632 ut
675 3577 845 3634 dominetur
872 3581 997 3653 corpori,
1053 3576 1111 3643 bet,
1124 3576 1247 3649 uryatieo
1263 3576 1365 3649 utique
1379 3584 1534 3650 precepto,
1553 3582 1623 3654 quia
1637 3581 1701 3654 ipse
1719 3586 1765 3638 est
1778 3600 1876 3639 resur·

181 3668 281 3725 eecsit
296 3664 586 3741 captivacarnelium
616 3663 812 3737 voluptatum,
842 3668 893 3723 sed
914 3670 998 3742 quasi
1053 3663 1191 3719 rectionis
1206 3664 1268 3719 dies
1283 3664 1435 3721 Dominica
1449 3667 1528 3721 enim
1548 3669 1596 3724 dio
1611 3670 1769 3727 resurrexit
1781 3670 1878 3727 Domi·

181 3757 319 3813 famulatu
346 3754 781 3811 debitocbnoriecaromenti
811 3759 999 3815 111111181-
1053 3752 1216 3809 uusJesus.
1230 3753 1305 3824 lingo
1319 3753 1345 3809 si
1363 3753 1426 3810 dies
1446 3757 1668 3814 resurrectionis
1686 3760 1875 3816 circumcisos
1964 3772 1970 3775 ·

180 3845 303 3901 cundum
320 3859 477 3916 personam
493 3846 591 3898 autern
611 3841 735 3899 ababa
762 3842 881 3899 evidens
909 3850 998 3917 myte-
1053 3858 1107 3897 nos
1127 3846 1156 3896 et
1185 3846 1287 3897 exutos
1314 3841 1443 3897 inveniat
1467 3842 1638 3900 delictorum
1668 3846 1814 3918 superius,
1838 3848 1874 3902 ab

181 3935 252 3989 rium
266 3931 411 4001 Ecclesiae,
429 3947 493 4003 que
507 3935 603 3987 totum
618 3931 718 3988 orbem
734 3931 802 3989 lidei
829 3931 999 3993 hereditate
1053 3930 1133 3988 omni
1148 3928 1264 3986 ablutos
1280 3930 1374 3998 sorde,
1392 3930 1517 3986 mundos
1533 3932 1642 3989 avitiis
1658 3934 1870 4006 corporalibus,

181 4022 316 4093 possedit,
332 4022 406 4077 bene
421 4024 503 4091 pater
517 4018 666 4075 electionis
680 4019 797 4091 dieitur,
811 4024 892 4094 peter
919 4022 997 4094 fidei,
1052 4019 1077 4076 si
1088 4019 1157 4075 binc
1167 4017 1551 4086 mundusexieris,mundus
1561 4022 1872 4092 resurgeatlircnmci·

180 4116 254 4183 peter
264 4110 318 4184 pie
334 4108 538 4166 confessionis.
1052 4109 1088 4164 de
1099 4108 1188 4181 igitur
1197 4114 1225 4164 te
1236 4124 1294 4163 uon
1307 4122 1404 4173 earne,
1415 4108 1466 4163 sed
1481 4108 1551 4164 vitio
1565 4109 1684 4165 carneli.
1697 4110 1731 4166 ut
1745 4113 1872 4168 circum-

489 4196 606 4252 GAPUT
626 4196 673 4253 Xl.
1051 4197 1115 4253 cide
1130 4202 1215 4253 tuum
1231 4214 1288 4253 non
1308 4195 1404 4253 solum
1419 4197 1618 4268 vernaculum,
1635 4198 1686 4255 sed
1705 4198 1793 4255 etiam
1809 4217 1872 4274 pre-

180 4288 337 4361 Praccplum
352 4286 569 4342 circumcisionis
583 4284 700 4341 Abnoba
713 4285 807 4343 ectum
821 4288 887 4359 quid
910 4290 997 4361 aipei-
1051 4285 1091 4341 tio
1106 4290 1249 4358 emptum.
1270 4284 1301 4340 Si
1317 4286 1354 4341 ad
1365 4285 1483 4358 singula
1497 4288 1617 4355 reseras,
1634 4286 1780 4344 vernaculi
1802 4294 1873 4345 sunt

210 4360 279 4431 1111,
293 4358 394 4443 quidue
408 4360 492 4413 611111
507 4356 660 4441 insimili&
681 4356 832 4414 0111101118
857 4362 995 4443 ’1071117-
1051 4380 1149 4431 motus
1168 4372 1327 4442 naturales,
1339 4375 1432 4446 pretio
1449 4375 1551 4447 empti,
1563 4376 1674 4432 ratione
1689 4383 1718 4433 et
1741 4378 1874 4435 doctrina

210 4446 337 4487 commus
348 4432 514 4485 seminium
527 4431 564 4483 nr
577 4432 695 4484 esitium
707 4427 804 4485 ‚⁹Surse
818 4446 926 4486 nomem
940 4449 996 4487 unc

211 4502 300 4559 littero
315 4500 435 4558 additio.
452 4499 589 4556 ibreium
604 4500 635 4555 io
648 4502 749 4572 {ouem
772 4500 886 4557 caditat
913 4504 993 4559 ridet.
1051 4462 1197 4536 ⁸⁰q⁰i⁸iti'
1214 4462 1306 4561 Egint
1325 4467 1423 4563 autem
1440 4468 1472 4562 ,91
1486 4461 1528 4518 issi
1544 4466 1573 4520 et
1586 4464 1628 4533 Μ’
1645 4469 1785 4538 tanquam
1814 4468 1873 4523 ψ’

210 4573 279 4658 gum
294 4573 369 4629 ,gem
382 4572 548 4653 gupiwverp
560 4574 573 4623 p
586 4570 642 4641 [μή
650 4586 704 4698 gro
714 4572 826 4654 mmet,
840 4575 934 4655 oram,-
947 4590 996 4631 an,
1009 4558 1033 4624 Ι)
1048 4552 1141 4625 gutta,
1158 4557 1332 4651 purgatione
1346 4555 1375 4606 ct
1388 4568 1532 4609 incisione
1547 4552 1680 4626 luxuriis,
1700 4571 1872 4657 11111311-

210 4650 269 4701 nuit
284 4650 431 4710 Dominus,
446 4659 478 4698 nc
492 4642 631 4712 11111111·
669 4648 880 4715 orcvpromcttrt.
1047 4644 1144 4698 turut
1172 4640 1283 4697 sterilia
1310 4645 1469 4708 sarmenta,
1479 4646 1508 4698 et
1536 4642 1718 4700 obumbrent
1757 4645 1873 4701 inutilia

210 4732 251 4788 78.
263 4734 299 4790 ut
314 4732 386 4807 quia
399 4731 560 4805 perlectum
588 4734 719 4799 vocatur,
749 4730 901 4788 oraculum
929 4750 994 4805 per·
1049 4730 1216 4785 fructuosis.
1228 4728 1459 4802 Vetutquaedam
1474 4731 1554 4787 omui
1570 4730 1639 4789 vitio
1655 4733 1784 4789 distenta
1798 4731 1871 4787 mul·

179 4819 304 4879 lectionis
318 4820 433 4893 accipit.
451 4820 669 4890 Circumcidenda,
695 4820 801 4892 inquit,
823 4834 902 4878 omne
920 4839 994 4879 mce-
1047 4818 1086 4875 tis
1106 4818 1253 4874 incassum
1270 4817 1470 4891 laboret(5l):
1487 4819 1528 4875 ita
1542 4821 1703 4876 cavendum
1719 4836 1755 4875 ue
1782 4820 1869 4875 etiam

177 4911 295 4968 culinum
308 4918 438 4982 ventrem,
458 4918 484 4966 at
511 4909 714 4965 circumdatis
738 4926 849 4967 comm
875 4916 994 4969 rrectram
1048 4911 1149 4963 nostra
1163 4922 1247 4963 mens
1261 4905 1396 4980 pluribus
1410 4912 1560 4981 occupate,
1576 4925 1634 4964 nou
1650 4906 1745 4963 solum
1778 4907 1870 4964 bonos

64 5030 65 5049 r
178 4997 332 5071 (Geumi,
366 5000 494 5073 10,11):
526 4999 653 5073 perlecta
681 5003 779 5057 autem
808 5000 992 5059 circumcisio
1047 4997 1197 5070 ingeneret
1209 5001 1321 5069 pertus,
1351 4996 1401 5052 sed
1426 4996 1515 5054 etiam
1535 4995 1690 5052 inutilibus
1719 4994 1870 5067 plerisque

178 5086 311 5159 spiritalis
326 5090 380 5146 111.
394 5088 524 5160 Denique
537 5090 567 5143 et
579 5086 663 5145 lectio
677 5086 731 5145 hoc
741 5088 824 5146 docet
834 5105 900 5145 cum
912 5089 991 5147 dicit:
1048 5086 1203 5159 degeneret
1216 5103 1224 5153 3
1241 5084 1331 5142 simul
1358 5089 1390 5140 ut
1404 5085 1472 5141 vitis
1487 5090 1588 5156 putata
1603 5098 1661 5138 uon
1677 5082 1761 5139 iacile
1784 5083 1869 5141 silve·

208 5286 262 5357 (to)
279 5287 322 5343 lta
336 5302 408 5343 mss.
425 5285 522 5356 Corb,
539 5284 642 5360 Long,
658 5286 739 5343 Golb.
755 5292 783 5343 et
798 5285 992 5343 111111Ιί111-
1083 5284 1139 5356 (51)
1155 5283 1221 5346 011
1237 5282 1285 5339 hic
1307 5281 1431 5337 bebesa
1453 5295 1530 5345 voce,
1550 5278 1666 5347 laboret,
1693 5279 1729 5334 ad
1758 5296 1867 5349 vocem,

176 5357 240 5426 tem
256 5374 289 5414 ac
305 5362 361 5425 vet,
377 5357 446 5415 edit.
463 5359 528 5429 quic
543 5360 592 5429 qui
604 5360 663 5430 ejus
677 5362 726 5415 est.
744 5358 827 5415 Rom.
841 5359 993 5431 vero,puin
1047 5356 1184 5428 mysterii,
1202 5370 1270 5410 cum
1285 5352 1315 5407 in
1330 5351 1400 5408 edit.
1425 5350 1569 5419 deessent,
1589 5350 1675 5406 nobis
1697 5366 1870 5435 suggessere

255 5429 419 5485 usmodiest.
1048 5444 1121 5483 mss.
1137 5441 1239 5482 omues
1252 5422 1326 5480 Gall.
1342 5421 1404 5477 Non
1420 5422 1564 5477 obscurus
1583 5420 1703 5504 quidem
1720 5424 1779 5480 -hie
1806 5432 1869 5481 erat

176 5440 260 5572 qum)
276 5501 346 5557 bles.
363 5516 454 5575 suprn
466 5497 588 5567 laudati,
612 5502 812 5573 praetentetur
841 5500 941 5569 unite,
965 5510 992 5559 et
1047 5498 1158 5581 hiatus,
1173 5495 1224 5578 qni
1239 5510 1296 5577 pon
1311 5493 1388 5576 male
1403 5491 1557 5565 suppletus
1571 5494 1729 5564 rideretur,
1754 5496 1778 5552 si
1808 5514 1869 5553 ver-

174 5568 339 5638 femiuorum
352 5580 494 5633 menstrua
509 5570 619 5648 (passio
636 5569 766 5645 scillicet)
794 5581 884 5633 umet
912 5588 990 5633 ecor-
1046 5571 1093 5628 bis
1108 5566 1308 5651 supenopbus
1323 5578 1461 5651 parumn
1486 5564 1603 5637 uenae
1627 5564 1783 5633 adderetur
1802 5585 1866 5643 vex,

174 5639 217 5707 diu
230 5660 288 5709 neu
303 5642 389 5709 mule.
1046 5642 1110 5705 uitia
1124 5638 1168 5700 vsi
1182 5638 1253 5719 quid
1268 5634 1374 5705 amic.
