4159 6184
139 285 202 352 115
514 316 517 324 “
779 289 1052 358 amandanda
1073 290 1147 359 ule.
1166 292 1205 361 V.
1785 291 1846 364 116

137 430 191 499 pto
207 419 277 480 usai
292 419 458 480 reformare.
473 418 565 480 Nemo
579 420 670 497 igitur
683 422 719 481 de
740 424 837 498 inopia
861 441 964 498 quera·
980 427 1007 493 Α
1021 443 1088 484 aves
1117 428 1152 484 ad
1182 427 1343 488 cavendum
1368 427 1492 490 termido
1517 432 1663 504 exerceat3
1680 445 1717 491 ne
1732 433 1843 508 passim
1912 445 1925 460 “

136 519 200 582 tur,
216 513 297 587 quod
310 528 418 570 vacuas
432 511 561 585 pecunie
580 512 713 586 proprias
737 513 814 570 edes
837 512 965 587 relique·
1019 533 1105 574 curas
1134 509 1272 587 relaxent,
1303 521 1353 577 scd
1382 519 1512 594 pericula
1540 523 1726 597 pradonibus
1754 521 1844 580 decli-

137 604 189 660 rit.
203 602 365 676 Pauperior
379 604 425 658 cst
437 602 575 667 hirundo,
595 603 668 658 1⁰8
692 619 756 674 qua
784 619 876 658 vacue
899 605 965 660 eris
1019 607 1116 662 nanda
1131 608 1435 682 prospiciant.Deinde
1451 628 1517 667 cum
1533 613 1579 669 bis
1595 617 1700 669 natura
1715 613 1843 686 quadam

136 693 272 750 abundat
286 691 442 747 industria.
458 690 602 758 AEdificat,
627 707 680 747 nec
706 691 850 763 impendit
867 708 873 748 :
890 697 966 748 tecta
1019 697 1168 766 predandi
1181 713 1290 753 munus
1306 697 1464 767 inoleverit,
1482 702 1577 776 magis
1591 719 1608 758 a
1623 705 1722 759 tenero
1746 701 1845 775 pullos

136 780 288 847 attollit,et
313 779 386 837 nibil
410 780 504 836 aufert
518 780 664 853 proximo;
679 797 732 836 nec
754 780 917 854 indigentia
936 785 966 837 et
1019 800 1089 839 suos
1105 784 1258 842 instituere
1272 785 1409 842 videntur
1422 788 1458 843 ad
1475 791 1613 861 praedam,
1630 807 1720 862 quam
1741 794 1843 863 pastus

134 872 313 943 paupertate
341 869 377 923 ad
406 869 571 925 nocendum
600 868 666 925 aliis
695 868 965 941 compellitur;nec
1019 872 1154 929 abdicare
1170 874 1360 946 compendiis.
1377 877 1454 932 101
1484 876 1590 933 Caveat
1620 895 1655 934 ne
1684 877 1714 934 in
1743 882 1844 936 tenera

132 959 169 1014 in
187 957 265 1031 gravi
282 957 411 1012 tiliorum
435 956 634 1013 imbecillitate
646 957 789 1030 desperat·
812 958 871 1014 Nos
898 975 964 1013 vero
1018 965 1100 1016 etate
1115 962 1290 1035 pigrescant,
1308 979 1343 1018 ne
1359 964 1509 1021 solvantur
1523 965 1649 1032 deliciis;
1674 983 1711 1024 ne
1736 979 1844 1028 marc!-

133 1051 170 1104 οἱ
188 1051 342 1120 paupertas
356 1045 457 1114 allicit,
474 1049 502 1101 et
516 1045 620 1118 inopia
644 1046 803 1101 necessitas
826 1051 918 1113 vexat,
936 1051 965 1102 et
1019 1055 1102 1106 scant
1126 1052 1194 1118 otio,
1225 1069 1261 1108 ne
1289 1051 1404 1108 discant
1432 1054 1530 1110 cibum
1560 1054 1654 1128 magis
1676 1059 1843 1127 exspectare

132 1135 294 1208 plerosque
308 1134 471 1207 indigentia
485 1135 562 1207 cogit
576 1135 604 1189 in
622 1134 776 1206 flagitium,
793 1134 918 1206 impellit
934 1135 963 1190 in
1018 1155 1107 1211 quam
1124 1157 1262 1212 quarere,
1279 1158 1315 1197 ne
1331 1145 1441 1197 nature
1455 1160 1514 1198 sus
1531 1144 1679 1216 deponant
1701 1144 1843 1216 vigorem.

129 1225 260 1279 crimen.
276 1223 361 1279 Lucri
377 1238 496 1294 quoque
510 1223 608 1279 studio
623 1223 653 1278 in
670 1222 787 1279 fraudes
809 1240 963 1280 versamus
1018 1228 1220 1285 intermittunt
1235 1229 1333 1286 studia
1350 1231 1515 1299 nutriendi;
1532 1236 1564 1287 ut
1578 1233 1607 1288 in
1623 1249 1695 1288 usas
1711 1231 1844 1304 rapiendi

127 1311 303 1386 ingenium,
318 1315 455 1384 aptamus
471 1311 617 1379 allectum,
633 1315 720 1384 atque
735 1312 765 1366 in
781 1312 964 1385 gravissimis
1018 1318 1125 1373 audere
1141 1317 1326 1390 compellant.

127 1401 329 1474 passionibus
361 1417 444 1474 spem
482 1399 667 1472 deponimus,
697 1401 838 1473 tractique
866 1401 964 1458 animo
1053 1406 1098 1462 60.
1113 1405 1219 1478 Aquila
1232 1423 1349 1479 quoque
1376 1407 1503 1480 plurimo
1529 1425 1662 1466 sermone
1684 1412 1845 1483 usurpatur

126 1489 325 1556 resolvimur,
340 1489 495 1562 improvidi
509 1493 538 1546 et
552 1489 661 1547 inertes
673 1489 823 1564 jacemus,
845 1506 911 1545 cum
928 1491 964 1546 de
1018 1495 1095 1567 quod
1112 1512 1182 1551 suos
1198 1495 1313 1552 abdicet
1328 1495 1415 1568 fetus,
1431 1497 1481 1552 sed
1496 1513 1553 1552 non
1568 1501 1844 1572 utrumque,verum

127 1579 239 1636 divina
268 1578 455 1635 miseratione
479 1583 550 1635 tunc
572 1580 751 1652 sperandum
772 1579 899 1652 amplius
914 1580 963 1647 sit,
1018 1600 1110 1639 unum
1127 1601 1161 1640 ex
1175 1583 1265 1657 pullis
1281 1585 1406 1640 duobus.
1422 1584 1502 1649 Quod
1524 1585 1614 1658 aliqui
1639 1585 1701 1642 sseri
1726 1591 1845 1660 putave-

127 1685 207 1726 cum
223 1667 360 1741 presidia
373 1667 503 1724 bumana
518 1668 686 1725 defecerint.
1018 1675 1086 1727 runt
1099 1671 1344 1744 geminandorum
1361 1671 1569 1729 alimentorum
1594 1673 1721 1730 fastidio.
1734 1675 1790 1731 Sed
1813 1674 1844 1731 id

437 1791 555 1848 CAPUT
574 1792 672 1848 XVIII·
980 1777 1078 1861 Bnon
1102 1761 1228 1816 arbitror
1250 1759 1334 1817 facile
1364 1762 1553 1829 credendum,
1584 1763 1746 1834 prasertim
1776 1779 1844 1820 cum

124 1894 268 1949 Amorem
288 1892 318 1945 in
337 1891 410 1962 filios
432 1908 450 1945 a
471 1890 624 1946 emim
640 1890 762 1946 homines
784 1891 891 1947 edom.
918 1907 963 1947 30·
1019 1849 1133 1922 Moyses
1148 1850 1475 1906 tantumtestimonium
1487 1849 1604 1922 pietatis
1621 1851 1649 1905 in
1667 1850 1843 1923 pullossuos

168 1979 293 2034 rumque
302 1961 431 2017 pamm„
445 1963 622 2032 impietatem·
638 1962 785 2032 mmm
807 1967 834 2018 ει
857 1934 965 2034 adm-14„
1018 1937 1087 1993 huic
1112 1938 1224 1993 dederit
1248 1938 1304 2006 avi,
1322 1943 1354 1993 ut
1377 1937 1485 1994 diceret
1502 1939 1598 1994 :Sicut
1621 1939 1716 2010 equita
1726 1941 1845 2011 protegit

167 2035 357 2090 mamantis
380 2035 540 2104 neutiqrmm
564 2033 746 2099 aestuandum
775 2033 822 2089 sed
847 2035 965 2106 saiticam
1017 2027 1114 2082 aidum
1134 2044 1224 2095 suum,
1252 2036 1279 2082 et
1300 2043 1383 2099 super
1406 2027 1496 2096 pullos
1519 2042 1581 2082 suos
1604 2027 1716 2097 confidit
1737 2027 1794 2100 (21)
1817 2031 1846 2084 et

168 2120 240 2178 W
251 2105 404 2160 abdimum
416 2104 651 2176 “quamnam
664 2106 762 2170 11111111,
775 2106 965 2161 mmmm·
1018 2116 1150 2188 expondit
1179 2116 1239 2171 alus
1266 2133 1349 2186 satos,-
1380 2119 1405 2171 et
1435 2115 1585 2188 adsumpsit
1608 2132 1665 2184 eos,
1680 2120 1707 2172 et
1729 2123 1846 2189 suscepit

169 2177 252 2232 ω’·
1017 2221 1101 2277 super
1133 2205 1257 2278 scapulae
1284 2221 1359 2261 suar.
1389 2206 1521 2260 Dominus
1554 2205 1628 2261 sotru
1659 2204 1772 2261 demebat
1801 2221 1844 2261 eos

166 2292 216 2348 58.
230 2290 352 2347 Discaat
365 2289 500 2345 homines
523 2305 622 2345 amare
645 2289 723 2346 filios
738 2307 772 2346 ex
788 2307 843 2346 usu
860 2294 889 2346 et
902 2290 964 2362 pie·
1017 2295 1106 2361 (Deru.
1123 2311 1210 2360 xxxrr,
1230 2295 1271 2357 tl,
1287 2292 1344 2364 12).
1359 2293 1509 2357 Quomodo
1534 2308 1602 2366 ergo
1626 2291 1750 2365 expandi
1770 2292 1843 2362 alas,

125 2378 373 2444 tatecornicum,
388 2377 552 2449 quaetiam
576 2377 707 2433 volantes
732 2377 809 2434 filios
824 2378 964 2434 comitatu
1018 2382 1044 2439 si
1073 2380 1211 2437 occiderit
1238 2381 1383 2437 alterum?
1413 2381 1494 2438 Unde
1530 2385 1600 2454 puto
1628 2398 1687 2437 non
1722 2381 1844 2438 avaritia

127 2468 244 2526 sedulo
259 2471 485 2540 prosequuntur,
501 2471 530 2522 et
558 2464 688 2522 sollicitae
717 2484 753 2522 ne
774 2467 867 2522 teneri
892 2467 964 2524 torte
1018 2469 1167 2526 nutriendi
1183 2486 1246 2525 eam
1268 2469 1474 2525 inclementem
1490 2469 1564 2538 fieri,
1583 2469 1633 2526 sed
1650 2470 1844 2542 examineju·

128 2557 288 2623 deficiant,
305 2555 402 2611 cibum
422 2559 595 2627 suggerunt,
610 2571 644 2610 ac
671 2554 798 2627 plurimo
823 2554 963 2627 temporis
1018 2557 1145 2615 dicandi.
1162 2557 1283 2628 Semper
1297 2557 1376 2612 enim
1392 2557 1483 2612 lectur
1496 2557 1619 2629 probare
1635 2574 1708 2629 quos
1723 2557 1842 2631 genuit;

129 2643 290 2702 nutmendi
314 2643 409 2700 cilicia
432 2660 490 2699 non
516 2641 694 2715 relinquunt.
710 2644 746 2698 At
760 2659 827 2700 vero
848 2643 963 2699 femina
1018 2645 1183 2718 degeneris
1198 2646 1243 2702 sui
1263 2645 1338 2701 inter
1356 2661 1458 2701 omnes
1483 2661 1550 2700 aves
1575 2645 1724 2717 quoddam
1748 2647 1844 2716 regale

129 2733 233 2792 nostri
249 2733 365 2806 generis
380 2731 437 2788 cito
452 2731 600 2788 ablactant
612 2731 699 2788 etiam
715 2731 781 2788 illos
805 2749 879 2804 quos
897 2732 963 2788 dili·
1018 2733 1169 2807 fastigium
1189 2732 1341 2806 degeneris
1366 2737 1467 2804 partus
1492 2731 1661 2788 deformitas
1685 2729 1841 2789 decoloret.

127 2826 235 2898 gunt:
253 2825 304 2877 aut
316 2821 342 2875 si
356 2819 476 2876 ditiores
491 2823 570 2885 sunt,
585 2818 694 2874 lactare
708 2819 870 2875 fastidiunt.
888 2820 963 2876 Pau·
1017 2825 1117 2894 ltaque
1133 2822 1275 2878 asseritur
1289 2820 1367 2893 quod
1393 2818 1472 2891 pullo
1502 2836 1571 2875 suos
1596 2819 1686 2876 radiis
1705 2819 1776 2876 solis
1791 2820 1841 2878 obv

128 2912 268 2986 per-iores
303 2925 370 2965 vero
408 2909 465 2980 (23)
498 2908 641 2979 abjiciunt
673 2908 820 2980 parvulos,
854 2914 883 2964 et
915 2926 963 2964 ex·
1013 2911 1210 2983 jiciat‚atque
1235 2910 1265 2964 in
1288 2907 1474 2964 aerismedio
1498 2908 1634 2979 parvulos
1658 2923 1756 2981 ungue
1777 2925 1844 2964 sus-

128 3004 262 3075 ponant,
291 3003 320 3054 et
348 2998 545 3070 deprehensos
574 2997 729 3068 abnegant.
748 2999 818 3069 lpse
846 3014 963 3070 quoque
1017 3000 1139 3073 pendat;
1157 3015 1189 3055 ae
1215 2998 1240 3054 si
1262 2997 1328 3070 quis
1350 3012 1520 3068 repercusso
1545 2993 1625 3066 solis,
1651 2994 1773 3064 lumine,
1797 2996 1842 3051 in-

130 3090 253 3154 divites,
270 3103 306 3142 ne
320 3103 371 3158 per
385 3085 484 3158 plures
508 3102 596 3141 suum
620 3085 831 3157 patrimonium
851 3084 963 3142 divide·
1017 3088 1161 3161 trepidam
1177 3086 1329 3143 oculorum
1344 3085 1437 3141 aciem
1456 3083 1598 3140 inoffenso
1622 3083 1722 3140 tuendi
1744 3085 1843 3158 vigore

130 3185 196 3242 tur,
210 3176 243 3231 in
259 3179 342 3230 utero
357 3175 489 3246 proprios
504 3173 712 3242 necantsetus,
728 3178 757 3228 et
780 3174 962 3246 parricidali·
978 3155 999 3223 C
1018 3176 1185 3246 servaverit,
1214 3175 1239 3231 is
1268 3175 1418 3246 probatur,
1447 3172 1525 3245 quod
1553 3171 1704 3228 veritatem
1731 3176 1842 3230 natura

132 3264 306 3323 bussuccis
320 3263 428 3336 inipso
442 3261 561 3335 genitali
577 3262 640 3318 aluo
656 3262 779 3334 pignora
793 3263 839 3318 sui
854 3263 963 3320 ventris
1015 3264 1122 3321 sinceri
1152 3265 1272 3319 obtutus
1299 3261 1464 3318 constantia
1492 3261 1734 3318 demonstraverit
1762 3279 1769 3317 :
1796 3260 1842 3318 sin

133 3354 340 3426 exstinguunt,
353 3352 493 3425 priusque
508 3352 640 3408 aufertur
664 3351 725 3405 vita
750 3368 838 3423 quam
865 3353 962 3408 trada-
1015 3370 1083 3409 vero
1099 3352 1214 3408 lumina
1229 3368 1283 3408 sua
1297 3351 1477 3422 praestrictus
1492 3349 1573 3405 radio
1596 3348 1667 3406 solis
1688 3347 1840 3420 inflexerit,

132 3441 284 3506 temonis
303 3441 402 3496 docuit
425 3439 483 3495 nisi
506 3439 594 3495 bomo
619 3437 695 3494 filios
721 3438 869 3495 abdicari?
892 3441 963 3506 Quis
1017 3441 1101 3511 quasi
1116 3441 1242 3513 degener
1255 3444 1284 3496 ct
1298 3442 1380 3494 tanta
1394 3438 1535 3511 indignus
1550 3441 1669 3510 perante
1695 3436 1841 3509 reJ'ieitur;
1933 3425 1936 3438 ⁴

132 3531 245 3604 reperit
259 3534 320 3585 tam
340 3527 469 3584 immitia
485 3531 601 3600 patrum
613 3527 705 3599 jura‘l
719 3527 790 3593 Quis
814 3528 890 3583 inter
909 3546 961 3585 na·
1016 3546 1069 3586 nec
1084 3529 1246 3585 estimatur
1261 3526 1433 3583 educatione
1448 3526 1621 3599 diguus,qui
1632 3525 1687 3582 luit
1701 3525 1840 3600 indignus

133 3626 209 3676 turae
218 3619 348 3674 fraterna
355 3617 503 3674 consortia
512 3617 617 3673 tratres
629 3617 757 3688 impares
769 3617 856 3672 lecit?
869 3616 962 3674 Unius
1016 3618 1211 3690 susceptione.
1224 3615 1288 3672 Non
1304 3631 1372 3686 ergo
1398 3631 1466 3670 cum
1491 3615 1648 3672 acerbitate
1664 3618 1774 3671 natura
1791 3615 1842 3673 sed

131 3707 235 3764 divitis
263 3705 315 3762 lilii
339 3706 455 3762 diversa
483 3709 561 3762 sorte
588 3705 750 3760 ceduntur.
766 3705 849 3761 Alius
872 3707 962 3762 totius
1012 3705 1117 3780 judicii
1131 3705 1296 3774 integritate
1309 3703 1498 3770 condemnat;
1515 3719 1568 3758 nec
1579 3703 1664 3774 quasi
1680 3719 1767 3759 suum
1792 3703 1842 3760 ab·

132 3801 262 3869 paterna
292 3794 381 3850 sortis
406 3792 634 3866 ascriptionibus
662 3791 823 3848 inundatur
852 3809 858 3847 :
887 3793 962 3851 alius
1016 3796 1103 3862 dicat,
1120 3795 1170 3850 sed
1186 3792 1269 3865 quasi
1286 3790 1554 3847 alienumrecusat.

133 3883 279 3956 opulente
304 3881 483 3938 baereditatis
506 3881 607 3952 patrie
631 3879 764 3953 deplorat
789 3880 962 3937 exhaustam
1050 3883 1095 3938 61.
1114 3883 1193 3937 Hanc
1215 3885 1324 3948 temen,
1341 3883 1373 3934 ut
1397 3877 1574 3951 quibusdam
1594 3878 1718 3947 videtur,
1734 3877 1841 3950 regalis

135 3977 223 4043 atque
248 3971 368 4043 inopem
389 3970 564 4043 portionem.
580 3969 729 4041 Numquid
744 3973 850 4025 natura
865 3969 963 4026 divisit
1015 3971 1077 4026 avis
1093 3968 1309 4026 inclementiam
1334 3966 1452 4040 plebeiae
1478 3965 1540 4022 avis
1565 3964 1694 4022 exclusat
1717 3965 1843 4021 clemen·

136 4059 240 4115 merita
261 4058 413 4114 filiorum?
437 4058 478 4113 lix
495 4058 564 4129 ⁴pari
589 4057 727 4113 omnibus
753 4056 866 4125 tribuit,
883 4059 961 4130 quod
1015 4059 1064 4116 tia.
1082 4061 1149 4114 Avis
1165 4058 1244 4113 enim
1259 4056 1306 4112 oui
1332 4055 1421 4111 l'uliea
1445 4071 1552 4110 nomen
1576 4058 1630 4122 est,
1658 4070 1721 4125 quae
1745 4051 1841 4110 Graece

137 4146 325 4203 adnascendi
340 4151 426 4218 atque
440 4146 555 4202 vivendi
570 4147 687 4218 possint
700 4144 808 4201 babere
823 4147 960 4204 substan·
1015 4147 1123 4204 dicitur
1147 4155 1222 4220 φηνή,
1248 4149 1415 4216 susceptum
1446 4142 1543 4212 illum,
1573 4143 1633 4199 sive
1661 4141 1839 4210 abdicatum,

138 4236 217 4291 tiam.
233 4240 303 4308 lpsa
317 4251 368 4291 vos
388 4235 492 4290 doceat
510 4250 569 4290 non
584 4235 749 4290 discernere
773 4234 960 4305 patrimonio,
1015 4233 1075 4291 sive
1091 4252 1148 4291 non
1164 4234 1297 4306 agnitum
1322 4231 1425 4304 aquila
1450 4231 1564 4304 pullum
1590 4249 1657 4288 cum
1683 4247 1739 4287 sua
1762 4229 1860 4304 prole·

139 4341 209 4396 quos
222 4323 310 4380 titulo
332 4323 538 4396 germanitatis
554 4321 703 4394 aequastis.
715 4322 828 4377 Etenim
854 4323 961 4394 quibus
1016 4323 1175 4392 connectit;
1206 4327 1293 4394 atque
1320 4321 1526 4376 intermiscens
1556 4320 1629 4386 suis,
1653 4320 1756 4377 eodem
1783 4335 1841 4392 quo

138 4411 257 4468 dedistis
271 4411 469 4468 communiter
483 4425 547 4467 esse
562 4411 639 4483 quod
656 4410 717 4465 nati
732 4412 812 4478 sunt,
830 4427 888 4466 non
911 4412 960 4466 de·
1015 4412 1148 4484 proprios
1163 4413 1239 4466 letus
1259 4413 1397 4465 maternae
1421 4408 1586 4465 sedulitatis
1609 4407 1704 4465 oracio
1730 4411 1759 4464 et
1779 4407 1842 4481 pari

138 4501 211 4556 betis
225 4499 284 4571 bis,
299 4504 333 4554 ut
346 4499 377 4554 id
391 4499 588 4555 communiter
602 4498 731 4554 babeant
745 4498 775 4554 in
787 4500 864 4571 qaod
881 4517 898 4554 a
912 4517 962 4555 na·
975 4526 1000 4588 D
1016 4500 1263 4556 nutrimentorum
1280 4497 1553 4554 subministratione
1579 4497 1675 4570 pascit
1689 4500 1718 4553 et
1737 4497 1842 4553 nutrit.

138 4595 202 4644 tura
214 4586 368 4643 substituti
384 4591 464 4657 sunt,
480 4587 622 4643 invidere.
1016 4590 1090 4663 Ergo
1105 4597 1182 4662 φηνή,
1193 4587 1304 4644 alienos
1318 4587 1412 4642 nutrit
1427 4601 1434 4642 ε
1451 4603 1505 4643 nos
1518 4603 1585 4643 vero
1601 4591 1717 4644 nostros
1733 4585 1842 4644 immiti

169 4677 214 4733 59.
229 4677 390 4749 accipitres
405 4675 541 4732 feruntur
563 4675 594 4730 in
620 4691 654 4731 eo
676 4676 781 4731 duram
804 4676 960 4732 adversum
1015 4677 1188 4734 crudelitate
1202 4675 1384 4749 projicimus.
1401 4675 1508 4748 Aquila
1522 4692 1589 4732 vero
1604 4676 1630 4732 si
1645 4675 1771 4749 proJ'icit,
1782 4690 1841 4731 noa

137 4766 267 4839 proprios
281 4766 358 4821 letus
372 4764 479 4821 babere
503 4763 732 4831 inclementiam,
752 4764 830 4836 quod
846 4764 896 4819 ubi
911 4779 961 4820 eos
1015 4765 1100 4837 quasi
1113 4781 1201 4821 suum
1216 4763 1341 4837 projicit,
1356 4764 1408 4820 sed
1424 4763 1508 4837 quasi
1524 4765 1696 4838 degenerem
1722 4779 1779 4819 non
1795 4777 1839 4816 re·

137 4854 313 4912 adverterint
333 4858 447 4910 tentare
469 4852 584 4911 volatus
607 4854 779 4926 primordia,
802 4853 881 4909 nidis
906 4853 960 4924 eji·
1015 4855 1186 4928 cognoscit:
1204 4871 1267 4922 nos,
1284 4853 1362 4926 quod
1377 4854 1462 4925 pejus
1477 4856 1532 4922 est,
1544 4870 1619 4926 quos
1634 4855 1749 4908 nostros
1764 4863 1841 4905 reeo-

137 4945 217 5000 eiuat
240 4945 314 5012 suis,
340 4942 538 5015 continuoque
559 4943 728 5011 eliminant;
744 4959 777 4997 ae
801 4942 827 4998 si
845 4959 961 4998 moren-
1015 4943 1196 5016 gnoscimus,
1215 4940 1396 4998 abdicamus.

137 5037 194 5099 tur,
217 5032 394 5106 propulsant
416 5031 521 5104 pennis
544 5035 633 5103 atque
655 5030 848 5104 praecipitant,
862 5032 962 5086 verbe·
1325 5083 1439 5140 CAPUT
1459 5083 1520 5140 XIX

136 5120 281 5191 tantalis,
298 5125 465 5194 coguntque
485 5121 593 5176 audere
616 5119 694 5193 quod
717 5120 881 5192 trepidant3
909 5136 961 5176 nec

136 5209 230 5266 unum
245 5213 348 5282 postea
362 5208 495 5265 deferunt
519 5208 567 5264 his
591 5225 700 5264 munus
714 5207 868 5265 alimonia„
886 5209 961 5272 Quid
1017 5193 1158 5250 medetur
1178 5192 1210 5248 ob
1232 5191 1393 5248 viduitatem
1417 5197 1517 5258 turtur,
1533 5197 1558 5245 et
1579 5189 1628 5244 boe
1650 5187 1761 5244 nomiae
1778 5202 1839 5242 mu·

136 5299 245 5354 mirum
259 5301 360 5353 tamen
376 5296 401 5351 si
416 5313 518 5369 rapere
531 5297 639 5353 assueti
661 5295 772 5352 nutrire
795 5297 958 5353 fastidiunt.
1138 5263 1254 5319 Imm
1270 5263 1444 5334 “mmm
1458 5262 1540 5317 “ham
1554 5259 1723 5316 chamani&

134 5385 361 5443 Consideremus
378 5385 413 5440 ad
438 5386 493 5441 hoc
507 5402 557 5442 cos
579 5402 644 5443 esee
662 5387 961 5459 generatos,utetiam
1051 5391 1096 5445 62.
1111 5387 1166 5443 Sed
1187 5385 1340 5442 veniamus
1367 5383 1402 5438 ad
1427 5387 1581 5452 turturem,
1607 5399 1697 5455 quam
1719 5381 1767 5438 lex
1789 5381 1840 5438 Dei

167 5529 224 5602 (23)
240 5528 313 5585 Mss.
331 5533 468 5598 quatuor,
483 5530 593 5602 Pauper
605 5529 740 5602 quaritur
755 5527 825 5598 quod
838 5531 962 5599 putente
1051 5533 1108 5606 (24)
1124 5531 1207 5586 llom.
1225 5525 1306 5592 edit,
1331 5531 1356 5580 et
1379 5541 1460 5596 super
1482 5526 1571 5598 pullos
1591 5543 1653 5584 euos
1673 5528 1839 5600 camapiuit.

128 5603 253 5675 neptas
263 5599 340 5661 sedes
354 5599 508 5673 reliqueris.
525 5601 706 5674 Pauperiores
719 5614 791 5669 uero,
809 5603 862 5655 etc.
1016 5605 1086 5662 Cod.
1102 5603 1179 5669 Vat,
1194 5597 1319 5656 considit.
