4159 6184
266 329 326 394 'les
986 330 1018 394 S.
1043 325 1227 392 auuuusu
1882 337 1923 398 tat

267 466 358 524 altero
372 461 545 523 enuntiatus
560 471 613 535 est,
632 465 722 526 altero
739 467 969 525 demonstratus.
988 468 1023 526 'tlt
1038 469 1088 527 be·
1103 463 1130 532 Α
1144 464 1189 523 los
1205 465 1342 525 sublimis
1358 465 1453 525 meriti
1479 461 1558 523 viros
1571 462 1751 540 patriarchas
1765 466 1792 522 et
1803 465 1926 540 prophotas

268 573 304 611 ne
341 555 441 626 ubera,
471 558 611 630 quoniam
639 558 718 614 velut
740 560 939 631 quodamnoa
965 558 1089 632 spiritali
1145 554 1929 631 etapostolos3srdetiamultrasolem,lunem‚arabau·

267 643 340 700 lacte
355 645 481 702 nutritos
497 646 639 714 educavit,
655 653 683 703 et
699 649 804 704 obtulit
820 649 877 704 uuo
894 649 984 704 Filius
1009 649 1088 721 (⁸25t:
1145 647 1236 720 gelos,
1255 651 1395 720 tanquam
1425 646 1489 703 roeli
1514 645 1613 701 lumen
1645 644 1772 710 emicuit,
1799 645 1928 719 sicutipse

266 731 623 802 velMarlaedioitubcra‚
640 754 703 808 quae
723 754 789 794 vere
818 737 969 794 benedicta
998 742 1091 807 erant,
1146 737 1319 793 ait:«Nou
1336 741 1380 792 est
1399 733 1563 808 discipulus
1587 751 1676 806 super
1701 732 1870 806 magistrum,
1894 751 1929 789 nu

269 823 378 896 quibus
394 829 494 880 sancta
508 825 597 898 Virgo
621 825 729 898 populo
744 828 859 884 Domini
876 833 977 901 putum
1006 826 1092 883 laetis
1146 842 1247 881 servus
1260 841 1349 898 super
1364 824 1517 880 dominum
1533 823 1639 892 (llrrltb.
1655 840 1683 890 x,
1699 823 1754 892 el).
1775 843 1789 871 o
1802 822 1862 885 Quis
1873 823 1930 877 enim

268 911 423 969 immulsit.
441 913 522 969 Unde
547 918 575 970 et
603 914 651 971 illa
667 916 772 972 mulier
795 917 822 972 in
848 917 1003 989 Evangelio
1027 915 1090 972 ait:
1146 913 1263 970 illorum
1280 915 1344 982 tuit,
1360 915 1406 970 eui
1424 914 1556 985 subjecte
1569 911 1783 971 essentomnie.
1797 911 1932 983 quibusin-

268 1024 283 1051 «
299 1001 406 1056 Beatus
419 1005 519 1058 venter
534 1003 583 1075 qui
599 1007 626 1058 te
650 1005 784 1076 portavit,
806 1009 833 1061 et
848 1007 938 1061 ubera
953 1023 1015 1078 quaa
1046 1022 1093 1060 su·
1147 1020 1178 1060 se
1192 1004 1396 1076 donavitquod
1413 1003 1520 1060 erent?
1545 1003 1577 1057 ln
1592 1018 1651 1074 quo
1678 999 1932 1057 benedicunturom·

267 1089 336 1147 xisti
352 1089 427 1163 (tuo.
443 1109 483 1160 xi,
499 1093 565 1165 27)!
585 1115 599 1142 »
622 1095 704 1159 Quod
718 1099 814 1150 autem
847 1095 911 1151 ait:
951 1119 964 1144 n
994 1093 1092 1150 Vulvoe
1147 1109 1200 1149 nes
1213 1093 1305 1149 saneti
1321 1094 1395 1165 ejus,
1408 1091 1703 1164 quiaipseestsuper
1717 1089 1809 1162 capita
1828 1090 1933 1145 omnium

269 1179 499 1237 benedictionem
517 1183 608 1254 patris
622 1185 705 1240 tuiet
730 1185 843 1248 matris,
876 1209 889 1234 a
924 1185 947 1240 sl
976 1184 1092 1240 vulvam
1147 1181 1495 1254 eaputomnium.Caput
1507 1181 1586 1236 euim
1603 1179 1738 1236 mulieris
1751 1177 1880 1250 aineaput
1896 1179 1933 1233 riri

268 1270 362 1329 solam
378 1271 472 1327 llariae
489 1271 613 1328 velimus
627 1273 799 1343 intullisere,
812 1292 863 1330 cur
879 1279 1035 1346 utramque
1046 1274 1094 1330 be·
1147 1270 1289 1327 Christus.
1301 1294 1315 1320 α
1332 1273 1367 1326 ut
1382 1287 1469 1343 super
1482 1271 1604 1325 vertices
1620 1268 1775 1334 montium,
1786 1290 1798 1315 u
1819 1267 1934 1339 quiaipse

270 1359 466 1416 nedietionem
493 1361 687 1430 conjunxerit,
720 1363 822 1418 latebit
854 1381 952 1419 rausa.
995 1362 1094 1419 Potuit
1147 1357 1797 1432 estsuparimensverteanniversorum:sed
1816 1356 1935 1426 justorum

269 1449 349 1506 enim
365 1449 461 1506 dicere
475 1450 510 1505 de
521 1450 584 1506 sola
606 1451 692 1506 vulva
723 1451 836 1508 matris.
854 1454 910 1509 Sed
940 1452 1093 1525 pulchrius
1147 1451 1192 1503 est
1204 1453 1300 1504 vertex
1315 1446 1488 1504 altissimus.
1501 1450 1579 1514 Quos
1594 1447 1699 1502 iratres
1722 1449 1811 1508 uocat,
1835 1444 1936 1516 aequisi-

270 1539 405 1616 arbitror,
422 1545 455 1594 ut
468 1541 630 1596 secundum
647 1540 778 1612 spiritale
793 1542 966 1614 mysterium
982 1541 1092 1598 intelli·
1147 1541 1192 1593 tos
1207 1537 1405 1610 pergratiam,
1422 1542 1450 1592 et
1465 1535 1611 1609 quoddam
1644 1533 1862 1608 regenerationis
1885 1549 1936 1587 con·

270 1633 546 1700 gamusutramque
566 1629 782 1702 generationem
812 1631 928 1686 Domini
954 1630 1035 1698 lesu,
1066 1635 1094 1686 et
1147 1626 1281 1682 sortium.
1298 1625 1380 1681 Unde
1392 1626 1466 1681 etde
1482 1625 1622 1682 iratribus
1640 1624 1750 1696 loseph
1778 1622 1840 1678 illos
1864 1622 1936 1693 magis

270 1717 432 1773 seeundum
448 1717 677 1784 divinitatem,et
692 1721 852 1775 seeundum
866 1737 983 1776 earnem
1001 1739 1008 1790 ;
1025 1721 1094 1794 quta
1146 1715 1251 1772 iratres
1266 1714 1468 1787 intelligimus,
1485 1714 1520 1770 de
1544 1714 1653 1787 quibus
1679 1713 1751 1769 dicit
1774 1711 1803 1768 iu
1826 1709 1937 1768 Psalmo:

271 1808 337 1861 ante
353 1804 458 1861 secula
473 1809 517 1861 est
531 1811 687 1877 generatus
698 1824 732 1862 ex
747 1807 839 1862 Patre.
861 1808 941 1864 Unde
956 1813 985 1864 et
1009 1809 1095 1864 Pater
1109 1837 1132 1903 B
1148 1827 1163 1856 o
1178 1803 1308 1860 Narrabo
1324 1819 1429 1860 nomen
1445 1807 1530 1860 tuum
1547 1803 1687 1859 iratribus
1702 1801 1786 1870 meis,
1812 1801 1840 1856 in
1866 1799 1939 1854 medio

271 1893 329 1950 uit:
370 1915 384 1943 «
403 1893 548 1950 Eruetmit
563 1911 726 1952 cormeum
750 1897 872 1952 verbum
901 1898 986 1969 (Psoi.
1016 1915 1092 1965 xmo,
1148 1892 1283 1948 llcclesiae
1296 1893 1419 1949 cantabo
1435 1892 1487 1948 tibi
1507 1893 1593 1965 (Psoi.
1610 1909 1669 1958 xxi,
1685 1891 1744 1964 23)
1761 1913 1775 1938 u

270 1985 309 2055 2),
348 2004 362 2032 »
400 1985 525 2055 eoquod
541 1983 640 2040 axilla
663 1985 768 2042 intima
793 1989 822 2042 et
842 1985 1092 2059 incomprehensi-
1182 1983 1227 2038 53.
1244 1982 1375 2055 Denique
1389 1985 1418 2038 et
1429 1983 1543 2054 Moyses
1558 1978 1759 2053 completurus
1787 1978 1846 2033 vite
1870 1975 1939 2031 istius

270 2071 323 2129 bili
337 2072 432 2128 Patris
447 2073 589 2144 processit
601 2074 778 2141 substantia,
789 2079 818 2130 et
834 2076 863 2130 in
880 2075 943 2148 ipso
958 2080 1003 2131 eat
1018 2092 1093 2131 sem·
1147 2087 1265 2126 cursum
1283 2087 1350 2126 eum
1366 2071 1550 2127 benediceret
1564 2069 1675 2125 tribum
1691 2069 1865 2141 Joseph‚non
1875 2064 1940 2120 illum

271 2175 333 2233 per.
347 2159 428 2216 Unde
443 2165 471 2216 et
485 2162 663 2234 evangelista
678 2163 719 2218 ait
736 2181 741 2218 :
760 2187 773 2214 ιι
790 2163 882 2220 Deum
908 2179 994 2220 nemo
1022 2163 1095 2219 vidit
1148 2159 1250 2232 utique
1260 2160 1323 2231 jem
1339 2159 1509 2215 defunctum
1521 2158 1641 2231 loseph,
1652 2159 1704 2214 sed
1721 2157 1862 2213 Christum
1873 2155 1940 2209 bene·

271 2265 414 2322 uuquam,
430 2249 487 2305 nisi
501 2250 671 2323 unigenitus
698 2251 789 2308 Filius
821 2253 871 2323 qni
900 2257 945 2309 est
972 2251 1001 2307 in
1026 2252 1093 2307 sino
1148 2248 1272 2312 dicebat,
1289 2249 1365 2305 siout
1377 2248 1468 2305 habes
1484 2247 1627 2321 seriptum
1644 2248 1679 2304 de
1694 2245 1887 2318 Jusephzolt
1908 2242 1942 2296 be

271 2335 377 2406 Patria,
391 2338 454 2410 ipse
467 2339 612 2396 enarravit
636 2341 724 2411 (loon.
742 2359 761 2405 1,
792 2341 846 2412 18).
878 2363 891 2390 u
920 2341 1003 2396 Siout
1025 2357 1093 2413 ergo
1148 2338 1313 2394 nedietione
1327 2337 1443 2394 Domini
1455 2341 1533 2394 terre
1547 2339 1611 2409 ejus
1625 2336 1848 2409 (27),nllnibus
1860 2331 1942 2398 eoeli,rl

272 2426 356 2482 sinus
368 2425 460 2482 Patris
476 2426 617 2499 spiritalis
632 2427 805 2501 intelligitur
836 2429 974 2484 intimum
1001 2429 1092 2501 quod·
1148 2443 1254 2493 arere,
1270 2432 1299 2482 et
1313 2427 1349 2482 ab
1363 2427 1478 2499 abyssis
1493 2426 1618 2482 lentium
1647 2426 1797 2492 deorsum,
1811 2427 1838 2479 et
1861 2436 1941 2477 seeun-

272 2514 341 2570 dam
365 2519 492 2588 paterne
515 2515 666 2574 eharitatis
693 2511 861 2589 naturisque
890 2523 1046 2585 secretum,
1064 2518 1094 2572 in
1148 2518 1218 2572 dum
1234 2517 1338 2572 horam
1353 2516 1462 2572 laetum
1478 2515 1550 2573 solis
1564 2531 1684 2571 cursum
1700 2515 1769 2587 (28),
1781 2517 1838 2571 eta
1861 2525 1942 2566 eonve-

272 2620 331 2677 quo
346 2620 463 2677 semper
476 2609 521 2661 est
535 2605 625 2661 Filius
642 2623 648 2661 :
666 2605 705 2661 ita
723 2605 812 2661 etiam
834 2607 928 2662 Patris
952 2606 1094 2679 spiritalis
1149 2605 1297 2662 aientibus
1312 2605 1476 2669 mensibus,
1490 2609 1519 2660 et
1531 2621 1548 2660 a
1562 2603 1668 2660 vertice
1684 2603 1838 2668 montium,
1853 2601 1885 2656 ab
1900 2596 1942 2652 ini·

271 2695 317 2750 est
332 2691 427 2761 vulve,
452 2693 599 2750 interioris
615 2712 765 2762 areanum,
778 2696 813 2750 de
829 2711 886 2768 qua
902 2700 1043 2768 tanquam
1060 2714 1094 2752 ex
1149 2693 1529 2760 tio‚etarertieeuollium
1544 2698 1735 2759 eternorum,
1760 2691 1836 2748 etad
1864 2690 1944 2744 boram

271 2781 391 2856 genitali
405 2781 469 2839 alvo
485 2783 627 2856 processit
643 2783 743 2840 Filius.
762 2783 890 2856 Denique
914 2785 1026 2840 diverse
1052 2785 1092 2839 le·
1147 2787 1229 2838 terras
1247 2782 1446 2854 plenitudinis,
1462 2786 1492 2837 et
1505 2783 1542 2837 ab
1557 2799 1591 2839 eo
1606 2782 1656 2854 qui
1672 2782 1757 2838 visua
1768 2785 1813 2837 est
1826 2780 1853 2834 iu
1878 2777 1943 2841 rubo,

272 2871 370 2944 gimm
385 2889 463 2926 nune
478 2872 593 2928 vulvam
608 2873 713 2936 Patris,
730 2889 807 2928 nune
823 2889 872 2928 eor
886 2874 950 2943 qius
963 2890 1021 2946 quo
1034 2890 1094 2929 ver
1147 2872 1244 2927 veniat
1259 2888 1347 2943 super
1361 2876 1450 2943 eaput
1464 2871 1574 2943 loseph
1591 2870 1799 2936 benedieti0,et
1811 2880 1946 2940 sirperver

255 2947 343 3016 'bum
357 2961 507 3030 eructavit,
524 2978 602 3017 nune
617 2979 650 3017 os
670 2963 734 3034 ejus
749 2979 782 3017 ex
798 2978 855 3033 quo
880 2962 998 3033 justitia
1027 2980 1095 3036 pro·
1148 2961 1235 3016 tieem
1246 2960 1351 3034 ipsius.
1367 2960 1695 3017 Honoriheussitinter
1719 2961 1830 3016 tratres.
1856 2955 1944 3010 Primo·

272 3048 371 3114 cessit,
388 3064 492 3121 exque
506 3049 631 3122 prodivit
646 3050 798 3122 sapientia,
834 3051 908 3108 sieut
937 3051 999 3123 ipse
1029 3053 1093 3107 ait:
1148 3050 1263 3120 genitus
1275 3048 1351 3105 tauri
1367 3051 1456 3104 decus
1470 3051 1546 3121 ejus,
1562 3065 1672 3105 eoruua
1687 3045 1850 3105 unicornui.
1865 3045 1891 3100 ln
1912 3041 1945 3111 ip·

273 3137 564 3194 «Exorehltissimi
581 3138 706 3211 prodivit
724 3140 817 3210 (Eroti.
848 3157 924 3204 xxiv,
939 3141 977 3211 5).
1010 3163 1024 3188 «
1053 3141 1096 3196 lla
1148 3138 1191 3192 sis
1206 3143 1306 3210 gentes
1322 3137 1472 3194 ventilabit
1486 3136 1574 3195 simul
1592 3153 1686 3209 usque
1702 3134 1945 3193 adextremumter·

274 3225 431 3284 meum
448 3243 539 3283 unum
556 3245 614 3283 non
643 3227 791 3294 delinitur,
821 3231 848 3282 et
877 3245 969 3284 unum
996 3207 1195 3284 omniaGra.
1213 3227 1276 3298 lpse
1291 3227 1437 3298 myriades
1452 3226 1597 3300 Ephrem,
1613 3230 1642 3282 et
1665 3227 1731 3298 ipse
1746 3226 1802 3298 (29)
1830 3218 1945 3280 chiliades

270 3318 386 3382 sonant,
413 3313 543 3386 spiritale
572 3313 667 3387 magis
696 3315 868 3388 mysterium
896 3317 1094 3389 generationis
1148 3315 1297 3371 Monaeses
1311 3316 1399 3386 (orat.
1415 3332 1513 3383 xxxin,
1531 3315 1634 3386 13-17).
1658 3337 1672 3364 »

270 3407 407 3475 paterne,
424 3419 511 3474 quam
526 3405 692 3460 membrum
707 3404 825 3476 aliquod
841 3407 989 3478 corporale
1005 3406 1094 3480 sigui·
1181 3405 1226 3458 54.
1243 3404 1405 3459 benedictio
1421 3404 1521 3460 eadem
1537 3407 1592 3474 est,
1609 3420 1673 3476 que
1690 3418 1808 3460 omnem
1824 3400 1903 3456 babet
1924 3397 1945 3448 et

269 3490 347 3546 fleat.
365 3491 421 3548 Sed
436 3492 513 3548 sieut
525 3492 606 3548 illam
618 3509 652 3548 ex
668 3493 751 3549 Patre
765 3497 981 3566 generationem
1006 3496 1091 3552 intel·
1147 3492 1308 3548 eoelestium
1323 3496 1353 3548 et
1366 3492 1549 3549 terrestrium
1566 3492 1794 3565 plenitudinem,
1806 3495 1835 3545 et
1855 3484 1945 3559 spectu·

268 3578 470 3652 ligimus;ita
485 3581 572 3637 etiarn
591 3582 626 3637 ad
639 3582 923 3639 consummationem
947 3585 1014 3641 fidei
1042 3602 1091 3658 ga·
1145 3580 1203 3636 lem
1218 3581 1325 3637 Christi
1336 3582 1458 3654 gratiam
1477 3599 1484 3636 :
1506 3582 1556 3654 qai
1571 3581 1653 3637 visus
1672 3582 1705 3637 in
1735 3581 1808 3636 rubo
1835 3569 1945 3633 dixitad

267 3669 448 3724 serationem
466 3669 563 3724 Marisa
578 3669 788 3742 intelligamus,
805 3673 921 3743 (girando
945 3673 1092 3730 benediei-
1144 3669 1241 3741 ipsum
1258 3671 1375 3743 Moysen
1392 3687 1398 3727 :
1417 3693 1431 3721 n
1448 3669 1532 3726 Solve
1547 3670 1781 3726 calceamentum
1792 3668 1946 3740 pedumtuo·

265 3761 314 3812 tur
328 3757 412 3812 vulva
427 3757 540 3822 matris,
557 3757 607 3814 illa
621 3759 722 3831 utique
737 3760 834 3815 Mariae
848 3761 1007 3833 virginalis,
1025 3781 1088 3836 quae
1144 3776 1208 3814 rum
1225 3760 1438 3831 (Exod.1u‚5):
1457 3760 1537 3831 »qui
1570 3764 1730 3833 estsuper
1761 3772 1858 3814 omnes
1887 3753 1946 3808 Deus

264 3845 349 3901 nobis
364 3846 455 3901 edidit
469 3847 627 3902 Dominum
639 3847 752 3903 lesum.
769 3849 809 3905 De
824 3866 883 3922 qua
907 3851 990 3907 Pater
1019 3853 1090 3908 dioit
1142 3849 1199 3919 (30)
1216 3848 1306 3920 Uim
1317 3848 1381 3920 59⁵⁰
1395 3852 1440 3903 est
1454 3850 1543 3920 οῑῑΡῑῙῑ
1557 3847 1690 3920 ὓΟΓΡΟΓῙθ
1700 3847 1851 3904 Εθθιθθῑθῗ
1866 3840 1947 3914 quiea

262 3935 319 4004 (26)
334 3951 386 4006 per
399 3935 554 3991 ieremiam
570 3935 765 4008 prophetam:
803 3961 813 3986 ι
850 3937 1023 4011 Priusquam
1059 3947 1087 3996 te
1141 3936 1329 4008 principium,
1344 3936 1601 4009 primogenitusex
1615 3935 1852 4002 mortuis,uthat
1865 3931 1947 3985 iuon-

262 4023 420 4079 formarem
435 4023 463 4076 in
481 4027 572 4091 utero,
587 4023 651 4078 novi
667 4027 695 4079 te
712 4042 717 4088 ;
735 4029 764 4080 et
784 4025 956 4098 priusquam
991 4027 1084 4085 exires
1142 4025 1229 4080 uibus
1244 4025 1305 4096 ipse
1316 4025 1586 4097 primatumtenens
1604 4026 1803 4096 :quoniamin
1819 4022 1946 4093 ipsuum·

262 4110 870 4179 devulramalriseenctifieavitollerem,
889 4115 959 4184 ι.5).
991 4139 1004 4164 u
1031 4117 1084 4171 Ge·
1140 4112 1612 4186 plaeuitomuemplenitudinem
1639 4114 1815 4169 inhabitare.
1844 4110 1874 4164 lit
1895 4105 1945 4159 ideo

263 4199 374 4254 minam
389 4198 478 4271 igitur
493 4199 635 4270 propheta
649 4198 678 4254 in
694 4198 808 4255 Christo
823 4202 1017 4257 substantiam
1035 4205 1084 4260 de·
1140 4202 1195 4259 soli
1222 4202 1433 4259 benedictionis
1462 4203 1553 4273 hujus
1569 4203 1763 4274 prerogativa
1787 4199 1913 4254 defertur.
1934 4205 1947 4241 a

262 4285 390 4353 claravit,
407 4287 566 4343 divinitatis
582 4293 610 4344 et
625 4288 745 4343 earnis:
778 4289 898 4344 alteram
924 4307 958 4346 ex
985 4292 1083 4360 Patre,
1140 4293 1309 4348 summitate
1321 4293 1397 4349 Μ
1412 4292 1475 4347 coeli
1491 4307 1587 4364 usque
1616 4292 1652 4346 ad
1679 4295 1842 4346 extremum
1868 4289 1944 4338 terre.

261 4373 383 4429 alteram
399 4391 433 4430 ex
447 4376 566 4448 Virgine
582 4395 588 4444 ;
605 4377 646 4432 ita
660 4381 758 4432 tamen
774 4383 806 4431 ut
822 4395 877 4432 non
894 4395 993 4435 exsors
1022 4397 1082 4436 suae
1140 4379 1204 4449 lpse
1218 4380 1295 4433 enim
1311 4384 1356 4433 est
1370 4383 1437 4433 ente
1451 4395 1565 4444 earnes,
1582 4379 1611 4433 in
1628 4394 1689 4449 quo
1702 4378 1839 4433 coustant
1852 4367 1944 4428 omniu:

261 4465 339 4518 esset
353 4461 524 4536 divinitatis,
535 4481 602 4520 eum
617 4465 777 4537 exVirgine
794 4473 971 4536 nasceretur,
988 4472 1017 4524 et
1038 4487 1083 4526 es·
1139 4466 1356 4539 quietiamper
1378 4466 1553 4537 sanguinem
1581 4467 1677 4522 arueis
1709 4482 1770 4520 sue
1800 4454 1942 4534 pacificavit

263 4553 308 4605 flet
323 4549 353 4603 in
369 4565 500 4622 corpore·
1102 4573 1125 4636 [J
1141 4555 1250 4615 omnia.
1266 4555 1325 4611 sive
1335 4571 1399 4626 que
1413 4556 1442 4609 in
1456 4555 1538 4624 emto,
1555 4556 1616 4611 sive
1629 4571 1696 4628 qua
1716 4555 1747 4609 in
1775 4549 1856 4608 terris
1880 4544 1943 4601 sunt-

297 4641 341 4694 52.
359 4637 440 4694 Unde
454 4643 482 4694 ot
510 4641 683 4696 «convaluit
698 4659 786 4714 super
797 4659 897 4699 omnes
918 4651 1031 4703 montes
1060 4654 1089 4705 et
1141 4643 1232 4715 Cujus
1247 4649 1348 4716 typum
1365 4642 1520 4715 preferens
1535 4644 1657 4716 pulehre
1682 4641 1865 4698 benedicitur
1888 4647 1942 4688 sau·

261 4720 949 4804 desiderianotliumeternorum.»'uuperomnas
959 4737 1036 4791 enim
1049 4737 1086 4793 il·
1141 4738 1205 4788 otus
1219 4732 1338 4805 loseph,
1354 4737 1387 4788 ut
1402 4733 1610 4790 honorificetur
1624 4732 1704 4788 inter
1729 4733 1840 4786 tratres.

180 4865 186 4876 ’
298 4871 353 4944 (25)
368 4871 444 4926 Edit.
460 4887 572 4939 omues,
589 4871 687 4928 obtolit
702 4873 754 4928 Deo
767 4875 849 4942 filios.
867 4875 973 4933 Contra
984 4895 1087 4937 omnes
1143 4875 1213 4930 tibus
1227 4875 1292 4930 tolie
1304 4891 1410 4943 curato,
1425 4880 1481 4930 olo·

262 4959 357 5009 msa„
374 4943 470 4998 ostias.
1176 4945 1415 5017 (ebitudinem,
1432 4947 1495 5000 ora.
1512 4951 1540 5003 u
1564 4947 1626 5002 cod.
1652 4945 1777 5012 Theou,
1801 4951 1872 4999 erra
1897 4934 1941 5003 iu

297 5013 353 5084 (26)
367 5013 441 5068 Edit.
458 5029 561 5068 omues
576 5029 641 5067 eum
658 5011 722 5068 Vat.
740 5013 816 5081 cod„
833 5017 869 5069 lle
883 5034 934 5089 quo
946 5024 1029 5090 partu
1044 5021 1086 5076 di·
1141 5017 1304 5088 mysterialis
1314 5033 1342 5071 se
1354 5020 1461 5087 fresnel,
1476 5023 1502 5072 et
1517 5021 1583 5090 rose.
1600 5023 1654 5073 eto.
1667 5017 1739 5072 Alite
1754 5015 1832 5078 adit,
1847 4999 1941 5090 'W‘

262 5085 298 5140 eit
313 5085 457 5150 Dominus,
473 5101 544 5140 mss.
563 5089 659 5139 nutem
678 5101 783 5157 magno
798 5092 1005 5154 consonaque
1033 5109 1085 5163 qun
1141 5089 1279 5156 miltiades
1306 5089 1650 5160 Euboeanvella'ptruim,
1682 5098 1708 5144 et
1736 5090 1804 5158 ipse
1829 5073 1940 5160 cliiii&

264 5155 357 5226 (uultu
372 5155 523 5224 nimirum)
537 5155 705 5216 Poterdicit.
726 5163 781 5211 eto.
1141 5161 1285 5229 llooosses,
1302 5159 1440 5230 aquibus
1452 5176 1509 5215 non
1525 5161 1610 5233 longe
1624 5161 1735 5216 absunt
1749 5173 1819 5221 mes.
1847 5165 1896 5207 nisi
1917 5157 1940 5196 ¹ss

297 5229 356 5296 (27)
371 5226 433 5282 Non
449 5227 600 5300 pauoahio
614 5228 685 5282 edit.
703 5232 784 5283 liora.
802 5227 1087 5304 iloumtaverat,quae
1141 5231 1206 5297 hoe,
1223 5231 1300 5302 quod
1326 5247 1428 5286 omnes
1456 5231 1604 5296 exhibent,
1630 5233 1724 5304 lpse...
1750 5231 1815 5300 ipse.
1841 5218 1940 5286 emim

262 5313 330 5353 eum
346 5299 382 5353 ad
397 5305 477 5354 vertu
495 5298 592 5371 potius
607 5315 695 5370 quam
707 5299 741 5354 ud
758 5315 878 5355 sensum
894 5305 1088 5372 spectentad-
1140 5303 1249 5367 Albin..
1266 5302 1365 5373 inquo
1381 5301 1472 5375 legas,
1493 5304 1581 5375 lusi...
1605 5305 1670 5375 ipsi,
1689 5303 1762 5357 torte
1788 5313 1843 5353 non
1869 5284 1938 5371 mlle·

263 5371 614 5442 notaresuparsodomna
632 5370 861 5426 Nositaexant.
892 5373 960 5427 edit.
988 5391 1085 5431 emon·
1141 5374 1210 5429 Cod.
1227 5373 1314 5428 etiam
1330 5371 1528 5430 CothetGer,
1544 5374 1663 5436 habent,
1679 5359 1939 5445 myriadis...ct¹1w·

263 5439 408 5503 davimus.
425 5447 458 5496 ut
472 5457 505 5497 ex
521 5457 593 5496 mss.
615 5457 664 5497 ees
680 5442 766 5496 etium
784 5441 814 5496 iu
829 5444 979 5500 nonnullis
999 5448 1086 5501 oesti-
1141 5446 1193 5501 dis.
1210 5446 1277 5510 Qun
1291 5443 1376 5498 leutio
1389 5461 1446 5499 nou
1463 5445 1549 5518 plene
1564 5444 1760 5518 aspernanda.

261 5527 412 5584 geremus.
1177 5518 1232 5584 (3⁰)
1248 5519 1364 5572 cuncte
1380 5517 1464 5584 edit,
1477 5533 1560 5589 super
1574 5533 1668 5574 omnes
1681 5517 1748 5572 lleoa
1765 5531 1772 5581 ;
1792 5524 1857 5566 mss.
1882 5513 1937 5556 0⁰¹¹·

297 5585 355 5656 (28)
366 5584 562 5650 Rom.edit.‚o
575 5585 709 5654 fluetibus
723 5585 795 5652 raeti,
810 5588 835 5639 et
851 5602 920 5654 rore,
938 5591 963 5641 et
979 5589 1088 5659 algaso·
1141 5592 1186 5643 tra
1201 5589 1259 5644 lere
1275 5588 1310 5642 ad
1327 5604 1429 5654 unum,
1445 5605 1528 5660 super
1538 5603 1630 5645 omues
1645 5589 1726 5644 Deus.

261 5655 455 5727 rumsontibua
469 5655 602 5722 deorsum,
616 5659 641 5710 et
668 5656 816 5710 secundom
839 5655 935 5712 trorum
963 5676 983 5716 a
1010 5662 1086 5730 frue-
