4159 6184
271 303 323 369 ,ai
995 301 1240 365 8.Α1111110811
1280 311 1282 318 ⁴
1330 349 1347 358 ..
1893 299 1970 416 '932i

270 441 335 494 berc
351 452 414 490 csse
425 432 537 505 judicis
547 413 718 503 judicium:
740 447 774 488 ac
802 447 963 489 memorem
990 449 1099 488 111111111-
1115 436 1140 500 Λ
1156 435 1267 508 iiiiipat,
1282 437 1398 510 culpam
1422 435 1566 510 praedicet,
1596 434 1720 496 crimina
1747 437 1901 507 defendat;
1926 457 1959 512 qii

267 539 414 599 quomque
428 539 492 578 csse
507 526 641 594 oportere
657 539 716 578 siiae
745 522 922 578 conditionis
937 528 965 577 et
988 523 1094 578 iiiaiiti.
1153 532 1233 595 putet
1249 525 1305 582 sibi
1321 527 1398 598 quod
1415 544 1472 582 non
1488 529 1580 596 decet,
1598 545 1655 583 non
1671 529 1756 586 licere
1773 545 1779 585 :
1805 529 1857 601 qui
1885 547 1915 586 se
1939 531 1969 586 le·

265 630 348 686 sape
363 612 441 668 enim
453 611 543 668 etiam
559 612 589 665 ia
601 611 762 680 judicando
778 612 876 681 majus
885 616 1047 682 peccatum.
1061 613 1095 682 ju
1150 613 1236 684 gibus
1251 614 1416 688 obstringat
1431 615 1512 684 suis;
1529 617 1650 690 siquod
1667 634 1719 690 per
1742 618 1889 688 justitiam
1917 635 1966 674 non

266 700 1097 774 diedesi,quainpeccatumipsiasdcquoiueiitjiidi·
1150 701 1227 769 licet,
1246 719 1298 760 nec
1328 720 1380 777 per
1407 709 1581 773 potestatem
1609 705 1696 762 licere
1729 705 1889 780 agnoscat?
1914 705 1966 762 Noa

266 797 376 849 catum.
407 793 480 848 Nam
510 791 535 846 si
560 790 763 862 prescriptum
787 793 832 846 cst
869 807 886 845 a
919 789 1095 862 quibasdam

266 882 451 956 sapientibus
461 880 563 935 mundi
577 881 627 951 (2),
637 887 669 936 ut
684 879 714 934 in
721 878 1034 950 judicandoraveatur,
1048 895 1097 934 ne·

266 972 362 1042 major
371 985 456 1042 poena
472 984 562 1040 quain
578 969 668 1040 culpa
683 969 731 1035 sit,
743 968 832 1039 idque
842 971 975 1023 servatur
986 985 992 1023 i
1002 983 1094 1040 quaii-

266 1068 295 1116 to
311 1058 407 1132 magis
420 1057 449 1112 id
467 1056 645 1112 servandum
659 1055 784 1121 videtur,
796 1054 1043 1126 utunusquisque
1059 1056 1094 1110 de

265 1149 322 1206 alic
331 1147 532 1220 judicaturus,
551 1145 586 1200 dc
611 1160 642 1200 se
657 1144 720 1216 ipso
736 1144 816 1216 prius
828 1143 949 1215 judicet,
965 1160 1018 1198 noc
1036 1143 1093 1197 mi-

265 1255 337 1294 nora
351 1237 380 1292 iii
397 1235 453 1291 alio
469 1240 565 1290 errata
579 1234 765 1299 condemnet,
790 1249 856 1288 cum
873 1233 937 1304 ipse
962 1231 1095 1304 graviora

265 1325 446 1384 commiserit
460 1323 475 1378 ‘l
489 1323 559 1389 Quis
575 1337 606 1377 es
618 1322 707 1394 igitur
721 1325 763 1388 tu,
778 1321 826 1394 qui
847 1321 937 1376 David
958 1325 1092 1376 sanctum

265 1417 360 1471 viram
367 1413 486 1486 judicas
498 1415 509 1466 i
524 1409 631 1468 Gentili
646 1409 720 1473 dico,
729 1411 745 1466 J
750 1411 831 1466 udae
841 1411 917 1478 dico,
928 1408 1092 1465 Christiano

266 1507 350 1571 dico;
376 1507 405 1559 et
425 1501 488 1556 idco
504 1499 648 1572 tripertito
668 1499 741 1553 mibi
770 1499 996 1570 distinguendus
1028 1515 1093 1554 asse

264 1596 380 1649 videtur
395 1594 547 1655 tractatus,
560 1605 637 1644 uaris
651 1589 792 1643 adi-ersus
805 1587 941 1659 gentiles,
954 1586 1029 1642 alius
1042 1587 1092 1641 ad-

1150 791 1329 849 enimsoivit
1345 798 1474 866 potestas
1494 795 1652 866 justitiam,
1682 795 1732 851 sed
1755 795 1874 867 justitia
1901 801 1968 867 pote

1150 883 1255 935 statarii
1267 899 1273 949 ;
1287 897 1339 937 nec
1354 881 1470 954 legibus
1484 899 1532 937 rex
1550 882 1664 938 solutus
1679 889 1733 942 asi.
1750 885 1800 938 sed
1821 882 1900 956 teges
1922 901 1968 940 suo

1150 966 1236 1024 solvit
1251 970 1393 1044 exempto.
1410 973 1452 1026 itii
1469 971 1531 1027 sieri
1548 975 1645 1044 potest
1660 977 1691 1027 ut
1705 972 1754 1044 qui
1777 972 1813 1028 de
1836 971 1905 1030 aliis
1924 973 1966 1044 ja·

1150 1058 1244 1122 dicat,
1261 1075 1314 1113 siio
1330 1059 1392 1130 ipsc
1408 1059 1447 1113 sit
1457 1058 1532 1114 liber
1541 1059 1665 1130 judicio,
1679 1065 1707 1116 ct
1727 1061 1756 1115 iii
1773 1077 1804 1115 so
1820 1060 1965 1132 suscipiat,

1150 1147 1178 1202 iii
1196 1163 1254 1218 qua
1269 1152 1296 1202 et
1311 1147 1384 1204 aiios
1398 1148 1563 1222 astringat?

1183 1245 1209 1298 9.
1228 1243 1326 1298 bonus
1340 1259 1407 1316 ergo
1420 1243 1521 1314 David,
1537 1250 1565 1298 et
1580 1245 1673 1300 mutto
1697 1245 1898 1302 admirabilior
1922 1250 1968 1320 qui

1148 1335 1322 1404 potestatam
1337 1332 1415 1401 vicit,
1431 1349 1519 1404 quam
1535 1319 1584 1404 qui
1599 1349 1739 1390 amoram.
1756 1335 1881 1390 Castitiis
1895 1337 1967 1391 enirn

1148 1420 1261 1493 corpori
1280 1437 1492 1492 nonnunquam
1514 1421 1654 1488 delectur,
1670 1423 1835 1494 frequenter
1864 1425 1966 1484 errori:

1148 1513 1276 1582 potestas
1294 1513 1350 1563 Dec
1366 1509 1520 1576 subditur;
1537 1514 1565 1564 et
1578 1511 1695 1565 iacilius
1710 1513 1759 1584 qui
1776 1527 1808 1567 se
1821 1511 1851 1566 in
1877 1528 1969 1568 cincre

1148 1597 1292 1666 cohibeat,
1309 1613 1397 1668 quarn
1409 1597 1438 1651 iii
1455 1601 1598 1669 potestate
1617 1599 1792 1655 moderetur.
1810 1599 1874 1656 b'on
1907 1616 1969 1672 ergo

263 1700 367 1740 versus
381 1681 396 1736 J
403 1681 510 1742 udaeos,
526 1679 630 1733 tertius
646 1677 723 1748 apiid
744 1676 934 1732 Christianos.
1150 1686 1276 1758 ignoscis
1290 1686 1367 1757 quod
1385 1687 1553 1752 minasset,
1570 1687 1600 1741 iii
1622 1704 1681 1760 quo
1706 1690 1819 1758 majora
1846 1689 1969 1744 miraris.

582 1765 699 1822 CAPUT
714 1765 761 1820 ill·
1148 1773 1272 1830 Lubrica
1282 1774 1359 1829 enim
1376 1773 1405 1828 in
1421 1774 1739 1832 omnibusbominibus
1757 1781 1785 1832 et
1802 1793 1896 1850 prona
1923 1795 1969 1834 aa·

266 1861 382 1917 Gentiles
395 1861 488 1913 monet
505 1864 606 1911 iieicm
633 1861 777 1915 eilllum·
807 1869 890 1922 quom
916 1854 1091 1923 i'oent'ii'ttliln
1145 1869 1212 1918 tura
1232 1863 1389 1936 peccandi;
1418 1863 1532 1919 lubrica
1557 1865 1646 1919 etiarn
1668 1865 1697 1920 in
1727 1865 1812 1920 banis
1842 1867 1970 1922 moribus

300 1930 558 2009 Davidml’ifmm·
580 1929 645 1998 ‘lm
673 1926 744 2007 'itu‘
771 1924 842 2007 mid
869 1927 908 1979 ⁶⁸²
935 1925 1091 1979 'mmmm
1147 1953 1262 2008 licentia
1278 1950 1439 2024 potestatis,
1456 1956 1483 2007 et
1498 1951 1607 2008 oblatio
1623 1952 1780 2009 facultatis.
1808 1953 1870 2010 Nan
1895 1955 1969 2011 enini

300 2016 452 2063 commuue,
467 2002 506 2053 ilc
522 1999 571 2052 lioc
585 2013 679 2051 rii-ram
701 2012 729 2050 iii
764 1995 881 2065 repotiis.
918 1996 984 2050 Tum
1025 2012 1092 2050 ccci

298 2074 421 2146 proclive
446 2073 482 2125 sit
506 2069 581 2124 uinci
610 2067 734 2132 libidine,
754 2066 886 2128 declarat,
914 2078 940 2122 et
967 2085 983 2121 a
1021 2068 1092 2122 iistis
1146 2041 1236 2097 ‘¹1⁸²‘st
1250 2041 1293 2095 iffi
1307 2040 1382 2140 sedis
1398 2041 1434 2094 ⁰¹³
1450 2039 1494 2094 iffi
1509 2039 1621 2141 ¹0⁰¹¹J⁵²
1644 2043 1695 2141 {ed
1711 2043 1761 2113 qui
1776 2042 1911 2099 tumulti
1937 2045 1971 2098 fl·

299 2147 458 2200 cunctarum
470 2143 594 2198 virorum
606 2139 739 2208 nonuplis
752 2139 905 2205 ccafiriiiol.
1145 2130 1206 2185 lum
1222 2135 1251 2184 et
1259 2130 1448 2196 admiscetur,
1463 2133 1563 2200 peccat
1572 2147 1602 2184 in
1617 2145 1746 2186 ammam
1758 2148 1854 2186 suain.
1867 2132 1970 2187 Caveat

300 2234 328 2289 6.
346 2232 462 2288 Primus
481 2245 551 2300 ergo
579 2227 723 2282 adversos
743 2225 869 2297 gentiles
892 2224 963 2280 inibi
994 2241 1091 2282 sermo
1149 2235 1216 2290 ergo
1231 2234 1268 2273 ne
1283 2215 1413 2274 stimulet
1428 2217 1534 2290 aliquis
1559 2222 1744 2290 potestatem,
1774 2237 1810 2278 ns
1840 2221 1970 2277 cassibus

265 2328 320 2389 est,
337 2320 388 2394 qui
403 2318 576 2391 plerumque
591 2316 739 2386 objectare
765 2319 997 2370 consueverunt:
1019 2315 1092 2370 iteca
1147 2308 1246 2364 anima
1257 2307 1372 2363 irretita
1383 2308 1616 2380 corporeis‚vitio
1631 2325 1662 2364 se
1675 2325 1730 2364 non
1747 2310 1842 2380 possit
1857 2325 1969 2365 exuare.

265 2409 412 2484 quomodo
427 2405 585 2464 Christiani
602 2403 798 2459 innocentiam
811 2406 986 2474 sequuntur,
1003 2402 1091 2458 iidem
1146 2397 1289 2469 Noaergo
1305 2395 1413 2454 mirum
1429 2396 1454 2452 si
1467 2396 1555 2454 ctiam
1572 2397 1660 2453 David
1688 2399 1785 2470 specie
1801 2397 1904 2471 tapsus
1931 2405 1970 2456 est

266 2499 433 2573 preferant,
450 2495 622 2566 religionem
637 2497 823 2558 venerantur,
843 2490 1007 2547 castitatem
1040 2492 1091 2546 do·
1147 2484 1318 2557 potcstatis:
1336 2485 1496 2541 asdmulta
1511 2485 1871 2558 ampliusadmirandum,
1897 2490 1968 2560 qnod

264 2591 340 2656 cent,
356 2601 483 2659 quorum
499 2582 646 2656 principes
660 2586 688 2656 et
707 2579 866 2636 homicidia
893 2583 921 2635 st
949 2577 1093 2635 adulteria
1147 2573 1214 2629 tidei
1230 2571 1476 2646 contemplatione
1492 2577 1652 2631 revocatur.

262 2678 367 2734 iecisse
382 2672 571 2748 produntur?
587 2671 651 2742 ipse
666 2669 756 2726 David
774 2670 809 2724 de
824 2668 910 2741 cujus
925 2685 1041 2741 genere,
1060 2673 1092 2723 ut
1182 2673 1225 2727 10.
1242 2670 1366 2726 Videtur
1380 2671 1470 2743 igitur
1489 2672 1566 2743 quod
1587 2675 1719 2744 potestas
1732 2671 1795 2728 bisc
1822 2673 1971 2732 1111111111

263 2765 371 2836 dicitis,
397 2763 478 2820 nasci
503 2760 636 2816 Christus
659 2758 755 2831 elogii,
786 2757 943 2812 homicidia
974 2775 1029 2813 sua
1064 2763 1092 2812 et
1147 2762 1314 2833 frequenter
1330 2757 1400 2815 nibil
1418 2759 1520 2833 prosit,
1536 2763 1565 2815 et
1579 2759 1754 2833 plerumque
1768 2761 1863 2818 obsit:
1894 2779 1970 2836 soepc

263 2849 591 2910 adulteriadecantavit.
608 2851 642 2902 Et
656 2847 757 2919 quates
774 2851 897 2919 possunt
910 2863 975 2902 esse
1002 2846 1090 2902 disci·
1146 2850 1225 2907 enim
1241 2849 1333 2920 culpa
1353 2849 1448 2904 exitus
1474 2849 1504 2904 in
1533 2849 1706 2906 auctoritate
1733 2854 1779 2906 est
1807 2853 1970 2923 potestatis

264 2942 337 3014 puli,
352 2955 478 3013 quorum
493 2937 568 2994 tiles
583 2935 716 3010 magistri
727 2936 824 2991 santi
1144 2938 1209 2995 Noti
1224 2937 1325 3010 igitur,
1341 2937 1509 3008 quicunque
1524 2952 1555 2992 es
1571 2952 1629 3004 rex,
1647 2936 1683 2992 de
1697 2937 1831 3008 potentia
1844 2939 1970 2994 etiacut·
2050 3013 2051 3016 Ἴ

298 3033 328 3085 7.
343 3029 416 3096 Quid
433 3027 543 3100 igitur‘l
558 3027 704 3098 Negamus
717 3025 837 3090 iactum,
849 3041 886 3079 an
900 3022 1091 3096 repudiamus
1144 3030 1203 3082 iate
1218 3041 1414 3100 presumera;
1430 3041 1480 3081 cor
1494 3025 1572 3080 onim
1588 3024 1665 3098 regis
1681 3025 1709 3080 iii
1726 3043 1818 3083 manu
1846 3027 1968 3092 Domini,
2050 3017 2051 3040 ¹

263 3116 463 3194 magistrum?
479 3115 555 3171 Nihil
572 3115 687 3170 borum.
698 3114 754 3169 Sed
770 3113 821 3185 qui
836 3112 963 3185 speciem
978 3113 1087 3183 objicit,
1147 3115 1208 3172 Noli
1223 3115 1276 3170 tibi
1291 3115 1328 3169 da
1344 3113 1518 3186 populorum
1535 3115 1715 3184 subjectione
1730 3114 1879 3171 blandiri:
1904 3117 1969 3188 quia

262 3206 503 3264 communitatem
519 3203 692 3259 consideret·
709 3201 826 3274 Species
842 3201 980 3279 facilest,
1007 3165 1125 3256 com-C
1145 3221 1203 3262 non
1219 3203 1380 3260 salvabitur
1394 3219 1443 3258 roa
1459 3218 1509 3274 per
1531 3202 1749 3260 multitudinem
1767 3203 1886 3260 virtutis
1914 3223 1969 3260 suar

262 3297 393 3353 munitas
405 3300 526 3350 nature.
542 3291 619 3347 Nibii
633 3307 701 3362 ergo
718 3289 823 3344 niiruin
840 3290 865 3344 si
882 3290 1088 3362 ictragenera-
1143 3311 1196 3349 noc
1211 3294 1294 3367 gigas
1306 3289 1404 3347 salvas
1424 3291 1479 3346 erit
1493 3291 1522 3346 iii
1539 3289 1727 3347 multitudine
1749 3293 1868 3350 virtutis
1898 3311 1967 3349 siis.

261 3384 374 3441 litatem
390 3383 502 3456 specics
516 3385 570 3436 est.
587 3385 721 3451 agnosco
737 3378 816 3433 enim
830 3378 981 3432 bominem
997 3377 1088 3433 luisse
1142 3383 1206 3438 Noa
1222 3381 1299 3436 enim
1316 3379 1345 3434 in
1359 3378 1426 3436 alti
1450 3379 1706 3436 tabernaculorum
1736 3378 1878 3454 fastigiis,
1909 3397 1969 3454 pre

262 3473 363 3540 David,
376 3476 405 3528 et
419 3470 494 3527 nibil
509 3469 637 3524 mirum:
654 3483 781 3539 agnosco
792 3483 959 3532 commune,
984 3471 1017 3521 ut
1039 3467 1089 3522 bo·
1142 3470 1275 3541 tiosoque
1288 3472 1432 3524 tectorum
1447 3465 1584 3532 culmine,
1599 3467 1649 3523 sed
1678 3485 1767 3540 super
1794 3469 1966 3525 timentibus

261 3580 310 3620 irio
325 3567 433 3635 peccet.
450 3559 507 3615 Nec
525 3559 605 3614 enim
630 3574 704 3612 nova
732 3555 888 3611 infirmitas
914 3553 1088 3611 conditionis
1141 3573 1208 3614 euin
1225 3558 1298 3612 benc
1313 3555 1453 3628 placitum
1469 3563 1513 3612 est
1529 3556 1661 3624 Domino,
1678 3564 1707 3612 et
1721 3556 1768 3614 bis
1780 3558 1831 3630 qui
1847 3563 1966 3630 sperant

261 3652 408 3715 bumana,
425 3649 579 3721 magisque
591 3647 698 3702 mirum
708 3645 822 3700 videtur
837 3645 862 3700 si
871 3644 959 3700 homo
970 3649 1092 3716 peccato.
1142 3661 1231 3716 super
1246 3644 1448 3700 misericordia
1469 3645 1542 3716 ejus.

261 3746 368 3806 carcat,
385 3755 474 3809 quam
495 3738 519 3792 si
535 3741 688 3808 peccatum
714 3733 831 3805 aliquod
848 3733 973 3788 affectet.
997 3733 1089 3805 Igitur
1179 3734 1221 3788 11.
1239 3733 1393 3788 Lubricsni
1410 3730 1500 3806 igitur
1511 3732 1645 3788 videmus
1656 3733 1691 3788 ad
1703 3733 1773 3789 vitia
1784 3738 1969 3806 potestatem,

262 3828 392 3902 peccavit
407 3828 445 3899 (3)
461 3829 581 3882 sanctus
597 3824 698 3891 David,
716 3821 797 3878 nulio
811 3821 949 3893 ambiguo
963 3837 1014 3875 vos
1043 3825 1087 3876 te·
1142 3838 1194 3878 nec
1208 3825 1306 3878 tamen
1321 3836 1437 3893 semper
1452 3821 1587 3877 inflexam
1603 3821 1908 3894 dixerim:quoniam
1928 3841 1970 3878 is·

261 3918 347 3985 nebo,
369 3914 437 3970 iecit
464 3913 654 3980 adulterium,
681 3914 867 3965 commentus
894 3915 938 3964 est
966 3908 1088 3965 homici·
1141 3911 1199 3985 gaii
1215 3914 1355 3983 potestate
1369 3909 1527 3965 sublimem
1543 3915 1571 3966 et
1597 3911 1687 3967 David
1715 3911 1845 3984 legimus
1874 3912 1969 3968 cuitus

191 4035 195 4043 ,
262 3997 833 4073 dium,etcommantusestetperegit.
851 3998 982 4053 Peccavit
1008 3998 1087 4069 quod
1142 4000 1258 4056 auxisse
1273 3997 1396 4068 divinos,
1409 4002 1438 4054 et
1449 3998 1635 4055 Salomonem
1646 3998 1789 4072 tempium
1802 4000 1862 4056 Deo
1874 4016 1971 4057 ronse·

260 4094 355 4151 soient
369 4107 472 4164 reges;
490 4089 540 4145 sed
556 4086 757 4160 peonitentiam
769 4085 861 4158 gessit
871 4091 899 4141 et
911 4085 1000 4153 licvit,
1010 4086 1087 4158 quod
1141 4104 1250 4144 crasse.

260 4181 533 4252 conscicntreges.
552 4176 675 4249 Rogavit
702 4174 828 4242 veniam,
858 4190 917 4229 noa
946 4191 1089 4246 arrogans
1128 4166 1132 4176 ’
1173 4179 1222 4231 it.
1240 4174 1505 4248 Nunciiludquod
1527 4177 1764 4250 perstrinximus,
1792 4195 1971 4236 asseramus.

260 4270 423 4344 potcstatis,
440 4269 491 4324 sed
502 4265 684 4322 infirmitatis
699 4280 758 4320 siiae
774 4263 929 4325 conscius,·
959 4267 1087 4334 prostra·
1142 4265 1310 4321 facultatem
1332 4264 1506 4336 imperandi,
1527 4265 1706 4322 incentivum
1727 4281 1792 4322 esse
1821 4267 1970 4340 peccandi,

263 4359 355 4415 tasin
373 4365 479 4414 terram
499 4356 594 4413 cilicio
617 4372 648 4411 sc
678 4352 803 4427 operuit,
829 4351 940 4408 oblitus
969 4351 1086 4423 imperii
1141 4354 1347 4410 sisenandum
1365 4353 1491 4408 historia
1518 4355 1624 4410 seriem
1653 4371 1881 4427 prosequamur.
1911 4357 1969 4412 tion

259 4448 534 4518 etmemorcutpae.
1142 4441 1336 4499 adulterasset
1351 4441 1441 4497 David
1469 4442 1558 4498 alieni
1584 4444 1636 4515 Jus
1664 4443 1751 4510 thori,
1783 4447 1812 4498 et
1841 4443 1968 4501 loedcraii

295 4541 323 4589 8.
340 4535 430 4597 Quem
447 4532 519 4586 mibi
536 4532 660 4603 hujusce
675 4529 753 4586 modi
765 4527 892 4601 reperias
908 4528 1001 4583 virum
1016 4529 1092 4585 710
1107 4533 1130 4596 Ι)
1146 4537 1231 4605 pacta
1246 4531 1386 4603 conjugii,
1403 4532 1460 4587 nisi
1475 4532 1586 4588 nudam
1601 4537 1630 4588 et
1641 4531 1787 4588 lavantem
1819 4535 1966 4590 mulierem

261 4637 320 4696 quo
335 4619 366 4675 in
383 4622 526 4692 potestate
541 4620 716 4676 constitutus
731 4633 789 4672 nori
806 4616 1091 4690 magispeccatasua
1145 4623 1181 4676 dc
1196 4621 1303 4677 domus
1317 4636 1378 4676 suae
1400 4621 1589 4676 interioribus
1603 4619 1734 4677 vidisset.
1751 4621 1786 4678 bi
1805 4621 1871 4679 ideo
1900 4624 1966 4677 bene

294 4735 332 4810 (2)
343 4735 464 4800 Quando
479 4735 598 4806 quidem
611 4750 691 4803 piena
705 4738 743 4787 eii
770 4747 851 4788 aonae
879 4730 1018 4800 vindicte,
1045 4732 1090 4804 lag
1139 4735 1717 4808 judicesessedebeni:ingravioribus
1743 4738 1839 4809 paenis
1865 4736 1963 4793 sei-eri·
2050 4711 2051 4793 i

259 4810 319 4866 13.
348 4807 412 4889 Dig.
439 4807 485 4862 tit.
531 4807 564 4862 ile
599 4806 672 4860 cert.
703 4805 800 4873 signif.
830 4802 885 4858 col.
917 4804 997 4870 1835,
1027 4811 1089 4859 rect
1142 4814 1232 4863 tatem
1250 4806 1962 4892 legumcurriatiquotempeiamantobenignitatis
2050 4821 2051 4878 3

257 4886 448 4951 consequitur
471 4878 547 4933 inter
576 4881 729 4947 utramque
756 4890 817 4928 reni
846 4874 968 4928 inveniri
984 4874 1088 4930 debere

217 4997 222 5000 .
257 4951 485 5024 proportionem.
506 4951 686 5020 Quapropter
700 4945 863 5000 conditores
873 4945 1088 5018 legum‚varias

258 5039 359 5096 pinnas
385 5022 473 5078 variis
488 5021 662 5076 criminibus
686 5017 873 5088 assignando,
901 5033 1087 5089 summopere

257 5103 291 5149 ut
317 5095 363 5149 bis
377 5092 433 5148 ille
450 5093 669 5165 responderent,
700 5092 932 5170 prospexerunt..
949 5087 1004 5143 Sed
1032 5089 1087 5144 bac

257 5165 294 5220 de
308 5181 339 5220 re
355 5164 385 5221 in
401 5165 569 5220 universum
586 5161 803 5233 sapientissime
818 5163 995 5231 precipitur,
1012 5162 1084 5216 tom.

1145 4879 1298 4950 subsequi.
1315 4900 1329 4928 i
1347 4877 1447 4949 Neque
1460 4878 1507 4934 bis
1523 4878 1634 4936 absona
1650 4879 1739 4935 tradit
1756 4879 1902 4936 Horatius.
1917 4877 1961 4932 tib.

1143 4951 1257 5006 lSerm.
1275 4953 1330 5006 sat.
1347 4949 1374 5016 3,
1390 4949 1440 5004 ubi
1457 4950 1499 5005 sic
1514 4949 1620 5006 babet:

1204 5081 1371 5132 Ponderibus
1385 5081 1554 5146 modulisque
1567 5083 1623 5133 suis
1637 5082 1705 5134 ratio
1723 5023 1868 5134 uoi'ii'ifii
1879 5032 1931 5133 iiosn

1203 5146 1236 5196 Ut
1250 5157 1365 5209 quisquc
1380 5149 1428 5206 est,
1445 5146 1482 5194 ita
1499 5147 1636 5208 suppliciis
1652 5145 1750 5197 delicta
1765 5149 1889 5198 coercet?

257 5235 360 5305 3paod
380 5236 410 5291 ii.
434 5236 491 5308 leg.
518 5237 562 5290 ia.
594 5235 639 5289 iii.
669 5231 702 5287 ile
726 5232 825 5303 pieriis,
855 5229 910 5285 col.
945 5231 1026 5298 1556,
1056 5231 1085 5285 in
1140 5224 1279 5281 Etinirii:

259 5306 337 5360 bunc
352 5307 492 5363 moduni:
510 5329 523 5355 a
540 5302 777 5376 Perspiciendum
798 5305 842 5356 est
866 5301 1022 5371 judicanti,
1049 5318 1087 5356 rie

259 5376 330 5446 quid
344 5384 395 5432 aut
405 5378 520 5441 darius,
535 5381 586 5433 aut
600 5373 753 5431 remissius
768 5373 976 5440 constituatur,
993 5389 1083 5442 quain

259 5462 348 5501 casus
359 5449 462 5517 poscit.
478 5449 534 5503 Nec
549 5447 627 5504 enim
641 5451 691 5501 aiii
706 5443 869 5500 severitatis
884 5448 935 5498 aut
959 5443 1084 5499 clemeri·

259 5514 414 5583 tiegtoria
433 5519 595 5573 aliscianda
621 5522 681 5572 ast:
712 5515 762 5570 sed
792 5530 935 5586 perpenso
960 5515 1085 5584 judicio,
1140 5519 1232 5590 lpiiiir
1258 5522 1361 5590 peceat,
1390 5517 1474 5574 Rom.
1501 5535 1534 5574 ac
1565 5537 1627 5576 mss
1667 5522 1736 5587 duo,
1765 5537 1846 5594 quam
1880 5519 1905 5572 si
1928 5529 1954 5568 iii
2050 5527 2051 5572 t

1203 5359 1314 5420 Regula,
1327 5359 1442 5422 peccatis
1456 5373 1516 5424 quoe
1531 5373 1626 5424 poenas
1639 5361 1739 5424 irroget
1749 5298 1874 5424 inliniri..lt

1176 5445 1305 5528 (aitiori.
1321 5447 1494 5517 braquam
1522 5450 1548 5503 si
1560 5451 1702 5520 peccatam
1728 5449 1862 5519 iniquitas
1885 5445 1953 5526 [erit
2050 5499 2051 5516 χ

259 5590 348 5718 proiit
365 5602 504 5667 ‘quasque‘
522 5605 568 5642 ros
594 5591 780 5669 eapostutat,¹
807 5585 996 5667 statuendum
1030 5592 1084 5642 cst.
1139 5589 1404 5671 peeeeiuiqiiieiilci.
1420 5591 1492 5672 Fecit
1511 5591 1599 5661 ipiliii·
1620 5601 1787 5666 peccatrici,
1813 5595 1863 5650 eie.
1892 5581 1954 5644 Gill-

284 5653 349 5712 tane
363 5670 394 5710 ic
408 5654 564 5715 levioribus
578 5672 676 5716 causis
698 5672 849 5728 proniores
869 5657 906 5716 ad
934 5655 1085 5717 lenitatem
1140 5664 1170 5720 ct
1184 5665 1278 5719 ceteri
1294 5676 1366 5722 mss.
1383 5665 1417 5717 ut
1428 5677 1459 5720 iii
1475 5666 1564 5721 textu.
1693 5677 1695 5682 ’
