4159 6184
128 343 187 408 ert
731 347 846 412 craso
869 349 920 411 oa
941 333 1048 413 sues
1070 347 1231 414 secun.
1770 344 1831 410 ere

130 493 193 538 rum
208 477 282 537 torte
298 479 379 536 dices
394 478 464 553 cuia
478 481 508 538 et
520 479 556 538 de
571 479 720 538 Salvatore
735 480 871 556 legimus,
885 482 955 555 quie
969 483 994 550 Α
1009 497 1085 555 quoa
1099 483 1206 540 creavit
1218 481 1297 540 illice
1315 485 1344 553 et
1368 479 1507 556 suscepit,
1532 483 1582 539 sed
1608 477 1702 538 multo
1724 479 1831 556 magis,

133 591 142 620 ι
158 568 237 626 sieut
250 567 351 642 iblgur
361 579 520 626 coruscans
535 571 571 626 de
586 570 641 626 sub
657 568 762 627 ooelo...
787 569 827 628 ita
850 571 906 627 erit
920 573 949 627 at
1004 573 1081 644 quod
1097 571 1128 628 tn
1143 573 1243 630 ventre
1258 588 1311 629 suo
1325 572 1406 628 verbi
1418 571 1612 630 seminarium
1623 585 1682 627 non
1693 566 1832 636 babebat,

129 657 270 716 aduentus
286 654 349 714 sitit
364 657 495 715 bominis
508 659 587 731 (iac.
603 658 739 732 xvirali.
753 657 950 716 »Benaetbic
1004 659 1073 716 ideo
1092 665 1223 717 ventrem
1245 676 1334 718 suum
1358 659 1438 730 dicit,
1462 659 1546 733 qussi
1569 655 1829 733 pretiosissimum.

129 746 203 805 deut
216 745 326 820 miger,
344 747 413 820 quit
427 761 518 820 snpra
531 747 641 824 fulgur.
657 746 788 821 Denique
802 747 901 824 iblgur
913 748 950 805 de
1004 748 1153 806 Pretiosos
1167 750 1246 805 enim
1261 749 1370 807 mentis
1382 754 1483 807 uterus
1497 753 1551 818 est,
1576 748 1608 805 in
1623 764 1681 821 quo
1705 743 1834 804 iecunde

128 835 180 893 sub
194 834 289 892 coelc:
302 834 403 892 lumen
420 841 517 893 autem
533 849 635 893 rerum
650 849 740 910 supra
749 833 865 893 amium.
877 835 950 911 ergo
1005 853 1090 911 seges
1102 837 1292 895 consiliorum
1301 837 1380 895 verbi
1391 825 1656 911 semisepuiiulare
1668 835 1832 906 consuevit,

126 927 248 982 &tanae
262 922 340 982 sieut
355 923 465 998 itrlgur,
481 923 552 999 quie
567 923 731 982 smisitboc
741 924 818 997 quod
829 923 949 982 babuit:
1005 929 1034 982 et
1048 928 1112 983 vitas
1127 927 1219 984 totius
1232 927 1327 984 solent
1341 932 1428 1000 atque
1441 927 1585 984 virtutum
1603 941 1636 985 ao
1660 922 1831 999 disciplina·

126 1019 156 1071 tn
172 1019 272 1071 autem
286 1012 422 1086 recepisti
437 1015 515 1086 quod
531 1013 682 1070 emiseras.
1005 1031 1071 1072 rum
1088 1016 1221 1089 quedam
1237 1017 1370 1074 membra
1384 1014 1514 1074 formari.

160 1101 285 1160 Milon
301 1099 434 1159 euimlta
447 1100 622 1159 circaiiium
638 1102 714 1159 sicut
729 1099 952 1160 circeteeoluta
1042 1105 1086 1160 113.
1116 1104 1172 1162 Sed
1200 1109 1234 1161 ut
1260 1109 1442 1162 revertamur
1465 1105 1501 1161 ad
1531 1105 1726 1179 propositum,
1752 1103 1831 1175 quod

125 1195 170 1249 est
184 1189 340 1248 renuntia.
356 1190 430 1246 Mem
446 1190 553 1248 Gbmsti
568 1189 662 1264 gratia
683 1205 748 1264 qua
771 1193 800 1246 te
822 1189 949 1255 resolvit,
1006 1191 1151 1249 malitiam
1166 1193 1244 1250 Deus
1267 1193 1484 1268 reprimendam
1508 1193 1626 1252 interim
1647 1190 1716 1266 (88),
1740 1205 1832 1264 quam

125 1278 210 1338 illum
225 1277 372 1336 emunxit.
387 1277 484 1336 Manet
499 1279 577 1336 enim
593 1278 761 1336 maledictio
787 1279 897 1336 directa
918 1277 949 1334 in
1006 1279 1179 1341 abolendam
1194 1283 1347 1356 putaverit,
1363 1283 1403 1339 ait
1417 1282 1455 1339 ad
1473 1285 1659 1356 serpentem:
1686 1301 1700 1332 a
1715 1279 1752 1336 dt
1773 1279 1829 1336 iui-

124 1371 290 1442 aerpentem
306 1370 426 1441 propter
438 1371 522 1424 tuam
537 1367 748 1441 deceptionem.
763 1366 899 1424 dioenim
910 1365 951 1423 di·
1006 1369 1132 1428 miciliae
1146 1387 1254 1444 ponem
1270 1371 1347 1429 iuter
1361 1374 1389 1428 te
1404 1374 1433 1427 et
1446 1370 1522 1428 inter
1541 1368 1707 1441 mulierem,
1729 1371 1761 1426 et
1783 1385 1830 1429 se·

122 1463 204 1515 etum
219 1460 266 1514 est
280 1455 316 1514 ad
331 1471 399 1513 eum
412 1471 418 1513 ε
431 1475 446 1508 a
458 1454 629 1530 Maledictus
637 1459 669 1513 tu
679 1457 715 1513 ab
723 1455 861 1513 omnibus
872 1456 950 1513 m
978 1459 993 1470 ‘
1006 1475 1073 1516 meo
1088 1463 1174 1517 tuum
1189 1461 1218 1518 et
1232 1474 1333 1519 muron
1346 1459 1491 1518 mulieris.
1505 1459 1572 1532 lpse
1585 1458 1639 1516 tibi
1664 1457 1831 1518 observabit

121 1545 281 1620 pecoribus
294 1547 380 1602 terrae
395 1541 471 1614 (dea.
488 1561 531 1614 ru,
547 1545 603 1618 il).
615 1544 952 1602 »Omniumeuimcom-
1005 1552 1104 1621 ceput,
1119 1552 1190 1604 ettu
1205 1547 1286 1604 illius
1302 1547 1471 1606 calcaneum
1490 1546 1568 1621 (dave.
1593 1563 1635 1616 ur,
1660 1546 1716 1620 15).
1732 1567 1747 1596 o
1773 1544 1829 1605 titi

121 1634 224 1692 munis
239 1633 378 1692 inimicus
393 1637 447 1702 est,
461 1631 512 1708 qui
524 1632 683 1691 luitbostis
693 1633 848 1702 bonorum,
860 1637 888 1689 et
898 1649 950 1708 pro
1006 1634 1167 1692 inimicitia
1182 1640 1262 1703 sunt,
1277 1636 1317 1693 ibi
1333 1635 1481 1693 discordia
1492 1639 1538 1693 oet
1557 1634 1742 1708 nocendique
1766 1635 1830 1691 stu·

119 1724 156 1780 iis
173 1723 336 1779 damnatur
351 1737 425 1794 quos
441 1721 605 1779 adbncnon
616 1720 740 1791 leserat,
752 1721 950 1795 quoniamqui
1005 1723 1108 1780 dium:
1126 1723 1176 1780 ubi
1191 1723 1313 1781 nocendi
1330 1725 1472 1792 studium,
1495 1723 1537 1780 ibi
1560 1710 1674 1781 malitia
1700 1721 1829 1796 ponitur.

118 1811 274 1870 bominem
289 1809 374 1877 lesit,
389 1809 436 1866 oui
450 1809 504 1866 iiia
517 1811 620 1867 ,omnia
634 1811 767 1883 subjecta
780 1816 860 1880 sunt,
876 1809 952 1867 lesit
1005 1811 1081 1887 llrgo
1095 1810 1242 1869 discordia
1254 1813 1332 1869 inter
1350 1817 1515 1887 serpentem
1539 1817 1568 1869 et
1591 1810 1746 1868 mulierem
1769 1811 1831 1868 die·

118 1901 232 1960 omnis.
245 1899 439 1956 Gommunecr
448 1897 557 1956 etenim
567 1898 661 1973 legem
673 1897 770 1968 solvit,
781 1915 840 1972 qua
850 1898 948 1972 stipae
1006 1901 1110 1960 cordiae
1125 1899 1239 1958 malitia
1254 1902 1364 1959 subest.
1380 1902 1443 1959 Non
1460 1905 1506 1959 est
1529 1917 1597 1976 ergo
1623 1897 1741 1959 sublata
1764 1915 1828 1957 ma·

117 1989 236 2048 bomini
251 2001 319 2047 cum
335 1987 446 2045 caeteris
466 1985 606 2045 subditus
629 1993 683 2045 est.
708 1987 774 2045 Ideo
798 1988 948 2045 communi
1004 1990 1077 2047 litia.
1092 1989 1223 2063 Denique
1237 1995 1387 2048 servatum
1401 1992 1448 2048 est
1461 1991 1599 2064 serpenti,
1615 1992 1650 2046 ut
1661 1987 1828 2048 calcaneum

118 2079 189 2136 odio
208 2076 344 2134 omnium
364 2077 453 2148 atque
476 2076 673 2134 exsecratione
696 2075 860 2134 maledictio
884 2078 947 2149 ejus
1003 2079 1136 2136 mulieris
1151 2083 1180 2136 et
1193 2079 1316 2136 seminis
1338 2081 1402 2153 ejus
1425 2080 1568 2151 observet,
1593 2095 1651 2154 quo
1674 2081 1778 2137 noceat
1799 2081 1829 2134 st

117 2171 270 2225 onmmur.
287 2163 385 2223 Genus
401 2167 499 2222 autem
511 2163 708 2221 damnationis
723 2179 782 2221 non
793 2181 884 2234 mors,
896 2165 946 2222 sed
1000 2183 1147 2224 venenum
1162 2183 1250 2225 suum
1266 2167 1411 2225 ieibndat.
1427 2169 1490 2227 Nou
1506 2184 1575 2243 ergo
1591 2165 1778 2224 ambulemus
1792 2165 1823 2222 iu

118 2273 208 2331 prena
237 2253 379 2312 diuturne
406 2257 468 2311 est:
500 2273 514 2304 c
530 2253 625 2326 Super
651 2257 764 2326 pectus,
795 2273 809 2302 o
838 2251 946 2326 inquit,
999 2257 1135 2326 terrenis,
1164 2260 1193 2313 et
1220 2273 1341 2330 serpeus
1368 2257 1454 2314 uobis
1483 2273 1585 2314 nocere
1613 2271 1673 2313 non
1703 2253 1823 2329 poterit.

120 2368 130 2398 a
148 2351 240 2404 tuum
255 2347 284 2402 sl
296 2346 428 2401 ventrem
448 2341 613 2400 ambulabis
637 2341 730 2415 (ibid.)
745 2361 759 2392 a
784 2341 946 2398 Premenda
998 2346 1156 2402 sumemus
1177 2346 1379 2420 evangelicum
1402 2346 1634 2404 calceamentum
1657 2361 1716 2418 quo
1737 2354 1824 2400 veus-

121 2437 199 2494 enim
214 2433 272 2492 luit
285 2431 373 2490 noxia
387 2429 576 2500 conscientia,
592 2434 621 2488 et
634 2430 808 2504 proterenda
824 2428 944 2496 mulitia,
998 2449 1070 2490 num
1084 2434 1230 2508 serpentis
1243 2434 1416 2503 excluditur,
1430 2450 1547 2493 morsus
1568 2435 1633 2505 ojus
1657 2432 1820 2501 hebetatur,

123 2523 402 2596 fraudulentumque
429 2525 574 2578 secretum
597 2523 738 2594 tunquam
762 2536 779 2576 a
800 2517 850 2575 Dei
871 2519 944 2575 iacis
999 2519 1031 2579 u't
1046 2523 1141 2579 simus
1154 2521 1272 2580 calceati
1290 2523 1377 2595 pedes
1392 2523 1422 2577 in
1438 2521 1637 2595 brengeiium.
1652 2519 1822 2577 Btfortasss

124 2611 312 2688 relegendum
324 2626 331 2666 :
343 2607 433 2668 simul
445 2608 610 2666 ostenditur
619 2609 696 2681 quod
708 2606 946 2665 terrenemslitie
997 2612 1064 2668 ideo
1079 2611 1193 2685 Movere
1213 2613 1290 2669 m
1308 2612 1432 2684 iubetur
1454 2611 1565 2668 solvere
1590 2609 1821 2668 calceamentum

126 2705 170 2771 n't,
187 2717 251 2776 quae
265 2700 420 2756 interram
435 2701 577 2755 recurvet.
594 2695 864 2770 Deniquesddidit:
888 2699 945 2752 alit
998 2701 1106 2778 pedum
1123 2716 1254 2770 suorum,
1271 2703 1304 2756 ut
1320 2703 1451 2757 sumeret
1473 2697 1704 2756 calceamentum
1726 2696 1823 2753 idean·

126 2798 229 2848 terrem
245 2787 313 2847 edes
328 2801 432 2846 omnes
444 2787 510 2844 dise
523 2787 587 2843 vite
601 2791 656 2842 tue
672 2785 774 2858 (idid).
792 2807 805 2834 o
998 2784 1086 2862 getii,
1102 2788 1146 2845 vel
1163 2787 1305 2861 quianon
1321 2786 1422 2863 Moysi,
1438 2787 1469 2844 id
1495 2790 1552 2856 est,
1578 2803 1636 2844 non
1659 2783 1820 2862 prophetie,

160 2881 200 2935 tt.
217 2877 346 2936 Describi
359 2877 479 2950 quidem
494 2873 943 2948 bienetureserpentisvidetur,
999 2877 1050 2934 sed
1065 2875 1206 2951 apostolia
1227 2877 1393 2951 pradicatio
1416 2875 1565 2952 Evangelii
1588 2873 1758 2933 debebatur.
1783 2870 1824 2930 Ea

128 2967 174 3024 esd
187 2967 282 3040 magis
297 2981 446 3023 omnevse
456 2963 574 3021 melitis
586 2963 772 3031 describitur,
783 2963 946 3019 omnisser
999 2971 1044 3023 est
1058 2981 1148 3039 quem
1163 2967 1406 3039 supradiximus,
1422 2965 1500 3022 dicta
1513 2965 1544 3022 in
1567 2967 1733 3037 serpentem
1756 2977 1823 3020 sen-

130 3071 196 3128 peus
209 3053 415 3133 improbitatis,
432 3053 482 3127 qui
496 3055 670 3109 inventrem
686 3067 716 3109 ee
731 3050 841 3125 dejicit,
858 3055 945 3125 atque
998 3054 1100 3112 tentia.
1117 3056 1150 3111 ln
1164 3055 1313 3112 bominem
1332 3071 1449 3128 quoque
1462 3052 1629 3127 cujusmodi
1643 3051 1754 3110 directa
1774 3050 1823 3121 sit,

130 3145 200 3202 intra
210 3161 241 3202 es
255 3157 401 3202 uenenum
416 3157 503 3199 suum
519 3139 638 3211 claudit,
655 3145 684 3197 et
696 3140 777 3197 intus
787 3140 816 3197 in
829 3146 943 3214 pectore
998 3144 1228 3202 consideremus.

130 3233 288 3304 seorolvit,
305 3231 529 3308 cogitationibus
548 3231 612 3287 suis
634 3229 776 3298 lubricus,
801 3233 830 3287 et
854 3214 979 3302 superi}
1033 3233 1078 3290 et.
1099 3231 1271 3289 Maledictus
1293 3231 1343 3289 ille
1363 3233 1414 3306 qui
1441 3236 1543 3290 auctor
1565 3235 1611 3289 sat
1633 3228 1745 3302 culpa:
1770 3227 1823 3285 sed

131 3322 239 3380 fraudes
251 3337 323 3379 sues
333 3318 498 3388 ambulans,
511 3318 573 3376 suis
584 3317 942 3392 doliessipseimplicsue,
999 3339 1058 3379 non
1071 3321 1245 3377 maledictus
1260 3326 1307 3378 est
1321 3322 1375 3378 iete
1390 3321 1441 3395 qui
1456 3321 1552 3378 eliens
1565 3319 1669 3377 fraude
1683 3319 1823 3399 deceptus

132 3427 242 3468 movens
256 3425 373 3484 semper
385 3413 472 3482 atque
485 3407 636 3482 exagitans
657 3423 712 3464 sua
737 3421 850 3464 venena
876 3422 943 3464 cum
998 3413 1061 3479 eet;
1090 3413 1189 3466 tamen
1214 3409 1285 3483 quie
1311 3428 1368 3467 noo
1397 3410 1523 3468 servavit
1555 3410 1727 3466 mandatum
1758 3403 1822 3475 Dei,

133 3501 240 3574 cogitet,
255 3503 387 3556 ventrem
402 3511 528 3570 quoque,
544 3495 600 3552 boc
610 3499 665 3564 eet,
678 3495 868 3553 seminarium
881 3511 945 3552 cor-

134 3587 174 3646 dis
186 3587 230 3646 eui
244 3591 405 3662 proterens.
421 3583 504 3643 llude
517 3583 640 3658 pulchre
654 3585 744 3642 David
759 3586 818 3644 eit:
835 3610 849 3638 «ι
865 3585 944 3642 Alie-

134 3679 187 3734 nati
201 3681 269 3734 sunt
281 3679 448 3752 peccatores
463 3676 499 3732 ab
512 3677 605 3743 utero,
622 3677 792 3731 erraverunt
807 3679 943 3745 sventrs,

134 3766 213 3824 locuti
227 3765 391 3824 sontiates.
408 3763 500 3820 Furor
513 3762 572 3820 illis
588 3763 749 3820 secundum
775 3765 944 3822 similitudi-

137 3869 192 3912 nem
207 3854 360 3930 serpentis,
377 3853 453 3910 sicut
468 3851 579 3926 aspidis
595 3851 691 3909 surde
716 3857 744 3910 et
766 3853 945 3912 obstruentis

137 3959 210 4001 auree
224 3959 303 4013 suas,
320 3957 384 4018 que
395 3957 453 3998 non
467 3941 602 3998 exaudiet
609 3957 709 3997 vocem
718 3941 945 4014 incantantium,

137 4033 297 4098 etveneiioi
313 4047 381 4088 cum
397 4030 565 4088 incantatur
579 4045 595 4086 a
609 4031 740 4103 sapiente
768 4030 853 4102 (Prot.
879 4047 945 4102 svn,

137 4121 193 4194 id).
210 4145 224 4173 a
238 4121 359 4193 Propter
372 4119 427 4177 boc
440 4118 528 4175 etiam
543 4117 616 4174 illud
633 4117 753 4192 pulchre
769 4119 879 4177 dictum
904 4121 945 4177 vi·

139 4209 221 4280 detur,
236 4210 314 4283 quod
330 4209 360 4268 is
376 4206 451 4266 libro
466 4195 649 4281 prophetico
660 4207 804 4281 legimus:
831 4233 845 4262 a
870 4210 946 4267 Ven-

140 4301 202 4356 trem
217 4313 316 4360 meum
332 4297 426 4366 doleo,
442 4301 572 4354 ventrem
583 4311 682 4353 meum
694 4297 777 4354 doleo
787 4299 895 4371 (ierem.
907 4315 945 4356 rv.

140 4387 184 4460 tt),
200 4411 214 4439 e
228 4387 299 4462 qnia
313 4386 353 4444 ibi
369 4391 414 4443 est
427 4384 551 4458 malitia,
567 4385 617 4442 ubi
632 4385 719 4442 debet
733 4401 798 4445 esse
811 4387 948 4446 innoeen-

999 3514 1122 3573 operum
1150 3514 1273 3554 suorum
1301 3495 1400 3554 labore
1437 3497 1604 3557 damnatur.
1639 3493 1825 3554 Maledicitur

999 3585 1308 3659 seneterraideu.1rr,
1325 3588 1382 3656 17),
1397 3587 1447 3644 sed
1471 3586 1502 3643 in
1527 3587 1665 3660 operibus
1692 3585 1824 3659 peccato-

1000 3677 1059 3745 ris;
1075 3680 1104 3732 et
1127 3673 1322 3743 maledicitur,
1346 3674 1439 3731 donec
1465 3675 1629 3732 resolvatur
1647 3675 1678 3730 iu
1703 3678 1823 3731 terram.

999 3767 1150 3838 1deoergo
1165 3763 1294 3836 suscepit
1312 3762 1400 3820 iesus
1424 3779 1553 3833 carnem,
1579 3768 1612 3819 ut
1634 3761 1824 3820 meledictum

1000 3853 1097 3911 carnis
1111 3851 1280 3926 peccatricis
1296 3847 1442 3914 aboleret:
1458 3855 1488 3907 et
1500 3852 1596 3908 Metus
1610 3854 1655 3907 est
1670 3867 1721 3923 pro
1739 3848 1825 3906 nobis

1000 3942 1201 4010 maledictum,
1219 3945 1252 3998 ut
1265 3940 1429 3998 benedictio
1452 3941 1620 3997 absorberet
1643 3935 1824 3994 maledictio·

1000 4047 1079 4100 nem,
1095 4029 1248 4104 integritas
1263 4034 1427 4104 peccatum,
1442 4026 1823 4102 indulgentiasentautism,
1913 4027 1916 4034 “

1000 4121 1060 4178 vita
1075 4121 1209 4177 mortem.
1225 4119 1364 4192 Suscepit
1377 4117 1456 4175 enim
1471 4121 1499 4174 et
1513 4121 1649 4185 mortem,
1666 4119 1699 4172 ut
1719 4111 1824 4187 imple-

1001 4213 1082 4266 retur
1105 4206 1262 4277 sententia,
1286 4207 1444 4266 satisfieret
1463 4206 1613 4277 judicator
1639 4201 1825 4261 Maledictum

1001 4297 1099 4355 caruis
1125 4296 1181 4368 (3⁴)
1209 4295 1380 4368 paccatricis
1404 4311 1499 4366 usque
1523 4293 1560 4350 ad
1584 4296 1720 4350 mortem.
1746 4288 1826 4346 Nihil

1002 4401 1072 4460 ergo
1086 4385 1195 4442 luctum
1214 4388 1259 4440 est
1283 4387 1385 4440 contra
1408 4381 1585 4439 sententiam
1608 4380 1670 4446 Dei,
1695 4395 1762 4436 cum
1787 4379 1828 4436 sit

139 4475 183 4534 iia:
198 4475 313 4534 etillud
329 4474 395 4550 plus
410 4473 533 4545 laboral,
550 4472 628 4550 quod
643 4473 673 4531 in
688 4475 773 4532 nobis
788 4475 948 4534 debetessc
1002 4474 1106 4535 divina
1135 4472 1263 4530 conditio
1294 4471 1417 4544 implete
1444 4469 1606 4526 sententie.
1639 4467 1827 4528 Maledictum

140 4563 336 4638 tanquillitas:
353 4569 441 4637 atque
455 4564 485 4620 id
500 4564 636 4635 nequitia
651 4563 781 4638 vestigiis
799 4565 947 4636 proculce-
963 4581 987 4648 p
1002 4565 1081 4622 enim
1096 4561 1241 4634 usquead
1256 4563 1391 4630 mortem,
1409 4562 1475 4632 post
1491 4561 1617 4614 mortem
1641 4561 1741 4614 autem
1763 4572 1829 4630 gra·

138 4656 186 4724 tur,
200 4652 541 4726 stimulaturuuguibas,
556 4667 693 4726 processu
705 4653 833 4726 quodam
843 4654 950 4728 impro·
1003 4653 1054 4710 tia.
1070 4651 1177 4709 Mortui
1192 4665 1261 4722 ergo
1276 4647 1383 4704 seculo
1396 4663 1511 4716 eumue,
1527 4646 1598 4719 quid
1621 4646 1718 4702 adbuc
1736 4661 1829 4704 sacu-

139 4740 227 4800 bitatis
241 4743 483 4814 incrementoque
498 4741 673 4811 concutitur,
688 4741 738 4798 ubi
758 4746 803 4799 est
823 4739 950 4818 genitale
1004 4740 1032 4799 lo
1048 4737 1253 4798 decernimus?
1267 4737 1375 4793 mortui
1390 4752 1495 4794 sumus
1520 4752 1587 4792 cum
1609 4734 1735 4803 Christo,
1758 4731 1829 4804 quid

139 4831 322 4889 seminarium
339 4829 517 4904 posteritatis
541 4833 665 4887 aterne.
688 4829 812 4886 Videtur
830 4831 950 4904 quidem
1004 4829 1100 4890 adhuc
1113 4827 1177 4884 vita
1191 4826 1283 4898 hujus
1298 4829 1383 4887 actus
1404 4823 1607 4898 requirimus?
1629 4824 1751 4881 Mortem
1772 4818 1831 4894 (85)

139 4915 185 4978 boe
200 4921 236 4978 ad
252 4920 281 4978 id
297 4935 363 4977 esse
378 4917 571 4987 referendum,
598 4919 675 4991 quod
701 4917 817 4976 dolebat
840 4920 952 4994 perisse
1005 4917 1113 4978 Christi
1127 4915 1160 4974 iu
1187 4931 1307 4988 corpore
1336 4919 1437 4972 nostro
1465 4912 1711 4979 circumferimus,
1740 4913 1775 4966 ut
1801 4910 1832 4966 et

166 5099 223 5173 (33)
258 5097 367 5156 Omnes
399 5097 479 5165 edit,
512 5097 687 5170 interimque.
721 5097 886 5170 Perperam,
920 5101 953 5154 ut
1006 5099 1165 5155 buncesse
1180 5111 1319 5153 sensum:
1336 5090 1679 5172 utsatisiieretJ'udioeto
1701 5085 1760 5144 aive
1781 5087 1830 5160 Ju-

139 5174 211 5237 patct
225 5185 259 5226 aa
274 5173 334 5226 toto
359 5169 463 5241 cepitis
485 5171 639 5226 contextu:
666 5183 733 5225 vera
755 5169 845 5243 igitur
868 5167 953 5226 lectio
1008 5169 1084 5228 dicio
1098 5167 1138 5223 illi
1155 5185 1161 5235 ;
1177 5183 1292 5239 nempe,
1308 5164 1510 5230 maledictum,
1526 5167 1579 5219 stc.
1591 5161 1645 5217 Ubr
1656 5175 1714 5215 uon
1725 5155 1831 5214 obsco·

138 5247 367 5300 nostraexmee.
383 5241 440 5297 Sed
456 5239 503 5297 bic
519 5243 607 5313 etque
632 5239 701 5296 aiibi
726 5255 784 5297 non
807 5257 865 5298 uno
889 5240 953 5297 ioco
1008 5257 1039 5298 re
1054 5239 1194 5296 alluditur
1213 5240 1249 5294 ad
1278 5235 1453 5292 sententiam
1481 5233 1553 5290 Gen.
1570 5249 1612 5298 111,
1628 5247 1712 5288 versu
1742 5229 1775 5284 17
1802 5234 1832 5285 et

138 5312 281 5370 subinteili
303 5316 420 5382 emopir
437 5311 594 5394 volpertus.
610 5311 650 5370 De
669 5311 834 5384 cujusmodi
858 5311 954 5384 ellipsi
1008 5328 1071 5384 seq.
1087 5311 1188 5379 latam,
1205 5325 1264 5382 qua
1279 5307 1366 5363 bomo
1380 5304 1530 5362 laboribus
1545 5305 1581 5360 od
1597 5308 1721 5385 mortem
1737 5312 1832 5373 usque

139 5383 253 5442 torsula
289 5399 313 5440 r.
329 5381 438 5440 Sanetii
465 5381 635 5448 Minervam,
659 5382 709 5439 lib.
734 5400 773 5458 rv,
799 5399 865 5458 pag.
891 5381 953 5438 sn.
1030 5381 1158 5465 erpetuis
1196 5379 1361 5446 addicitur3
1396 5381 1429 5431 ut
1468 5375 1669 5431 antecedentia
1710 5369 1831 5446 plenum

168 5455 223 5528 (es)
237 5453 348 5512 Omnes
363 5455 443 5520 edit,
463 5454 606 5578 §sibilaret
617 5453 740 5528 judicato
763 5469 813 5526 per
838 5454 955 5510 moledi—
1008 5401 1168 5534 luerunt..
1276 5521 1281 5531 Ι
1637 5518 1642 5528 Ι
1829 5514 1835 5527 ,

140 5528 203 5582 dum
217 5529 321 5594 curule,
339 5529 394 5582 otc.
419 5521 490 5581 Mae.
513 5533 634 5598 erquot,
658 5525 802 5595 satisfieret
820 5525 955 5596 judicato,
1046 5522 1216 5597 (Sbiddvt...
1233 5517 1388 5600 paradius
1412 5517 1510 5573 seculo
1537 5518 1712 5599 deser-ovatus,
1736 5513 1834 5570 Mortuo

142 5599 310 5655 arcadicum
323 5597 417 5654 corais
431 5597 577 5652 sustineas.
592 5594 647 5651 Alii
665 5597 768 5668 majori
793 5607 914 5654 numero
929 5600 958 5652 et
1011 5609 1183 5656 sumturum
1199 5591 1375 5664 christeque
1398 5587 1532 5644 oddae...
1559 5603 1590 5644 re
1607 5602 1737 5646 ueremur.
1761 5585 1835 5642 Mor-

143 5670 317 5746 sntiquitate,
333 5667 411 5728 utin
425 5671 517 5726 textu.
532 5667 604 5746 Ejus
619 5672 717 5728 eutem
737 5666 794 5726 loci
817 5671 957 5748 putamus
1012 5657 1308 5730 renasceretur.
1324 5656 1441 5744 partim,
1468 5660 1577 5740 quido
1616 5675 1651 5720 uc
1677 5658 1711 5721 dc
1737 5655 1837 5724 stetit

292 5799 428 5866 Persou.
449 5793 531 5870 itii·
1636 5788 1677 5874 20,
