4159 6184
962 252 993 312 S.
1017 248 1206 311 AMDRDSH
1860 255 1907 319 5²8

236 424 1910 465 :tammam

425 618 429 626 ‘
561 606 970 768 SANCTl
1067 603 1608 763 lnuudstt

853 895 1140 956 MEDIOLANENSIS
1159 895 1317 953 episcopt

620 1087 731 1215 Dll
795 1081 1051 1215 istnc
1107 1082 1215 1210 ΕΤ
1274 1080 1555 1211 ΑΝΙΜΑ

876 1336 1033 1421 LIBEll
1063 1332 1221 1423 UNUS
1242 1324 1296 1419 (⁴).

418 1701 560 1761 m-bb
581 1700 696 1758 CAPUT
717 1698 871 1756 PRIMUM.
1070 1697 1094 1762 Α
1112 1695 1258 1767 Sapientis
1274 1694 1353 1751 enim
1364 1698 1408 1750 cst
1420 1710 1574 1768 segregare
1586 1712 1617 1752 se
1633 1694 1859 1770 avoluptuhhue
1869 1714 1922 1753 rar-

234 1810 443 1869 Commmdctur
460 1816 570 1865 sanctus
592 1808 669 1863 lance
688 1810 746 1861 tem
768 1822 802 1861 cc
822 1809 937 1876 paterna
950 1803 1057 1873 urigine
1111 1782 1440 1850 ¹¹5³›01‘Wll0tfflffibms
1457 1788 1544 1856 tique
1555 1783 1851 1859 ccerpoccebduccre
1862 1786 1922 1854 ;hoc

267 1887 294 1939 et
307 1883 409 1954 pretio,
426 1894 507 1952 quem
521 1894 557 1935 ex
571 1880 722 1934 Dominictc
739 1878 922 1947 parmenonis
947 1878 974 1929 ct
994 1890 1056 1945 pus·
1111 1877 1157 1926 eet
1170 1871 1247 1927 enim
1264 1888 1295 1927 se
1310 1872 1458 1927 huminem
1475 1886 1642 1947 agnoscere.
1660 1872 1715 1939 eut
1737 1872 1923 1931 Chaldaeorum

251 1956 426 2025 mim&
464 1950 908 2021 libiiffissswmttiiffilmimssr
919 1945 1058 2001 Christum
1111 1975 1247 2015 sermone
1268 1961 1344 2015 does
1363 1960 1480 2031 dicitur,
1502 1962 1604 2018 Latine
1623 1962 1724 2019 hemo.
1745 1962 1821 2019 llnce
1839 1968 1924 2020 antem

265 2041 316 2099 W
338 2026 415 2089 ¹5⁰²ss
469 2024 620 2093 ‘W’mm’
638 2022 663 2075 εἴ
686 2035 809 2075 “mmm
833 2019 1057 2090 mmmmm
1112 2049 1160 2120 qui
1178 2050 1383 2121 assumpsitct
1398 2049 1525 2124 sperauit
1540 2050 1676 2107 invocare
1690 2050 1847 2120 Deum3et
1870 2052 1925 2107 iden

266 2113 316 2169 per
329 2096 473 2151 Rebeccam
487 2094 621 2165 aperitur.
1182 2137 1188 2151 .
1618 2138 1626 2151 .
1734 2138 1741 2151 .

1111 2138 1242 2194 credetur
1255 2153 1320 2194 esse
1334 2137 1506 2194 translatus.
1521 2138 1584 2196 Non
1599 2140 1719 2196 vedetur
1732 2144 1830 2212 itaque
1849 2138 1926 2195 hemo

268 2238 295 2294 l.
316 2234 347 2293 lu
367 2236 450 2309 patre
479 2234 562 2291 nohis
592 2232 684 2289 sancti
715 2230 795 2288 lsaac
823 2230 865 2287 vel
885 2230 965 2303 origo
985 2230 1058 2286 satis
1111 2242 1186 2293 esse,
1202 2225 1259 2282 nisi
1275 2226 1370 2298 quiin
1397 2228 1487 2282 Deum
1509 2232 1618 2300 sperat.
1638 2228 1694 2293 Qui
1719 2233 1818 2285 autem
1842 2230 1928 2301 sperat

232 2320 278 2384 est
296 2340 445 2398 expresse,
463 2320 507 2380 vel
524 2321 616 2396 gratia
632 2336 639 2376 :
656 2320 754 2376 culed
774 2334 891 2375 omnem
912 2318 1059 2374 redundat
1112 2314 1142 2369 iu
1157 2314 1260 2383 Deum,
1277 2332 1334 2370 non
1351 2316 1455 2389 degere
1469 2315 1500 2371 in
1516 2317 1612 2386 terris,
1629 2318 1681 2373 scd
1707 2316 1794 2391 quasi
1813 2314 1926 2371 transla-

232 2414 355 2489 gleriam
371 2410 420 2486 (2),
436 2411 512 2485 quod
530 2414 611 2467 tanto
627 2414 655 2466 et
668 2414 729 2465 tam
745 2407 880 2466 imitabili
894 2407 954 2464 uiro
969 2410 1056 2463 natus
1112 2408 1161 2458 tus
1180 2404 1325 2459 adherere
1349 2404 1418 2470 Dec,
1435 2404 1591 2461 manifesta
1614 2404 1675 2461 veri
1699 2406 1936 2479 interpretatione¹

231 2502 354 2561 Abrahae
369 2500 444 2575 patri
460 2499 612 2573 praemium
630 2498 693 2554 luit.
710 2498 810 2570 Neque
823 2512 889 2553 vero
910 2496 983 2552 illud
1001 2496 1056 2551 mi·
1112 2492 1247 2565 signatur
1261 2493 1309 2562 tt).

232 2589 332 2661 rdbile,
348 2602 415 2648 cum
431 2590 459 2645 in
480 2604 514 2644 eo
538 2586 694 2644 Dominice
716 2585 912 2660 generationis
935 2588 964 2640 et
991 2601 1057 2657 pas·
1145 2582 1278 2637 2.Bonus
1294 2583 1382 2654 igitur
1397 2582 1479 2637 isaac
1492 2586 1695 2656 verus,ntpote
1712 2584 1929 2659 plenusgratie,

229 2680 323 2740 sienis
343 2678 437 2753 ligura
456 2674 798 2751 precesserit.Siqnidem
818 2677 847 2730 et
861 2672 969 2730 sterilis
983 2690 1058 2729 enus
1111 2672 1140 2725 et
1157 2670 1220 2725 tons
1235 2670 1350 2724 letitie.
1361 2669 1403 2723 nd
1420 2686 1508 2742 quem
1523 2668 1633 2726 tentem
1647 2672 1788 2728 veniebat
1802 2670 1929 2735 Rebecca,

230 2785 264 2829 cx
281 2766 477 2844 promissione
502 2767 550 2823 Dei
576 2763 689 2839 peperit
712 2778 791 2829 curn,
816 2768 849 2817 ut
872 2762 1057 2818 crederemus
1112 2756 1294 2829 utimplcret
1313 2758 1446 2831 hydriam
1469 2774 1556 2833 aque.
1572 2756 1650 2814 Dicit
1670 2760 1752 2817 enim
1778 2756 1931 2833 Scriptura,

230 2859 307 2933 quod
323 2858 427 2929 potens
443 2858 488 2912 cst
503 2852 582 2909 Deus
595 2853 739 2919 tacerent
753 2854 853 2923 posset
867 2855 895 2906 et
911 2849 992 2923 virgo
1006 2866 1057 2923 ge·
1110 2846 1180 2918 quia
1206 2846 1366 2903 descendens
1393 2845 1429 2902 cd
1456 2848 1567 2919 sontem,
1584 2846 1714 2921 impleuit
1747 2848 1885 2923 hyemem,
1910 2850 1933 2902 et

230 2958 342 3014 nerare,
359 2942 387 2999 et
402 2940 517 2999 oblatus
532 2940 637 2996 unicus
652 2940 685 2995 ad
709 2936 934 3006 immolandum,
956 2938 1006 3010 qui
1028 2942 1057 2995 et
1110 2934 1235 2992 arceuda't
1249 2934 1326 3004 (Gen.
1346 2952 1423 2998 xxiv,
1441 2934 1495 3008 te).
1520 2933 1679 2993 Descendit
1704 2938 1808 3011 itaque
1832 2935 1867 2993 ad
1889 2948 1932 2993 st·

230 3030 304 3108 patri
320 3046 379 3089 non
395 3028 511 3103 periret,
528 3032 557 3085 et
571 3027 691 3101 implere
707 3026 1055 3100 seeritleiumdtaqueip·
1071 3054 1095 3123 B
1111 3023 1226 3096 pientia
1241 3024 1350 3080 iontem
1370 3023 1414 3080 rel
1430 3022 1568 3094 llcclesia,
1588 3023 1633 3082 vel
1657 3026 1773 3095 anima,
1790 3031 1823 3083 ut
1846 3029 1931 3082 totum

230 3136 262 3181 sa
277 3120 397 3180 nomine
412 3118 538 3192 ligurem
553 3120 581 3173 et
591 3117 714 3190 gratiam
731 3116 838 3189 sigerat,
851 3114 931 3171 lsaac
946 3115 1061 3172 atenim¹
1110 3128 1161 3169 vas
1174 3111 1310 3185 impleret
1324 3128 1423 3180 suum,
1441 3117 1470 3169 ct
1480 3112 1612 3170 hauriret
1626 3130 1708 3188 purae
1726 3115 1875 3190 sapientie
1895 3112 1933 3169 di·

231 3214 311 3269 risus
326 3208 427 3267 Latiae
440 3204 634 3280 signtneatur,
650 3205 728 3261 risus
745 3209 842 3260 antem
857 3202 972 3277 insigne
983 3204 1057 3261 laeti·
1111 3199 1262 3274 sciphusa,
1279 3216 1353 3274 quas
1368 3200 1486 3257 haurire
1500 3202 1594 3259 iudei
1611 3204 1646 3260 de
1663 3204 1747 3262 lente
1764 3202 1875 3279 produc
1889 3218 1934 3258 no·

230 3302 276 3357 tile
291 3301 344 3356 est.
361 3292 431 3363 Quis
446 3298 544 3379 autem
569 3293 686 3367 ignorat
708 3308 781 3365 quos
805 3292 830 3348 is
853 3291 1055 3349 universorum
1111 3288 1239 3346 luerunt.
1269 3289 1340 3355 Quis
1368 3290 1424 3345 iste
1451 3290 1516 3347 lons
1541 3291 1589 3359 sit,
1614 3292 1685 3347 audi
1712 3292 1859 3349 dicentem
1875 3307 1882 3346 ι
1901 3291 1935 3346 le

234 3386 336 3446 letitia
349 3385 388 3441 sit
402 3383 453 3455 qui
469 3382 572 3438 mertis
587 3381 782 3437 formidolosa
796 3380 839 3437 uel
854 3396 958 3453 pavore
977 3398 1055 3438 com·
1110 3378 1315 3450 dereliquerant
1328 3380 1431 3451 senum
1446 3393 1528 3452 cquae
1541 3382 1614 3438 uine
1637 3380 1754 3452 (terem
1781 3398 1813 3449 n,
1833 3382 1885 3453 13).
1901 3378 1935 3434 td

234 3468 893 3549 praesentetmeroresublato,sactusomnihus
905 3470 1058 3526 estrcmis-
1111 3467 1190 3523 hunc
1205 3466 1314 3523 iontem
1330 3468 1465 3524 currebat
1479 3468 1582 3525 sitiens
1597 3470 1700 3526 anima
1716 3469 1935 3545 prophetarum,

234 3557 1057 3636 siopeccetorumlltaqueillennminahatur,etietede-
1111 3555 1233 3613 sientet
1255 3556 1341 3611 David
1364 3557 1460 3612 dicit:
1482 3556 1687 3615 Sr'tiritnaime
1712 3576 1779 3616 mec
1805 3558 1936 3617 addeum

234 3650 406 3725 signabatur
421 3664 428 3704 :
445 3646 493 3708 ille
509 3646 735 3719 exprimebatur,
751 3650 780 3703 et
795 3646 849 3703 iste
865 3647 1057 3704 annuntiaba—
1109 3648 1202 3702 vicum
1217 3644 1301 3718 (Paul.
1317 3660 1374 3713 ω,
1388 3646 1426 3718 3),
1443 3650 1475 3701 nt
1490 3646 1571 3703 sitim
1586 3661 1674 3703 suam
1690 3648 1828 3705 ubertate
1843 3645 1936 3702 divine

233 3747 290 3797 tut.
308 3740 372 3813 lpse
386 3741 431 3795 est
445 3750 533 3809 qoem
550 3736 613 3807 jam
632 3740 703 3791 tunc
719 3734 950 3808 persequebatur
965 3736 1055 3792 ancil·
1110 3734 1286 3808 cognitionis
1302 3733 1438 3807 expleret,
1452 3737 1481 3789 et
1494 3734 1671 3808 insipientie
1688 3737 1868 3810 sanguinem
1883 3732 1937 3807 epi·

233 3831 260 3886 la
276 3842 283 3885 t
299 3828 363 3902 ipse
378 3828 422 3882 est
436 3828 647 3899 propterquam
656 3825 719 3895 jam
734 3828 804 3879 tune
820 3823 984 3879 dicebatur:
998 3826 1055 3879 Ec·-
1110 3821 1262 3879 ritualium
1278 3826 1372 3896 rigatu
1388 3821 1513 3879 dilueret
1527 3821 1721 3881 fluentorum.
1738 3826 1794 3881 llic
1809 3823 1936 3882 ostentm

232 3917 302 3991 pelle
312 3916 461 3975 mavellem:
473 3929 528 3969 eea
542 3914 616 3969 cuim
626 3914 713 3969 heres
726 3912 1057 3981 eritfiliuroecillaecum
1110 3910 1206 3967 fluxus
1222 3910 1386 3984 sanguinis,
1403 3910 1480 3967 sicut
1493 3910 1641 3984 significat
1656 3910 1706 3969 lex
1723 3914 1814 3986 (teuit
1825 3930 1872 3982 xx,
1889 3908 1938 3982 ¹8).

232 4007 291 4078 filio
304 4018 363 4061 eaeo
378 4005 456 4061 isene
470 4002 545 4074 (Gen.
559 4002 675 4073 arato).
693 4001 756 4072 lpse
773 4002 817 4056 est
831 4000 877 4055 oui
893 4004 975 4072 pater
985 4000 1055 4057 alie·
1112 4000 1159 4072 qui
1176 3999 1352 4072 deoperitur,
1369 3999 1486 4072 quando
1500 4000 1546 4055 vir
1558 4001 1674 4057 sedenti
1691 4001 1722 4058 in
1747 4002 1854 4059 diebus
1877 4016 1937 4056 san·

233 4094 369 4170 nigenem
384 4090 461 4151 8⁸0
476 4088 631 4163 acquisivit
644 4104 793 4161 sponsam.
810 4088 874 4161 lpse
897 4094 942 4145 est
964 4088 1054 4159 mitis,
1110 4088 1208 4163 guinis
1224 4088 1270 4143 sui
1284 4087 1401 4144 mulieri
1420 4087 1571 4146 miscetur.
1586 4088 1697 4147 Mulier
1719 4096 1768 4148 est
1792 4086 1938 4148 delectatio

233 4178 365 4253 humilis,
381 4184 468 4253 atque
482 4182 668 4249 mensuetus,
684 4178 733 4251 qui
758 4177 891 4234 veniente
916 4178 1055 4245 Rebecca,
1109 4178 1239 4251 corporis
1254 4182 1282 4233 ct
1296 4175 1448 4233 illecebre.
1465 4176 1566 4251 ltaque
1581 4192 1651 4235 caue
1676 4194 1715 4236 ne
1738 4181 1824 4253 uigor
1838 4178 1938 4234 mentis

233 4274 288 4329 hoc
303 4268 513 4343 est,patientia,
528 4266 615 4324 exivit
627 4266 657 4322 in
673 4282 810 4339 campum
826 4266 991 4323 abalienare
1006 4268 1053 4341 (3).
1107 4272 1165 4323 tue
1190 4266 1267 4324 coitu
1292 4267 1419 4339 quodam
1445 4264 1519 4323 181
1545 4282 1692 4339 corporee
1716 4266 1882 4345 uoluptatis
1899 4264 1938 4323 in-

268 4414 291 4486 (t
322 4411 456 4492 Scriptus
470 4410 537 4466 circ.
556 4410 698 4467 eonem.
1070 4414 1156 4486 cest
1181 4410 1314 4466 animum
1334 4426 1353 4464 a
1369 4410 1455 4465 seriis
1535 4409 1684 4483 cibusque
1713 4411 1940 4487 cogitationibus

268 4490 297 4555 (2
322 4482 374 4537 the
389 4498 460 4561 mss.
477 4486 504 4535 et
523 4481 593 4537 edit.
618 4486 674 4537 vet.
699 4481 775 4537 inter
801 4497 831 4537 se
854 4481 1053 4539 consentiunt.
1110 4488 1263 4538 avocatum
1278 4478 1419 4547 relatam
1444 4496 1477 4537 ae
1521 4480 1697 4541 Ambrosius
1721 4502 1787 4541 rem
1802 4485 1841 4543 ed
1860 4481 1940 4555 spiri·

233 4550 384 4628 nisiquod
403 4549 520 4606 illorum
549 4555 609 4608 tres
632 4568 684 4624 pro
707 4554 795 4607 eamn
816 4553 891 4608 lsuec
914 4554 955 4607 ecl
978 4557 1055 4623 oripo
1109 4552 1199 4609 talem
1224 4568 1345 4608 sensum
1370 4567 1449 4607 more
1473 4567 1527 4607 suc
1550 4551 1609 4617 hic,
1631 4558 1663 4608 et
1685 4554 1768 4611 intra
1787 4573 1813 4611 c.
1829 4555 1857 4621 3,
1872 4571 1901 4609 n.
1915 4552 1939 4617 6,

232 4632 310 4697 sctis,
326 4622 445 4690 hebent,
460 4626 554 4678 cuncte
568 4624 645 4678 lance
671 4622 712 4677 cet
736 4624 812 4692 oripo
833 4624 947 4687 antehc,-
961 4629 989 4679 et
1005 4625 1053 4679 uhi
1110 4625 1280 4690 traducens,
1294 4621 1356 4678 cult
1370 4623 1445 4677 idem
1460 4638 1525 4678 esse
1539 4628 1569 4678 at
1590 4638 1627 4678 ue
1652 4641 1672 4679 a
1696 4626 1782 4683 curis
1798 4622 1939 4683 seculari·

233 4718 304 4759 mss.
321 4707 434 4760 ornnes,
450 4693 543 4749 cated
564 4708 680 4761 omnem
706 4697 772 4759 ete,
798 4694 866 4748 edit.
888 4696 1054 4767 praeterunt,
1110 4693 1391 4751 husadcoelestium
1409 4710 1506 4749 rerum
1522 4710 1550 4748 nr
1591 4694 1939 4755 itationemconvertere.

232 4791 294 4830 eum
317 4766 353 4824 cd
374 4780 514 4821 omnem...
540 4766 664 4836 primum
685 4766 758 4835 suit·
782 4764 864 4819 honr.
881 4772 1054 4823 cerototum
1108 4765 1181 4821 Vide
1204 4765 1292 4821 etiam
1312 4764 1527 4822 Commentario
1541 4766 1571 4821 in
1592 4766 1669 4838 psal,
1687 4784 1782 4826 cxvur
1806 4774 1900 4825 octon.
1915 4767 1939 4828 l,

233 4846 330 4901 locum
346 4838 386 4893 ite
398 4834 631 4892 consarcinavit:
648 4835 678 4889 ln
701 4843 783 4907 patre
805 4838 943 4893 Abrabam
966 4840 1056 4893 euecti
1108 4854 1193 4892 versu
1208 4838 1235 4903 3,
1252 4837 1328 4892 sicut
1341 4842 1370 4892 et
1384 4838 1469 4908 epist.
1486 4836 1521 4891 ad
1537 4836 1784 4921 Chronrquihus
1798 4840 1872 4897 locis
1887 4854 1942 4894 uer

233 4908 458 4979 praetenderim
476 4908 544 4962 sutis
564 4915 604 4962 cst
625 4908 703 4961 nobie
726 4921 864 4977 expresse,
881 4907 922 4963 uel
945 4911 1055 4977 pretia:
1111 4909 1181 4963 hum
1195 4916 1338 4981 ἀδολεσχεῖν
1354 4924 1405 4979 per
1420 4907 1554 4963 Latinum
1567 4908 1749 4967 hattucmcri
1759 4912 1798 4969 ah
1809 4913 1941 4982 interpre

231 5004 293 5043 cum
308 4982 343 5040 ud
357 4992 500 5035 omnen...
516 4980 541 5033 ct
561 4982 617 5033 tem
631 4977 796 5032 inimitabili
821 4980 877 5033 rire
901 4984 980 5033 nutus
998 4982 1055 5049 ipre
1109 4985 1137 5034 te
1153 4980 1297 5033 redditum
1314 4980 1414 5035 tradit.

232 5060 261 5113 in
281 5053 427 5129 preamium
449 5050 535 5121 suerit
549 5066 558 5103 :
573 5066 624 5105 uec
647 5064 702 5103 een
724 5055 752 5103 et
775 5048 845 5104 illud
867 5054 905 5105 est
927 5052 1056 5106 mirabile
1145 5052 1184 5121 (l)
1212 5050 1285 5105 edic.
1311 5051 1396 5105 Rom.
1428 5051 1458 5104 ie
1485 5050 1580 5115 Deum,
1599 5049 1696 5121 placet
1723 5058 1795 5121 Deo,
1823 5056 1943 5109 mutetur

233 5128 343 5199 quodie
357 5138 398 5187 en,
412 5128 463 5175 etc.
1109 5122 1140 5176 r‘n
1163 5123 1274 5185 metius,
1288 5138 1338 5176 aec
1361 5120 1469 5177 uidetur
1491 5120 1625 5189 dcem...
1641 5123 1713 5179 Dec.
1730 5126 1837 5181 ddecet
1857 5121 1942 5179 ducat

268 5202 306 5263 (3)
324 5198 364 5251 lte
379 5206 451 5247 mse.
476 5195 505 5246 et
528 5192 598 5247 edit.
614 5207 716 5247 omnes
741 5192 800 5244 ant.
818 5190 855 5243 At
875 5189 938 5246 sola
958 5191 1053 5249 Rem..
1108 5192 1299 5263 diciturquod
1321 5209 1377 5247 rum
1400 5193 1683 5262 calceamentaque
1707 5196 1862 5253 cavatum
1885 5209 1942 5251 eure

232 5270 318 5323 ecr'uit
332 5269 362 5322 ie
377 5278 505 5344 cempum
536 5280 564 5319 sc
600 5279 737 5329 exercere,
763 5261 811 5315 uhi
845 5262 924 5317 LXX.
948 5262 1053 5333 interp.
1109 5264 1180 5319 Deus
1194 5282 1203 5318 :
1218 5262 1288 5335 quod
1301 5264 1708 5335 menifestcinterpretctionc,
1724 5273 1783 5323 etc.
1801 5266 1940 5324 Vctcdit.

232 5338 316 5410 acqui
334 5336 434 5395 cotue.
454 5334 531 5404 apud
552 5338 628 5405 quod
666 5336 824 5408 legas‚1tat
858 5339 958 5401 ἐξῆλθεν
987 5342 1056 5393 ’teda
1109 5339 1224 5391 etmss.
1242 5334 1377 5391 hocloco
1401 5332 1472 5391 nihil
1495 5333 1678 5407 discrepant,
1703 5338 1766 5394 nisi
1793 5339 1873 5413 qued
1896 5333 1941 5391 uhi

232 5416 305 5467 αδολι
340 5416 407 5473 ἧσαι.
427 5402 534 5459 Verum
556 5403 664 5464 ultime
684 5404 820 5461 dictionis
839 5402 902 5460 loco
926 5404 1057 5462 Smma·
1110 5405 1181 5463 edit.
1195 5405 1360 5477 etquidem
1376 5421 1448 5463 mss.
1464 5403 1710 5478 habent,uiri,in
1727 5409 1943 5487 aliispluribus

232 5480 307 5539 chus
336 5476 449 5551 egebat,
468 5478 586 5546 λαλῆσαι,
618 5485 639 5534 Α
664 5477 734 5545 uile,
761 5483 877 5549 ὁμιλῆσαι
903 5422 975 5533 vide
1003 5476 1057 5533 No·
1110 5492 1143 5536 cc
1158 5477 1373 5554 probatioribus
1387 5474 1575 5555 legiturvm'.

232 5550 337 5619 cilium
352 5548 389 5612 cd
405 5551 506 5615 cadam
520 5548 654 5612 vercae
673 5548 797 5611 altenare
820 5550 918 5607 autem
939 5547 1056 5627 proprie
1122 5616 1127 5628 ¹
