4159 6184
170 343 231 412 tlt
731 345 924 415 leucosia
946 345 1168 415 PROPHD'DAE
1187 345 1319 413 batto.
1812 334 1875 413 stt

171 479 246 549 Quid
261 476 378 538 miraris
391 479 417 538 si
430 478 505 539 vidit
517 479 703 556 baptismatis
718 489 911 555 sacramenta,
927 499 995 541 cum
1011 485 1037 551 Α
1053 489 1195 542 assumat.
1211 486 1264 543 Sed
1281 485 1351 559 quia
1379 483 1478 544 omnia
1505 485 1617 559 spectat
1644 483 1673 541 et
1702 479 1775 540 nihil
1804 497 1873 540 eum

170 585 262 646 supra
276 569 390 640 dixerit,
406 570 457 626 ubi
478 571 634 645 descripsit
661 574 828 646 passionem
856 573 972 629 Domini
989 592 995 630 :
1053 575 1188 647 preterit,
1201 575 1332 632 oblivisci
1348 594 1404 634 oon
1421 580 1517 649 potest
1530 575 1608 634 sicut
1623 590 1686 642 nos,
1703 589 1778 647 quos
1790 571 1874 630 brevi

170 683 185 711 «
202 659 347 716 Dominus
362 661 457 732 pascit
472 677 530 729 me,
547 666 576 717 et
590 661 663 717 nihil
680 662 753 717 mihi
769 663 876 729 deorit;
893 663 923 718 io
935 663 997 718 loco
1051 663 1204 720 intervallo
1219 665 1360 737 temporis
1375 683 1476 722 eorum
1497 683 1560 740 quas
1577 662 1801 738 cognoverimus
1818 677 1876 718 me-

169 747 256 804 viridi
272 749 329 820 (36)
344 747 385 803 ibi
396 747 610 819 mecollocavit,
620 767 824 824 superaquam
833 751 997 807 relectionis
1052 752 1146 808 moria
1160 754 1347 828 subterfugit.
1364 757 1429 812 ldao
1448 755 1522 812 bens
1537 755 1578 811 ait
1593 758 1627 810 ut
1655 753 1759 809 faciem
1788 766 1875 807 suam

169 838 308 894 educavit
320 853 367 893 me
382 837 469 909 (Psoi.
483 840 593 907 anal,
608 840 646 911 2).
663 862 678 890 o
707 841 741 895 Et
769 840 862 896 alibi:
893 861 908 889 a
935 841 997 896 Vox
1051 845 1171 908 avertat,
1188 860 1246 899 nou
1262 845 1387 917 abipso,
1405 861 1440 901 ne
1456 841 1772 900 deficiatdestitutus:
1794 838 1876 896 seda

170 924 288 982 Domini
317 942 406 1001 super
437 943 541 999 aquas,
569 927 648 984 Deus
676 929 840 1001 majestatis
870 929 997 986 intonuit
1051 931 1188 1000 peccatis,
1202 936 1236 987 ut
1250 933 1326 989 vires
1341 933 1525 1004 nonpossint
1550 930 1658 989 habere
1686 933 1806 1003 peccata
1833 929 1875 1002 ip·

170 1015 257 1088 (Psal.
274 1029 373 1083 nvnc,
389 1015 428 1086 3).
445 1037 460 1064 »
474 1015 510 1071 llt
524 1016 560 1072 de
576 1016 640 1089 ipso
655 1022 835 1073 sacramento
863 1017 920 1090 (31)
936 1016 996 1089 ple·
1051 1018 1125 1073 sius.
1142 1021 1219 1084 Quos
1234 1021 1312 1077 enim
1329 1021 1434 1095 aspicit
1448 1022 1600 1088 Dominus,
1611 1018 1771 1090 illuminat,
1787 1021 1816 1074 et
1843 1017 1873 1075 iu

170 1103 240 1159 nius
254 1102 349 1159 dixit:
368 1124 382 1153 o
398 1102 511 1160 Parasti
526 1103 556 1160 in
581 1111 819 1178 conspectumeo
851 1122 995 1177 mensam,
1050 1105 1133 1162 vultu
1150 1111 1265 1166 Domini
1280 1111 1373 1183 pietas
1389 1115 1476 1184 atque
1495 1110 1679 1183 indulgentia
1706 1113 1760 1164 est.
1789 1107 1872 1163 Ideo·

169 1191 365 1266 impinguasti
380 1192 411 1248 iu
427 1191 489 1250 oleo
504 1200 711 1266 caputmeum,
724 1199 752 1251 et
763 1195 899 1267 poculum
911 1199 995 1250 tuum
1051 1210 1108 1267 que
1123 1198 1171 1253 bie
1186 1199 1248 1271 ipse
1263 1201 1304 1256 alt
1320 1218 1326 1255 :
1343 1224 1357 1250 a
1373 1201 1413 1258 De
1428 1199 1512 1256 vultu
1527 1204 1578 1256 tuo
1595 1197 1744 1272 judicium
1773 1212 1872 1253 meum

169 1281 332 1348 inebrians,
348 1297 438 1354 quam
454 1281 627 1354 pomulorum
642 1289 687 1339 est
701 1283 787 1354 (Paul.
803 1300 873 1352 anu,
889 1282 916 1356 5)
933 1285 940 1339 1
1050 1287 1170 1356 prodeat
1180 1287 1266 1360 (Paul.
1282 1307 1340 1360 xvi,
1355 1291 1383 1361 2)
1400 1309 1407 1358 ;
1424 1313 1438 1339 o
1455 1290 1490 1346 da
1502 1289 1585 1345 vultu
1600 1287 1678 1346 enim
1694 1285 1810 1344 Domini
1825 1301 1871 1341 ve·

432 1371 505 1427 087
528 1370 645 1428 CAPUT
665 1372 737 1428 Xlll.
1051 1373 1177 1440 nia,non
1190 1393 1274 1448 poena
1289 1377 1428 1450 pmcedit.
1446 1378 1604 1450 Rogandus
1620 1380 1665 1434 est
1677 1391 1746 1449 ergo
1761 1376 1794 1430 ut
1818 1389 1872 1429 nos

170 1459 268 1525 word,
283 1459 341 1516 selo
355 1457 464 1531 [murce
477 1462 648 1516 remissionis
662 1463 761 1516 audito
776 1469 912 1518 recreatus
938 1465 997 1532 tore
1051 1463 1182 1536 aspiciat,
1200 1470 1309 1522 avertat
1337 1473 1436 1523 autem
1461 1467 1564 1523 taciem
1589 1483 1674 1523 suam
1701 1482 1718 1522 a
1746 1462 1873 1535 pecualis

205 1538 238 1587 ¹⁴¹
251 1546 311 1587 ⁰⁸⁸⁰
326 1530 478 1586 lumniam
492 1533 628 1596 mum·
639 1533 765 1603 Vraedl‘cl'l
777 1550 789 1594 ι’
803 1542 828 1588 ⁶²
855 1551 915 1606 ‘1²1ae
940 1535 996 1588 iim
1053 1553 1212 1616 nostris,ut
1227 1555 1321 1612 deleat
1335 1573 1378 1612 ea.
1395 1556 1464 1621 Quae
1477 1557 1557 1613 enim
1574 1572 1630 1612 nun
1647 1553 1761 1626 aspicit,
1785 1550 1872 1622 delet,

206 1603 257 1657 illc
271 1605 284 1655 t
298 1601 456 1672 docendum
470 1603 556 1658 Deum
569 1606 600 1658 at
612 1605 710 1674 sociem
727 1608 862 1660 oucrtotc
882 1607 998 1676 pcccatis
1290 1644 1295 1654 .
1501 1645 1506 1656 .
1617 1644 1622 1655 .
1756 1641 1761 1652 -
1830 1639 1835 1650 ·

204 1675 318 1739 mm,
334 1673 414 1728 mam
427 1689 490 1729 vem
505 1673 540 1729 ad
549 1690 599 1731 nos
613 1679 760 1732 convertat·
777 1676 844 1731 nem
854 1678 925 1731 sicut
936 1692 997 1747 pec·
1051 1646 1080 1697 et
1094 1659 1159 1712 quae
1174 1642 1320 1711 deleverit,
1337 1661 1371 1701 ea
1386 1645 1721 1717 memoriasepelrentur,
1738 1643 1815 1696 srcut
1828 1657 1872 1711 rp-

204 1749 307 1812 ffltum‚
323 1746 744 1817 {metensquitmmqwjus
762 1750 839 1816 07590
867 1755 915 1813 ὃς),
943 1748 995 1802 (η’.
1052 1743 1083 1785 se
1099 1731 1241 1789 Dominus
1256 1734 1298 1787 ait
1314 1749 1320 1786 :
1337 1757 1351 1782 «
1367 1735 1427 1806 Ego
1444 1751 1521 1802 sum,
1537 1749 1590 1804 ego
1619 1749 1684 1788 sum
1716 1729 1767 1802 qui
1790 1726 1872 1784 deleo

204 1816 273 1887 plici
286 1817 395 1872 racione
409 1817 480 1885 tolli,
497 1833 556 1889 quae
570 1818 704 1888 aperitur.
1051 1819 1221 1892 iniquitates
1232 1826 1309 1889 tuas,
1326 1827 1354 1877 et
1369 1839 1482 1878 memor
1496 1839 1554 1876 non
1570 1837 1618 1876 ero
1635 1837 1641 1876 :
1659 1823 1690 1874 tu
1707 1820 1805 1874 autem
1816 1831 1874 1870 me·

204 1904 250 1959 60.
266 1903 369 1960 Merito
384 1904 532 1978 arguistis
548 1922 665 1978 quoque
677 1906 812 1963 exultans
826 1906 888 1962 ait:
907 1930 920 1957 α
937 1909 995 1963 Au·
1054 1923 1117 1963 mor
1131 1913 1193 1965 esto
1209 1914 1237 1965 ct
1248 1909 1418 1981 judicemur
1433 1913 1495 1982 (loo.
1513 1927 1591 1978 ιιιιι,
1607 1910 1652 1976 25,
1669 1905 1754 1978 26).»

168 1992 245 2049 ditni
261 2009 327 2049 mea
341 1992 427 2049 dabis
441 1993 583 2066 gaudium
598 1998 627 2051 et
642 1994 792 2051 letitiam:
812 1999 841 2052 et
868 1995 995 2053 exsulta-

167 2081 245 2137 bunt
257 2097 327 2139 ossa
339 2081 496 2138 humiliata
510 2083 595 2155 (Paul.
611 2101 636 2152 c,
654 2084 709 2155 10).
728 2107 741 2133 a
771 2084 914 2152 Probasti,
943 2086 997 2142 Do-

168 2169 344 2238 minelesu,
358 2169 428 2242 quis
448 2187 601 2243 nunquam
628 2172 718 2228 verba
745 2177 795 2229 tua
823 2177 997 2246 pretereunt

168 2261 283 2332 (Metti.
299 2276 376 2326 mv,
391 2259 447 2331 35).
463 2260 595 2317 Probasti
606 2259 681 2317 illud
702 2261 902 2335 evangelicum
918 2264 995 2336 quod

168 2347 270 2405 dixisti
287 2365 293 2402 :
312 2372 324 2400 ι
343 2346 428 2404 Μυ111
444 2348 590 2421 prophetae
606 2355 635 2404 et
645 2350 719 2421 J'usti
733 2349 887 2407 voluerunt
901 2350 996 2407 videre

167 2453 235 2510 qnae
249 2436 363 2504 videtis,
379 2440 407 2493 et
421 2437 522 2492 audire
536 2454 600 2509 quas
608 2437 896 2511 auditis(llatth.n1n‚
912 2440 967 2513 17).
980 2463 994 2489 o

166 2527 243 2583 Ecce
257 2525 348 2583 David
364 2523 426 2582 solo
441 2525 558 2582 letatur
572 2526 686 2594 auditu,
703 2527 772 2599 quia
792 2527 891 2584 lutura
918 2533 996 2586 esset

166 2617 355 2689 peccatorum
368 2614 515 2682 remissio,
531 2620 560 2670 et
587 2615 743 2689 prophetat
770 2616 840 2689 quia
866 2617 994 2674 exsulta·

165 2701 506 2762 bantossahumiliata.
523 2701 605 2760 Sicut
629 2705 730 2761 amaia
753 2705 829 2777 justi
852 2721 921 2761 ossa
949 2707 993 2762 di·
1067 2747 1072 2757 .

165 2797 235 2850 cent
251 2809 258 2847 z
274 2814 289 2842 a
306 2792 438 2859 Domine,
455 2791 523 2864 quis
538 2791 646 2848 similis
661 2794 714 2848 tibi
739 2795 824 2866 (Paul.
856 2811 991 2862 cxmvrn,

164 2882 207 2953 9),
221 2901 238 2933 a
252 2879 295 2936 sic
311 2902 326 2930 «
340 2880 529 2936 exsultabunt
543 2897 612 2938 ossa
624 2880 790 2948 humiliata,
802 2905 817 2932 »
833 2881 992 2938 humilian-

164 2970 207 3026 tis
221 2968 334 3025 scilicet
348 2967 477 3025 animam
492 2986 577 3027 suam
594 2970 676 3042 justi.
693 2970 910 3044 Dicunturergo
925 2987 993 3027 ossa

165 3059 291 3115 virtutes
308 3076 315 3127 ;
332 3057 472 3114 dicuntur
490 3075 558 3115 ossa
571 3058 650 3115 velut
665 3059 785 3131 quidam
808 3059 899 3115 animi
928 3077 990 3116 mo-

164 3152 217 3204 tus
229 3145 274 3202 vel
290 3146 406 3213 anime,
422 3146 471 3219 qui
488 3151 585 3204 motus
599 3146 794 3203 humiliantur
808 3149 945 3221 peccatis,
961 3153 989 3204 et

165 3233 315 3293 ueniunt
329 3234 428 3308 gratia
444 3234 640 3307 (attrectastis
656 3253 776 3292 munere
792 3254 798 3292 ε
812 3236 951 3294 dicuntur
965 3242 994 3293 et
1006 3228 1028 3294 C

165 3341 237 3382 ossa
249 3323 350 3397 populi
364 3323 561 3380 Ecclesiarum
577 3343 584 3394 ;
601 3326 679 3381 unde
694 3325 785 3382 habes
799 3325 909 3381 dictum
924 3331 953 3382 et
963 3327 992 3382 in

165 3412 282 3486 psalmo
299 3428 306 3468 :
323 3411 693 3470 «Nonestabsconditum
713 3431 746 3470 os
775 3430 885 3482 meum,
914 3416 992 3487 quod
1049 3455 1055 3466 .

1087 2043 1131 2098 62.
1155 2044 1307 2099 Peccatum
1338 2048 1437 2100 autem
1466 2047 1518 2101 aut
1546 2044 1673 2100 donatur
1700 2041 1748 2113 (Dc
1774 2039 1873 2111 poenit.

1052 2131 1120 2188 dist.
1137 2133 1164 2198 3,
1189 2149 1252 2204 cap.
1277 2133 1328 2188 lllc
1352 2149 1414 2201 rec,
1442 2135 1457 2204 5
1484 2135 1630 2191 Peccatum
1657 2134 1705 2186 out
1733 2127 1872 2198 donatur),

1051 2223 1102 2275 aut
1120 2219 1242 2288 deletur,
1260 2226 1310 2277 aut
1338 2221 1471 2294 tegitur:
1503 2221 1628 2278 donatur
1656 2235 1708 2293 per
1735 2214 1871 2291 gratiam,

1051 2307 1164 2364 deletur
1179 2326 1231 2382 per
1246 2311 1420 2384 sanguinem
1433 2311 1539 2382 crucis,
1554 2309 1664 2384 tegitur
1678 2323 1730 2381 per
1744 2304 1875 2362 charlta-

1050 2399 1119 2452 tem.
1136 2397 1277 2454 Similiter
1291 2402 1319 2455 et
1333 2399 1484 2473 iniquitas,
1501 2417 1566 2472 quae
1581 2398 1745 2455 aestimatur
1757 2391 1877 2451 habitu·

1050 2485 1087 2541 du
1102 2487 1211 2542 mentis
1226 2486 1354 2557 injusta.
1372 2489 1452 2544 Licet
1464 2488 1593 2544 loannes
1608 2487 1638 2544 in
1653 2483 1778 2558 epistola
1805 2497 1873 2538 eum

1050 2573 1100 2644 qui
1117 2574 1217 2630 iecerit
1231 2581 1394 2648 peccatum,
1410 2578 1487 2634 11118
1511 2579 1539 2632 at
1553 2575 1741 2648 iniquitatem
1769 2569 1874 2626 lesisse

1050 2660 1165 2731 dixerit,
1182 2663 1258 2719 siout
1272 2663 1414 2720 habemus
1430 2663 1572 2737 scriptum
1591 2681 1597 2719 :
1614 2687 1627 2713 o
1645 2661 1748 2718 Omnis
1763 2656 1813 2731 qui
1829 2657 1873 2712 la-

1048 2753 1088 2802 crt
1103 2754 1265 2820 peceatum,
1281 2756 1309 2806 et
1326 2751 1511 2822 iniquitatem
1529 2751 1600 2806 lacit
1614 2752 1638 2825 (1
1649 2751 1728 2806 leon.
1745 2764 1790 2814 ιιι,
1805 2748 1844 2814 i),
1857 2775 1872 2803 »

1048 2839 1209 2904 peccatum,
1226 2842 1270 2893 est
1284 2838 1436 2910 iniquitas,
1452 2839 1522 2911 quia
1545 2837 1573 2894 in
1591 2842 1708 2910 peccato
1736 2837 1800 2910 ipso
1815 2836 1872 2894 ini-

1048 2924 1146 2995 quitas
1161 2929 1205 2982 est
1223 2945 1230 2994 3
1250 2931 1360 2992 tamen,
1391 2931 1424 2983 ut
1450 2927 1535 2983 nubis
1564 2927 1690 2992 videtur,
1715 2931 1868 3000 peccatum

1045 3027 1120 3083 opus
1134 3017 1178 3069 est
1193 3015 1368 3088 iniquitatis,
1382 3015 1522 3088 iniquitas
1535 3020 1631 3071 autem
1648 3015 1792 3088 operatrix
1807 3013 1866 3072 cul-

1046 3117 1088 3170 pae
1103 3105 1190 3173 atque
1207 3102 1314 3159 delicti.
1332 3103 1401 3160 Plus
1416 3110 1461 3160 est
1475 3121 1543 3176 ergo
1559 3104 1615 3177 (39)
1629 3107 1660 3159 ut
1674 3105 1740 3176 ipsa
1757 3104 1866 3177 iniqui·

1047 3191 1092 3245 tas
1108 3190 1250 3258 deleatur,
1266 3193 1416 3249 excidatur
1430 3193 1513 3250 radix
1528 3197 1557 3249 et
1578 3191 1770 3250 seminarium
1801 3209 1867 3266 pec-

1048 3283 1179 3335 catorum
1197 3299 1203 3346 ;
1220 3280 1298 3337 mala
1312 3281 1431 3338 tollatur
1458 3281 1550 3348 radix,
1567 3299 1603 3338 ne
1631 3281 1725 3338 malos
1754 3281 1869 3339 tructus

1048 3366 1134 3423 saciat
1150 3387 1157 3436 3
1174 3369 1324 3426 aboleatur
1338 3371 1445 3428 erroris
1460 3371 1557 3427 omnis
1572 3371 1704 3439 affectus,
1733 3371 1871 3428 universa

1048 3457 1236 3529 iniquitatum
1250 3474 1357 3530 genera
1372 3457 1522 3516 tollantur.

165 3501 262 3558 fecisti
277 3501 307 3556 in
322 3500 497 3558 abscondito
511 3503 599 3572 (Psoi.
616 3519 748 3571 exuuio,
766 3504 820 3571 15).
839 3525 853 3551 »
875 3502 914 3559 Os
943 3520 992 3560 su-

164 3609 218 3649 um
232 3590 395 3648 Ecclesiam
410 3590 493 3660 dixit,
516 3595 546 3647 st
573 3590 667 3664 plebis
695 3592 804 3648 devote
833 3597 993 3648 conventus
1083 3591 1128 3646 lte.
1146 3592 1247 3662 ltaque
1262 3591 1510 3662 quemadmodum
1540 3593 1653 3650 intrans
1682 3593 1711 3649 io
1739 3593 1871 3650 animam

164 3697 277 3752 meros,
293 3679 433 3753 quoniam
448 3697 553 3737 sumus
575 3681 708 3738 membra
729 3681 859 3753 corporis
887 3681 993 3738 Christi
1049 3677 1198 3748 sapientiae
1212 3675 1367 3749 disciplina
1382 3677 1608 3750 imprudentiam
1626 3679 1712 3752 tollit,
1727 3685 1757 3737 et
1777 3683 1871 3738 scien-

162 3771 200 3827 de
213 3785 302 3826 carue
315 3768 420 3842 ipsius,
437 3775 465 3824 et
479 3769 516 3824 da
530 3770 649 3827 ossibus
665 3772 740 3842 ejus.
759 3770 818 3824 lluc
834 3768 927 3842 igitur
949 3770 993 3825 di·
1049 3765 1292 3838 tiaignorantiam
1305 3783 1312 3820 :
1325 3766 1367 3820 sic
1383 3767 1510 3838 perlecta
1521 3767 1613 3822 virtus
1630 3768 1827 3840 iniquitatem,
1844 3776 1872 3825 et

160 3859 213 3928 cit,
228 3856 301 3932 quia
315 3856 447 3914 Ecclesia
462 3857 576 3914 Domini
593 3858 693 3915 omnia
708 3874 795 3931 opera
820 3857 919 3915 divina
946 3875 994 3914 co·
1049 3854 1183 3911 remissio
1193 3859 1379 3926 peccatorum
1393 3855 1470 3911 delet
1485 3872 1571 3911 omne
1595 3861 1758 3928 peccatum.
1789 3857 1871 3914 Unde

163 3950 299 4021 gnoscat,
315 3952 344 4002 et
358 3946 446 4002 fidem
462 3947 685 4004 resurrectionis
701 3948 833 4020 accipiet,
1051 3942 1188 4015 praeclare
1202 3941 1359 4016 Apostolus
1375 3943 1433 4000 ait:
1450 3967 1464 3992 a
1481 3943 1554 4006 Oula
1568 3943 1688 3999 donavit
1703 3944 1788 4000 nobis
1803 3960 1870 4016 pec·

200 4038 247 4092 61.
263 4034 422 4108 Sequitur:
440 4057 454 4085 «
470 4037 573 4093 Averte
594 4036 698 4092 faciem
714 4041 796 4092 tuam
824 4054 841 4091 a
868 4037 995 4108 peccatis
1051 4035 1115 4087 cata
1132 4031 1272 4086 Dominus
1286 4031 1383 4100 lesus,
1400 4031 1500 4087 dolens
1512 4031 1740 4105 chimgruphum
1753 4032 1870 4103 decreti,

163 4125 252 4194 mels,
267 4129 297 4181 et
311 4124 682 4197 omnesioiquitatesmeas
697 4125 761 4181 dele
775 4125 859 4195 (Psoi.
874 4143 900 4195 ι,
915 4126 994 4196 11).»
1050 4121 1128 4194 quod
1145 4125 1206 4176 erat
1220 4119 1399 4175 contrarium
1420 4120 1515 4192 nobis,
1532 4125 1561 4176 et
1588 4121 1698 4193 ipsum,
1714 4120 1820 4194 inquit,
1837 4119 1873 4178 de

165 4213 282 4270 Usitata
296 4217 342 4268 ast
356 4212 531 4286 deprecatio,
547 4218 580 4269 ut
595 4229 644 4270 eos
665 4230 740 4285 quos
767 4213 908 4284 laesimus,
925 4213 996 4270 obli·
1052 4210 1148 4265 medio
1166 4208 1242 4277 tulit,
1259 4209 1382 4282 affigens
1398 4207 1469 4264 illud
1485 4209 1564 4265 cruci
1579 4210 1691 4282 (tolosa.
1708 4227 1738 4279 n,
1757 4211 1799 4278 13,
1819 4210 1871 4280 11).

166 4301 239 4358 visci
254 4299 425 4356 offensionis
439 4299 563 4373 propriae
578 4300 772 4373 postulemus.
795 4300 995 4358 bloraliterer-
1052 4297 1161 4354 Deleuit
1171 4296 1314 4370 sanguine
1327 4313 1379 4352 suo
1390 4302 1587 4353 stramentum
1597 4299 1671 4364 Eva,
1681 4297 1787 4356 delevit
1799 4298 1874 4354 obli-

167 4407 204 4464 go
214 4390 309 4446 Deum
326 4394 409 4462 rogat
424 4388 567 4463 Propheta
586 4394 619 4444 ut
633 4394 744 4446 avertat
758 4389 864 4446 taciem
879 4407 964 4446 suem
980 4409 997 4446 a
1052 4387 1199 4460 gationcm
1215 4385 1392 4441 hereditatis
1408 4387 1549 4442 obnoxia.
1565 4387 1649 4443 Fides
1664 4386 1754 4460 igitur
1773 4403 1874 4462 pecca·

167 4476 912 4551 paccatisejus,ettanquamobllvlapeccatorum
932 4481 996 4551 eJus
1052 4481 1115 4530 tum
1132 4475 1248 4530 minuit.
1265 4475 1300 4530 111
1314 4474 1377 4529 ideo
1407 4473 1549 4530 Dominus
1578 4475 1729 4532 dimittens
1757 4482 1876 4550 peccata

168 4609 442 4680 daturconjuoctlo
465 4613 503 4676 ct,
524 4627 622 4736 auam
651 4610 740 4666 habet
759 4610 843 4666 Corb.
873 4597 1143 4668 secundallDavid
1160 4609 1261 4664 dicens
1278 4625 1284 4664 :
1301 4630 1315 4657 a
1332 4608 1464 4664 Dominus
1491 4611 1579 4680 poscit
1605 4627 1682 4667 mc...
1709 4612 1819 4668 Porosti
1846 4613 1878 4666 ia

169 4699 272 4738 manu.
288 4681 395 4738 Melius
410 4686 509 4738 tamen

171 4823 283 4882 recedit
296 4825 320 4879 ll
333 4826 362 4879 b.
376 4824 450 4880 alter
468 4824 574 4880 ludens
589 4824 637 4880 his
650 4825 747 4880 verbis
763 4841 769 4878 :
792 4842 853 4880 curn
879 4829 1001 4898 profecto
1057 4838 1134 4877 mam
1153 4841 1158 4877 :
1176 4824 1358 4878 humiliantes
1372 4824 1446 4878 elsim
1461 4826 1585 4880 antimum
1599 4841 1677 4879 auom
1687 4841 1700 4896 y

170 4896 282 4969 quondo
297 4910 325 4950 ee
339 4897 466 4951 induit...
482 4899 571 4967 tuerit
584 4896 718 4950 mundata
732 4896 840 4952 delicto.

168 4755 186 4810 d
214 4755 219 4766 Ι
550 4682 606 4765 inc3
611 4721 665 4738 .....
666 4684 747 4782 1(ιιὶα
770 4681 878 4754 quando
904 4699 932 4738 ac
959 4686 1002 4739 in-

188 4761 240 4822 uit,
254 4756 310 4820 ete,
322 4755 418 4879 (aaut
431 4753 536 4809 munda
549 4752 647 4809 detecto
662 4795 668 4815 ,
688 4769 777 4825 aquo
793 4771 850 4809 non
875 4753 1001 4810 multum

1055 4689 1195 4752 conspectu
1210 4695 1268 4736 mco
1282 4695 1404 4735 melitam
1418 4680 1548 4736 aduersus
1563 4698 1615 4746 eus,
1632 4687 1688 4740 etc.

1091 4753 1147 4822 (38)
1161 4752 1236 4806 Edit.
1255 4752 1337 4806 Rom.
1353 4751 1433 4806 bunc
1448 4751 1544 4808 locum
1560 4753 1677 4809 exhibet
1694 4754 1722 4808 in
1738 4753 1813 4877 hapc
1824 4751 1878 4806 lor-

1056 4901 1125 4948 tur:
1142 4910 1203 4965 erpo
1218 4911 1277 4950 osso
1301 4895 1415 4950 m'rlutcs
1443 4895 1592 4950 dicacatur:
1619 4898 1679 4967 ipso
1704 4831 1780 4949 m„
1795 4837 1879 4947 tccrlell'iat

207 4967 265 5036 (36)
280 4965 389 5022 Omnes
404 4966 473 5023 edit.
488 4972 518 5023 et
531 4966 652 5048 quidam
669 4983 753 5031 mss,
769 4971 799 5023 in
823 4970 1002 5041 locoposcum
1057 4967 1716 5036 qccidumonimimotuslrarmiliunturpcccutis,
1744 4967 1771 5018 ct
1798 4964 1877 5020 ccccl-

172 5054 247 5094 mss.
265 5052 372 5109 magno
387 5053 521 5100 numero,
537 5055 568 5092 m
583 5039 640 5092 loco
652 5038 744 5092 cviridi.

164 5107 168 5113 '
209 5109 268 5178 (31)
284 5107 497 5165 Eucharistlam
514 5108 669 5182 significat,
686 5125 775 5180 quam
791 5109 878 5164 etiam
893 5109 940 5164 alli
951 5110 1001 5165 Pa-

170 5187 252 5235 trum
269 5178 444 5251 simpliciter
461 5184 490 5235 et
506 5196 557 5252 per
584 5180 818 5235 antonomasiam
848 5197 1001 5235 sacromen-

172 5255 356 5307 consuerunt
370 5250 526 5323 appellare.
542 5251 598 5306 Nec
614 5251 710 5306 solum
729 5251 783 5306 boc
800 5251 861 5304 loco
890 5252 930 5305 ita
960 5251 999 5305 lo-

194 5322 279 5377 uitur
291 5322 477 5387 Ambrosius,
494 5323 544 5378 sed
559 5339 625 5377 cum
639 5322 708 5377 alibi
725 5339 811 5393 sepe,
828 5328 891 5376 tum
908 5324 936 5376 in
949 5323 999 5376 lib.

171 5339 209 5450 de
225 5393 382 5449 lnitiondis.
394 5408 457 5465 cap.
471 5394 488 5447 8
503 5399 532 5450 et
545 5393 571 5461 9,
588 5393 639 5450 ubi
654 5394 741 5450 etiam
758 5393 836 5449 harae
850 5395 947 5465 ipsum
959 5393 999 5448 lo·

172 5480 243 5522 cum
259 5465 370 5536 prolsrt
385 5465 421 5520 sd
438 5481 505 5521 eum
519 5465 640 5520 modum
657 5482 664 5520 :
682 5487 697 5515 a
716 5465 801 5519 Venit
815 5465 904 5536 igitur
932 5466 998 5534 (sci-

173 5535 243 5592 licet
267 5534 351 5606 plebs
379 5535 538 5609 baptizata)
567 5543 596 5592 et
608 5536 709 5591 videns
727 5544 944 5592 sacrosanctam
961 5537 1000 5591 al-

171 5612 237 5664 tare
262 5609 470 5679 compositum,
491 5608 658 5665 exclamans
686 5607 747 5663 sit:
779 5629 793 5658 ιι
821 5607 932 5663 Porosti
959 5610 1000 5663 in·

173 5682 318 5751 conspecta
332 5694 391 5735 mco
403 5695 536 5748 mensam
554 5703 568 5730 ι(
584 5679 664 5736 llanc
692 5677 860 5751 loquentem
888 5679 1001 5736 inducit

1056 5041 1116 5090 tunt
1130 5040 1240 5105 pretim,
1255 5041 1309 5091 cle.
1328 5037 1398 5092 Aliae
1413 5055 1479 5092 vero
1495 5053 1562 5092 cum
1590 5052 1661 5091 mss.
1691 5050 1878 5105 summopere

1057 5108 1254 5170 consentiunt,
1271 5113 1463 5180 preterquam
1482 5107 1559 5191 quod
1575 5106 1644 5162 alibi
1668 5105 1758 5178 legas.
1788 5106 1879 5160 humi-

1057 5179 1190 5233 tiuntcs...
1207 5195 1264 5233 osso
1283 5181 1394 5234 cirtntca
1410 5201 1419 5247 ‚·
1435 5179 1504 5234 alibi
1528 5183 1637 5240 alitem,
1667 5178 1880 5233 hurnilinntis...

1055 5265 1116 5304 osso
1132 5252 1251 5305 uirtutis.
1269 5251 1366 5320 Neque
1380 5250 1463 5304 nobis
1479 5251 1573 5304 visum
1591 5253 1636 5302 cst
1659 5249 1696 5303 ab
1710 5247 1783 5320 ipsis
1800 5265 1878 5304 rece-

1056 5321 1196 5383 dendum,
1214 5321 1268 5374 nial
1286 5322 1314 5373 io
1333 5321 1550 5391 punctuatione‚
1581 5335 1682 5390 quam,
1714 5323 1749 5376 ut
1776 5336 1883 5376 sensus

1055 5392 1160 5447 clarior
1176 5396 1264 5457 tieret,
1283 5391 1413 5445 nonnihil
1429 5389 1660 5446 immutavimus.

1092 5469 1147 5532 (311)
1164 5466 1272 5516 tlmnes
1286 5462 1356 5516 edit.
1374 5467 1402 5516 at
1416 5479 1487 5516 mss.
1510 5463 1631 5533 aliquot,
1647 5480 1728 5519 omne
1742 5467 1885 5537 peccatum

1056 5545 1093 5589 est
1108 5537 1242 5603 iniqnitas
1259 5549 1265 5598 3
1282 5533 1331 5586 alii
1348 5549 1418 5588 mss.
1436 5533 1540 5604 majori
1560 5551 1683 5592 numero
1698 5539 1727 5592 et
1754 5535 1883 5608 antiqui-

1054 5611 1125 5670 tate,
1140 5609 1279 5687 peccutom
1294 5619 1360 5674 opus
1388 5613 1426 5660 cat
1458 5607 1649 5678 iniquitatis...
1664 5609 1730 5664 Plus
1744 5615 1784 5664 cst
1809 5621 1883 5676 erqo,

1067 5679 1208 5750 Gratiam,
1223 5677 1305 5731 Prius
1317 5679 1357 5732 est
1370 5692 1444 5747 erqo,
1460 5681 1514 5734 etc.
