4159 6184
136 348 197 415 eos
759 346 1206 415 saresberiensem.
1567 305 1575 319 ”
1774 322 1837 416 soc

136 486 237 557 aperte
251 480 355 554 liquet,
371 480 437 556 quia
451 480 565 539 lunaeet
593 480 745 539 stellarum
773 481 952 538 illuminatio
971 482 994 548 Α
1012 497 1079 536 cum
1094 497 1110 536 e
1125 482 1243 555 regione
1262 482 1333 539 solis
1358 482 1476 554 aliquod
1504 498 1611 555 corpus
1635 482 1772 553 ocovrrrit,
1801 498 1837 539 ex

135 573 232 629 noctis
247 572 343 645 spatia
356 576 485 629 testetur.
497 570 648 643 Siquidem
672 588 723 643 per
750 571 829 627 diem
859 570 955 644 fulgo·
1013 586 1047 625 ea
1061 574 1143 641 parte
1158 586 1217 642 qua
1228 571 1328 627 lumen
1342 571 1538 644 repercutitur
1552 572 1620 643 (51),
1641 571 1747 627 umbra
1765 570 1835 627 sub-

136 678 198 717 rem
215 660 301 717 illum
315 661 454 731 lunarem,
471 659 682 732 stellarumque
697 659 830 716 omnium
847 659 891 715 sol
907 676 955 715 ex·
1012 656 1108 714 sistit:
1125 659 1167 713 sic
1182 675 1249 714 cum
1265 660 1423 716 decedente
1449 659 1495 715 die
1523 675 1538 715 e
1567 659 1685 733 regione
1712 659 1836 715 luminis

135 754 220 807 ortus
235 750 398 806 abscondit.
415 750 453 805 De
468 748 514 805 die
530 753 629 804 autem
644 748 688 804 vel
716 748 781 822 ipsa
808 747 879 805 solis
905 747 955 803 tlu-
1011 748 1076 818 ejus
1093 752 1143 802 sut
1158 747 1228 803 solis
1243 750 1469 821 terraeohjeotus
1485 749 1621 815 occurrit,
1643 748 1837 805 obumbratur

134 838 253 913 grentio
267 840 369 895 docere
385 855 436 894 nos
450 841 544 910 potest
558 836 703 894 diversum
715 836 815 893 diurni
833 835 955 892 luminis
1011 852 1070 891 aer.
1085 835 1167 892 Unde
1180 836 1273 908 liquet
1287 838 1366 910 quod
1386 841 1500 893 noctem
1527 836 1616 893 saciat
1644 838 1750 893 umbra
1777 841 1835 893 ter-

135 934 166 984 et
180 926 252 984 solis
264 944 328 985 esse
342 934 484 996 naturam,
501 931 529 983 et
544 926 639 1000 ipsam
655 925 853 998 essespecism
865 926 957 981 disco·
1010 941 1122 981 rarum.

136 1016 243 1073 lorem.
259 1016 385 1091 Simplex
404 1020 446 1072 ast
460 1016 537 1073 euim
557 1014 632 1071 lucis
656 1014 778 1087 specics,
796 1018 829 1071 ut
855 1014 956 1069 lumen
1012 1067 1177 1122 Lamiam
1189 1070 1263 1138 swa
1277 997 1548 1139 sunffiggngywd
1561 1083 1617 1123 mm
1644 1069 1832 1122 nativitatum.

135 1106 275 1179 prebeat.
290 1107 327 1161 At
340 1122 404 1161 vero
418 1104 460 1160 sol
478 1122 535 1161 non
559 1102 654 1160 solum
681 1104 819 1160 virtutem
845 1102 955 1158 illumi·
1046 1140 1302 1196 mathematicorum
1331 1140 1444 1195 scientia
1473 1140 1581 1194 inutilis
1604 1141 1644 1193 m
1671 1154 1703 1192 ac
1731 1140 1833 1211 impos·

136 1195 229 1251 nflfldl
245 1193 676 1266 habelrssedellamV³P⁰ffisstlli
694 1194 797 1265 lgneus
810 1192 954 1248 sssslenlm·
1046 1210 1145 1265 sibilis.
1162 1212 1248 1279 Quom
1272 1215 1363 1283 inepte
1386 1212 1567 1282 proprietates
1588 1211 1754 1265 animalium
1777 1217 1835 1264 ter·

133 1282 215 1355 iguis
226 1286 327 1338 autam
342 1287 370 1339 et
383 1281 526 1338 illuminat
540 1286 569 1337 et
591 1281 694 1337 exurit.
723 1280 803 1337 Unde
815 1280 955 1336 Dominus
1046 1284 1180 1337 restrium
1194 1284 1229 1337 ed
1243 1286 1373 1347 coetestie,
1390 1291 1416 1337 et
1431 1281 1575 1336 heremod
1594 1282 1716 1336 tornines
1743 1287 1834 1336 bam-

133 1370 238 1429 voleus
252 1370 344 1444 Moysi
359 1371 506 1426 ostendere
535 1387 595 1425 suas
620 1368 798 1443 operationis
827 1370 956 1425 miracu·
1045 1354 1130 1435 s‘ff‘ll·
1159 1354 1391 1437 Qt‘tttnsst'tlt'ssttlss
1412 1353 1538 1408 tltlbl'lssm
1573 1354 1639 1408 vll&
1671 1358 1788 1435 illlum,
1817 1366 1836 1433 ,θ

132 1459 210 1529 lum,
227 1476 288 1531 quo
304 1458 461 1531 Meysenad
472 1458 624 1515 obediendi
635 1459 767 1515 studium
777 1460 955 1530 provocaret,
1046 1440 1135 1551 ⁸¹?ss
1146 1434 1272 1551 etnam
1286 1426 1403 1497 imm
1419 1427 1650 1548 {³⁸fgaafnffl5
1665 1422 1836 1549 Mam&

133 1554 225 1620 atque
236 1546 273 1603 ad
289 1546 375 1602 lldem
391 1546 583 1603 inflammaret
597 1547 661 1619 ejus
672 1545 862 1613 anectensis
890 1545 957 1619 igne
1047 1511 1551 1636 2:27¹,stgflrssuoemffieyfsanpropllnat
1577 1536 1723 1635 manifeste
1749 1534 1836 1636 saba,

132 1636 216 1691 visus
233 1640 279 1691 est
296 1635 421 1703 inruho,
438 1640 466 1691 et
488 1636 579 1693 rubus
600 1652 658 1692 nen
687 1634 874 1705 exurebatur,
905 1635 956 1691 sed
1046 1646 1073 1693 et
1086 1640 1376 1695 motitiaeecinertiae
1391 1638 1594 1692 recusationem
1607 1635 1768 1709 suppeditet.

132 1728 250 1781 tantum
268 1722 419 1796 splendere
433 1723 507 1797 iguis
523 1724 619 1796 specie
634 1723 796 1780 videbatur.
825 1721 956 1779 Alterum
1048 1726 1093 1781 ta.
1110 1726 1189 1781 Fecit
1203 1743 1272 1799 ergo
1297 1725 1401 1793 solem,
1422 1729 1452 1780 et
1478 1723 1590 1791 lunam,
1620 1729 1649 1780 et
1672 1723 1783 1793 stellas,
1809 1728 1839 1781 st

129 1812 224 1886 igitur
237 1828 348 1868 munus
363 1811 436 1884 ignis
460 1813 590 1881 vacabat,
615 1812 742 1869 alterum
769 1812 955 1885 operabatur.
971 1847 995 1913 B
1012 1814 1173 1885 praestituit
1185 1814 1244 1870 illis
1259 1830 1418 1870 mensuras
1433 1817 1609 1885 temporum,
1622 1812 1676 1869 soli
1704 1813 1837 1881 diurnas,

131 1901 264 1957 Vacabat
279 1899 434 1956 exustionis
445 1900 498 1969 vis,
516 1902 692 1974 operabatur
717 1899 954 1956 illuminationis.
1010 1900 1087 1957 lunae
1103 1902 1254 1975 stellisque
1269 1908 1452 1959 nocturnas:
1469 1906 1502 1958 ut
1516 1902 1572 1957 iste
1586 1905 1692 1975 augeat
1706 1901 1763 1959 diei
1774 1916 1840 1975 gra·

132 1992 200 2047 Ideo
217 1990 356 2062 stupebat
372 1989 492 2059 Moyses,
509 1989 578 2061 quia
590 1994 693 2047 contra
706 1994 842 2046 naturam
869 2006 955 2045 suam
1009 1990 1094 2058 tiam,
1111 1990 1167 2045 illae
1185 1991 1322 2047 umbram
1337 1990 1532 2063 tenebrasque
1547 1989 1724 2047 illuminent.
1735 1992 1771 2046 Et
1780 1991 1838 2047 sint

130 2079 210 2155 ignis
228 2096 286 2137 non
301 2078 437 2135 exurebat
451 2080 567 2151 rubum,
593 2081 644 2153 qui
675 2081 763 2137 etium
798 2078 956 2137 vehemen-
1010 2081 1039 2135 in
1056 2082 1146 2150 siquo,
1160 2084 1186 2135 et
1200 2082 1231 2135 in
1245 2088 1379 2151 tempora,
1395 2088 1420 2135 et
1435 2081 1463 2135 in
1479 2079 1546 2147 dies,
1561 2084 1586 2135 et
1601 2081 1631 2134 in
1644 2095 1731 2135 annos
1758 2078 1837 2151 (Gen.

130 2168 240 2226 tiorem
257 2168 405 2225 materiem
420 2170 570 2225 cousuevit
590 2186 721 2226 exurere.
755 2170 810 2225 Sed
838 2166 956 2225 Domini
1011 2184 1030 2235 v,
1050 2170 1103 2239 14).
1121 2167 1491 2240 Divisatemporahahent
1510 2185 1654 2242 paresque
1682 2185 1838 2226 mensuras

131 2258 213 2333 ignis
226 2256 390 2313 illuminare
405 2256 486 2328 solet,
502 2275 621 2315 exurere
637 2275 695 2314 nou
715 2257 798 2313 solet.
1011 2273 1065 2329 pro
1081 2256 1229 2312 mensium
1244 2256 1362 2312 vicibus
1378 2256 1421 2313 sol
1437 2264 1464 2313 et
1483 2258 1554 2314 luna
1582 2275 1649 2314 cum
1676 2256 1783 2327 stellis,
1810 2261 1841 2315 et

171 2348 218 2403 10.
234 2347 269 2401 At
284 2344 354 2403 lortc
368 2346 447 2403 dicas
464 2364 469 2402 :
486 2348 637 2412 Quomodo
653 2347 876 2418 scriptumest:
902 2347 956 2416 Epo
1011 2350 1083 2402 sunt
1098 2346 1128 2401 io
1144 2345 1230 2417 signa
1245 2361 1304 2400 nou
1321 2361 1482 2416 possumus
1508 2364 1613 2421 negare
1627 2348 1705 2420 quod
1720 2365 1756 2404 ex
1778 2346 1839 2405 sole

130 2454 199 2493 aum
214 2435 454 2507 iqniscomemens
476 2435 564 2507 (Dect.
596 2436 726 2507 rv,2t)?
755 2436 831 2491 Bene
854 2422 957 2490 admo'·
1011 2440 1040 2491 et
1055 2435 1126 2491 luna
1140 2437 1227 2507 signa
1239 2431 1343 2503 aliqua
1361 2434 1639 2509 colligantur;num
1654 2442 1683 2494 et
1696 2437 1840 2517 Dominus

131 2524 241 2582 nuisti.
256 2522 316 2579 Non
327 2522 398 2580 solet
412 2540 593 2593 consumere,
610 2524 669 2581 nisi
681 2524 744 2580 sol'a
767 2528 895 2597 peccata.
925 2525 956 2581 In
1011 2524 1101 2580 dixit:
1130 2526 1165 2580 Et
1188 2530 1270 2578 erum
1297 2524 1379 2593 sicera
1405 2526 1435 2579 in
1458 2526 1523 2592 sote,
1548 2528 1574 2582 et
1594 2527 1673 2595 tune,
1702 2532 1728 2585 et
1753 2527 1842 2584 stellis

128 2612 450 2687 retributionequoque
472 2614 643 2669 meritorum
671 2612 836 2685 colligimus
866 2612 955 2668 dividi
1012 2614 1088 2685 (Leo.
1105 2630 1162 2681 xxi,
1179 2612 1235 2681 25).
1267 2610 1303 2664 Et
1333 2614 1531 2683 quaerentibus
1558 2615 1698 2689 apostolis
1722 2615 1842 2689 signum

128 2704 210 2777 iguis
228 2702 445 2773 naturam(ttl);
461 2701 572 2759 utallos
584 2702 742 2770 illuminet,
759 2701 831 2757 allos
842 2706 955 2769 exurat,
1012 2704 1158 2759 adventus
1174 2701 1251 2767 ejus,
1267 2701 1439 2771 respondit:
1458 2703 1503 2758 Set
1517 2704 1716 2772 obscurabitur,
1732 2709 1759 2761 et
1773 2706 1843 2761 tunc

127 2790 400 2861 illuminetjustos,
417 2793 518 2847 exurat
533 2790 651 2862 impios.
669 2789 732 2844 Nou
747 2791 864 2845 eosdem
881 2807 956 2863 quos
1011 2808 1068 2847 reon
1082 2792 1160 2847 dicirit
1182 2789 1276 2843 tenen
1304 2804 1396 2861 suum,
1431 2796 1456 2846 et
1483 2792 1570 2849 stellae
1591 2792 1687 2850 cadent
1714 2793 1746 2850 de
1773 2793 1840 2850 coelc

127 2880 291 2945 illuminat,
302 2878 395 2934 exurit
411 2882 439 2934 et
454 2878 630 2951 quosexurit
647 2878 795 2935 illuminat
807 2897 813 2935 :
827 2880 878 2936 sed
888 2879 955 2935 illu·
1011 2882 1117 2951 (ilenti.
1128 2893 1206 2942 xxiv,
1223 2874 1280 2947 29.)
1296 2875 1363 2933 Hoec
1377 2878 1450 2935 dixit
1459 2880 1520 2937 sore
1535 2882 1620 2955 signa
1647 2882 1752 2939 futuras
1771 2900 1839 2939 cou-

127 2969 256 3026 minatio
270 2969 333 3041 ejus
349 2967 597 3041 inexstinguibilis
609 2972 655 3023 est
677 2968 712 3023 ad
724 2968 956 3040 perfunctionem
1011 2964 1241 3024 commotionis:
1254 2965 1304 3019 sed
1323 2969 1497 3027 conveniens
1516 2971 1601 3027 debet
1629 2988 1704 3028 curae
1732 2977 1841 3030 nostras

127 3060 183 3131 (50)
206 3058 364 3127 bonorum,
396 3056 508 3113 exustio
532 3056 692 3112 vehemens
712 3056 748 3112 ad
777 3056 956 3130 supplicium
1012 3052 1289 3113 mensuraservari.

127 3150 327 3221 peccatorum.
1047 3146 1092 3199 13.
1122 3140 1254 3212 Denique
1281 3146 1403 3202 nonnuli
1429 3147 1614 3204 nativitatum
1656 3154 1841 3209 tentaverunt

161 3237 207 3293 ll.
222 3235 279 3291 Sed
294 3238 472 3291 revertamur
485 3235 521 3290 ad
538 3233 746 3291 discretionem
762 3233 819 3290 diei
841 3251 874 3290 ac
903 3252 954 3291 no·
970 3215 991 3281 C
1011 3234 1176 3305 exprimere
1193 3228 1362 3303 qualitates,
1379 3236 1474 3309 qualis
1488 3238 1608 3294 tuturus
1623 3238 1662 3294 sit
1677 3241 1838 3314 uuusquis-

127 3327 193 3383 ctis.
212 3323 330 3381 Oriente
345 3324 401 3380 diei
416 3323 528 3379 lumino
559 3340 618 3379 nox
647 3323 775 3395 lugetur,
799 3323 955 3380 decedente
1011 3339 1069 3395 que
1087 3320 1137 3393 qui
1154 3325 1240 3374 natus
1266 3321 1316 3390 sit,
1343 3341 1411 3380 cum
1432 3325 1485 3381 boc
1507 3343 1564 3382 non
1593 3327 1690 3386 solum
1717 3348 1836 3399 vanum,

127 3414 173 3471 dia
188 3430 250 3470 nox
265 3412 439 3469 infunditur.
452 3412 514 3468 Non
531 3414 577 3468 est
592 3410 672 3467 enim
687 3409 745 3465 luci
757 3410 880 3467 sociatus
895 3411 956 3468 ulla
1010 3410 1062 3466 sed
1081 3409 1169 3466 etiam
1184 3406 1287 3464 inutile
1298 3412 1338 3466 sit
1348 3413 1556 3482 querentibus,
1567 3416 1740 3489 impossible
1754 3420 1839 3495 polli-

126 3520 195 3559 cum
211 3500 513 3573 tenehris:siquidem
530 3498 660 3557 naturali
674 3497 798 3571 legehoc
813 3499 956 3557 Dominus
1010 3498 1159 3555 centibus.
1177 3495 1252 3562 Quid
1268 3499 1348 3554 enim
1365 3507 1425 3556 tam
1439 3502 1551 3571 inutile,
1568 3520 1659 3576 quam
1684 3512 1718 3564 ut
1745 3526 1840 3566 unus·

126 3593 155 3649 in
172 3591 274 3665 prima
288 3591 454 3664 operatione
465 3608 518 3647 sua
530 3588 693 3647 constituit.
710 3587 823 3643 Etenim
839 3589 956 3661 quaudo
1012 3587 1142 3661 quisque
1156 3586 1333 3658 persuadeat
1349 3589 1405 3645 sihi
1420 3590 1474 3645 hoc
1490 3595 1647 3663 essequod
1670 3603 1756 3655 nutus
1772 3598 1840 3656 est‘l

124 3681 231 3737 lumen
246 3680 325 3749 lecit,
341 3683 371 3736 et
383 3679 591 3736 discretionem
609 3674 676 3731 lecit
697 3675 773 3731 inter
802 3675 897 3732 lucem
924 3695 958 3734 ac
1011 3676 1106 3732 Nemo
1122 3691 1190 3747 ergo
1201 3674 1287 3729 debet
1301 3676 1390 3733 vitum
1412 3694 1507 3745 suum,
1541 3684 1653 3738 statum
1683 3703 1840 3761 moresque

124 3771 277 3827 tenebras.
294 3768 422 3841 Denique
437 3768 466 3823 in
485 3769 550 3841 ipso
566 3765 624 3833 die,
638 3764 700 3835 jum
715 3762 775 3820 sole
799 3764 885 3821 torris
914 3767 958 3822 in·
1014 3769 1131 3822 mutare
1142 3770 1170 3819 et
1184 3762 1252 3819 eniti
1270 3781 1328 3836 quo
1342 3765 1445 3821 melior
1459 3767 1521 3833 fiat,
1534 3769 1586 3823 sed
1600 3769 1630 3824 iu
1657 3789 1693 3829 ea
1719 3791 1841 3847 persua·

124 3860 201 3929 tuso,
221 3858 355 3914 videmus
370 3858 505 3913 umbram
527 3854 576 3911 vel
603 3853 742 3922 bominis,
767 3852 812 3909 vel
839 3853 959 3929 virgulti
1015 3854 1099 3911 sione
1112 3868 1240 3909 munere.
1254 3853 1355 3926 Neque
1369 3855 1493 3927 probum
1519 3856 1574 3926 (52)
1598 3862 1681 3929 potes
1707 3859 1841 3931 laudare,

123 3947 256 4021 alicujus
272 3946 415 4003 alumine
430 3944 571 4020 separari,
589 3948 623 3999 ut
646 3958 732 3999 mane
758 3943 795 3998 od
822 3958 960 4001 occasum
1016 3960 1070 3999 nec
1084 3944 1280 3999 condemnare
1291 3941 1468 4016 improbum,
1491 3944 1542 4016 qui
1569 3948 1736 4004 necessitati
1764 3950 1840 4007 nati·

126 4038 287 4111 dirigatur,
306 4036 417 4108 vesperi
440 4037 646 4107 retorqueatur
674 4031 703 4085 in
719 4030 873 4103 orientem,
900 4050 962 4089 me·
1016 4032 1114 4088 vitatis
1141 4047 1201 4087 suta
1244 4033 1419 4104 respondere
1458 4032 1599 4089 videatur.
1630 4036 1664 4091 lit
1694 4039 1841 4109 quomodo

125 4124 255 4183 vidianis
270 4124 351 4181 horis
379 4126 415 4181 ad
441 4122 658 4196 sptentrionem
685 4118 824 4177 inclinet:
855 4119 961 4177 lumini
1016 4122 1160 4177 Dominus
1175 4123 1226 4175 aut
1241 4120 1327 4175 bonis
1339 4120 1623 4194 praemiaproposuit,
1640 4126 1841 4198 autimprobis

128 4220 230 4271 tamen
245 4229 305 4269 non
321 4212 511 4268 confunditur
526 4220 615 4282 atque
631 4207 783 4275 miscetur,
805 4208 855 4265 sed
886 4210 964 4267 cedit
1017 4225 1128 4281 poeuas,
1146 4209 1170 4262 si
1186 4208 1255 4263 lacit
1270 4209 1635 4283 necessitasdiscipliuam‚
1651 4218 1841 4273 etcouversa·

129 4308 156 4359 et
170 4300 294 4375 refugit.
317 4299 458 4357 Similiter
480 4304 509 4357 ct
538 4316 596 4355 nox
626 4296 729 4352 cedere
750 4296 867 4353 videtur
892 4298 961 4367 diei,
1017 4298 1128 4353 tionem
1143 4294 1295 4352 stellarum
1311 4314 1417 4354 cursus
1445 4298 1605 4355 informat?
1634 4303 1670 4357 st
1698 4304 1770 4375 quid
1798 4308 1844 4362 est

128 4396 200 4448 etse
216 4392 256 4447 ab
272 4392 337 4462 ejus
352 4388 463 4446 lumine
477 4388 645 4452 declinare;
661 4389 707 4441 est
722 4385 813 4452 enim,
831 4390 864 4441 ut
886 4386 963 4459 peri·
1018 4385 1096 4443 aliud
1114 4401 1202 4457 quam
1218 4384 1368 4441 bominem
1384 4388 1419 4442 da
1441 4386 1559 4461 homine
1581 4406 1697 4462 exuere,
1722 4393 1747 4448 si
1771 4394 1843 4451 nibil

129 4480 220 4536 tiores
236 4478 401 4551 probarunt
415 4478 467 4550 qui
483 4477 569 4533 nohis
589 4473 634 4530 vel
664 4478 748 4531 atate
773 4473 817 4529 val
843 4492 963 4532 munera
1018 4474 1162 4540 morihuS,
1179 4472 1251 4528 nihil
1267 4472 1455 4542 institutioni,
1472 4476 1845 4556 nihilstudiisdereliuqui-

128 4570 358 4639 praecurrerunt,
371 4566 476 4622 umbra
491 4571 586 4621 terrae.
600 4562 780 4619 Naturaliter
794 4562 873 4618 enim
897 4580 960 4619 um·
979 4562 1087 4642 plur?
1109 4562 1201 4625 Quam
1230 4561 1338 4617 multos
1364 4563 1499 4621 videmus
1526 4572 1641 4640 ereptos
1669 4569 1845 4630 criminibus

130 4655 183 4710 bra
201 4653 320 4727 corpori
350 4653 478 4709 adheret
506 4656 595 4725 atque
626 4650 808 4724 adjungitur,
834 4651 905 4707 adeo
935 4656 967 4707 ut
1023 4656 1110 4723 atque
1126 4650 1296 4723 peccatisin
1313 4650 1463 4708 meliorem
1474 4658 1585 4711 statum
1600 4672 1664 4713 esse
1679 4675 1842 4717 conversos.

130 4742 221 4799 etiam
239 4740 368 4814 pictores
390 4742 509 4797 umbras
533 4756 691 4813 corporum
721 4756 784 4812 quac
808 4739 966 4811 pinxerint,
1023 4738 1176 4811 Redempti
1191 4742 1261 4795 suut
1275 4739 1409 4811 apostoli,
1425 4746 1631 4818 etcongrcguti
1651 4762 1685 4801 ex
1712 4752 1844 4819 peccato-

131 4830 456 4902 nitanturexprimcre,
472 4830 562 4902 idque
578 4830 652 4885 artis
669 4844 734 4886 esse
749 4833 881 4885 asserant
910 4846 968 4886 non
1025 4828 1125 4883 ribus:
1157 4844 1216 4883 non
1259 4828 1361 4901 utique
1403 4831 1563 4889 nativitatis
1603 4850 1662 4889 suae
1684 4833 1764 4898 hora,
1792 4833 1844 4890 sed

130 4918 331 4976 intermittere
346 4919 394 4973 61
412 4918 470 4975 vim
496 4922 631 4975 naturae:
656 4922 684 4975 et
713 4918 799 4991 quasi
826 4918 969 4975 naturalis
1024 4917 1133 4973 Christi
1149 4932 1199 4971 eos
1213 4917 1405 4974 sanctificavit
1420 4920 1572 4990 adventus,
1595 4925 1624 4977 et
1644 4921 1715 4976 horo
1742 4921 1845 4977 Domi-

129 5008 207 5077 iuris
239 5006 445 5079 prevaricator
469 5006 627 5079 habeatur,
659 5008 746 5079 cujus
771 5006 886 5078 pictura
912 5024 969 5064 non
1025 5006 1095 5062 nicee
1112 5003 1258 5077 passionis
1273 5007 1542 5065 redomitamorte.
1572 5010 1655 5064 Latro
1674 5008 1843 5081 damnatus,

131 5098 224 5153 etiam
241 5094 377 5151 umbram
389 5112 475 5151 suam
492 5097 652 5171 exprimat.
670 5096 745 5169 Ergo
767 5095 843 5151 sicut
872 5096 901 5152 in
924 5096 971 5152 die
1025 5094 1074 5151 ille
1106 5093 1156 5166 qui
1184 5098 1230 5150 est
1257 5112 1324 5151 cum
1353 5095 1477 5153 Domino
1513 5098 1569 5169 (53)
1593 5096 1761 5168 crucifixus,
1786 5117 1845 5157 nou

167 5226 230 5299 (49)
245 5226 316 5284 Mas.
334 5227 429 5297 Rem,
446 5229 526 5286 Coen.
544 5246 578 5287 ac
594 5230 677 5303 seg,
693 5230 783 5285 divini
798 5221 873 5299 iqnis
888 5234 971 5285 netu·
1027 5233 1174 5302 quatuor.‚
1191 5246 1245 5301 que
1260 5231 1365 5285 tremine
1379 5232 1557 5303 repercutiur,
1574 5231 1844 5291 minuscommode.

132 5314 206 5353 rom.
1073 5303 1117 5373 52)
1129 5302 1171 5356 lto
1186 5318 1258 5356 mss.
1276 5302 1424 5356 undecim.
1438 5301 1492 5357 Alii
1509 5319 1540 5356 ac
1561 5303 1649 5358 enit:
1674 5306 1744 5360 eniti
1766 5304 1846 5376 (Gill.

168 5370 231 5451 (59)
263 5368 392 5451 Ouatuor
425 5388 510 5444 mss,
541 5374 577 5430 od
602 5374 797 5445 perfectionem
833 5371 971 5428 bonorum.
1025 5390 1053 5429 se
1085 5373 1725 5444 eniti,·Rom.,nequeem'titqeometiorfiot.
1742 5376 1793 5432 Sed
1815 5378 1847 5434 io

133 5439 245 5496 blelvus
269 5438 329 5509 alu,
346 5457 379 5497 ac
394 5444 477 5514 edit,
494 5444 530 5501 ed
547 5448 779 5519 perfunctionem,
795 5446 861 5509 etc,
878 5443 906 5497 id
930 5448 974 5499 est
1027 5461 1061 5502 ee
1075 5446 1250 5517 persuasione
1263 5458 1351 5511 ireque
1360 5446 1487 5513 probum,
1502 5448 1531 5501 et
1550 5486 1555 5498 .

133 5512 170 5567 dd
197 5511 382 5569 srulllonem.
408 5516 510 5587 Basil,
527 5528 559 5581 sl<
574 5524 712 5573 ἀπόλαυσιν
726 5520 775 5576 τοῖς
790 5518 895 5577 bireslove.
916 5514 974 5571 Hoc
1059 5517 1115 5589 (53)
1132 5514 1205 5570 Edit.
1222 5512 1350 5583 etpauci
1366 5530 1451 5581 mss„
1468 5516 1538 5570 latro
1558 5515 1606 5571 ille
1629 5516 1775 5574 domnulus
1802 5534 1850 5576 ca·

134 5582 229 5643 verbo
245 5600 304 5640 uou
320 5585 413 5641 semel
427 5588 520 5645 utitur
534 5586 721 5645 Ambrosius.
1058 5590 1103 5654 tis,
1119 5588 1167 5642 itte
1181 5600 1244 5641 com
1260 5584 1387 5657 Domino,
1403 5590 1458 5645 etc.
1472 5585 1528 5645 Alii
1543 5586 1643 5649 decem
1656 5589 1787 5653 melioris
1797 5591 1853 5659 evi

171 5654 234 5739 (51)
250 5654 327 5719 etit.
343 5658 464 5720 amerb.
481 5664 510 5721 et
523 5660 617 5725 Paria.
634 5654 783 5719 nouuulla
805 5672 872 5717 cum
900 5673 973 5723 mss.
1049 5663 1129 5724 tuos
1143 5657 1174 5719 iu
1189 5659 1281 5721 testu
