4159 6184
212 327 249 385 rs
292 292 305 303 ⁸
591 384 600 405 „
956 320 1176 385 PRAEFA'tto.
1885 332 1922 389 rs

211 468 268 525 rat
283 456 364 525 istos
380 454 427 524 ad
438 454 645 525 ludovicum
661 458 830 545 Mapnum
843 475 946 533 uoces,
963 456 1112 546 antique
1126 456 1284 526 adversus
1303 458 1455 531 beresim
1474 462 1658 554 disciplinae
1677 474 1771 533 testes
1794 475 1826 531 et
1844 464 1925 532 noui

211 555 407 646 interpretes
420 554 560 644 paudii:
581 556 761 622 Reddidisti
782 555 867 619 mihi
888 556 1039 639 quietem
1056 557 1211 625 Ecclesiae
1226 582 1233 636 ;
1250 562 1466 643 perfidorum
1489 583 1560 641 ora,
1578 573 1679 649 atquo
1695 566 1826 630 utinam
1849 584 1921 631 cor·

212 658 265 735 da,
289 657 463 723 clausisti:
478 663 511 722 at
527 658 589 720 hoc
609 674 676 718 uon
690 653 823 718 minore
839 654 917 717 fidei
935 674 1035 737 quam
1054 661 1226 738 potestatis
1241 661 1458 725 auctoritate.
1566 734 1570 739 ⁴

259 753 377 821 Felices
392 776 451 821 nos
462 754 730 843 fortunatosque,
753 748 978 816 illustrissime
1004 750 1160 819 Ecclesia
1188 753 1360 843 Princeps
1388 755 1419 822 si
1442 778 1511 823 non
1527 780 1620 827 secus
1640 770 1740 848 atque
1769 758 1922 849 operibus

211 852 280 933 suis
298 851 493 919 Ambrosius
508 849 543 915 in
557 869 678 915 musaeo
694 860 750 915 tuo
782 847 890 915 locam
911 847 1066 925 obtinuit,
1097 849 1145 915 ita
1173 873 1272 939 quem
1292 851 1386 919 nobis
1417 854 1568 943 ipsorum
1588 855 1855 925 emendatoribus
1887 856 1922 923 in

213 950 327 1017 animo
345 963 402 1017 tuo
422 944 613 1026 concessisti,
635 944 819 1012 diutissime
838 956 1005 1013 conseruet
1023 946 1058 1012 in
1077 945 1147 1014 dies
1161 948 1270 1037 moqis
1285 949 1443 1020 intimum
1473 941 1504 1021 et
1521 956 1726 1023 auctiorem:
1748 955 1871 1045 felices,
1892 954 1923 1021 si

213 1048 332 1116 nostris
351 1046 433 1115 uotis
447 1056 479 1111 et
488 1042 640 1128 precibus
657 1066 807 1111 anneeens
815 1043 946 1133 pressei
961 1043 1187 1111 sanctissimus
1211 1046 1387 1136 Relipioni,
1420 1051 1588 1133 Ecclesiae,
1623 1053 1753 1131 Gallie,
1776 1052 1870 1121 nobis
1890 1066 1921 1119 et

215 1145 367 1213 omnibus
383 1154 413 1208 te
433 1140 616 1209 diutissime
634 1142 765 1209 saluum
785 1153 816 1208 et
830 1140 1029 1209 incolumem
1044 1164 1066 1209 o
1081 1145 1148 1210 Deo
1164 1158 1390 1233 comprecatur
1408 1161 1509 1238 atque
1526 1151 1704 1241 impetret!
1726 1152 1840 1237 felices
1867 1148 1921 1218 de-

213 1244 324 1333 nique,
340 1240 371 1308 si
382 1240 444 1331 qui
455 1249 575 1307 nostrae
592 1262 671 1329 erpa
687 1251 717 1307 te
732 1238 946 1307 observantie
962 1240 1052 1307 testis
1065 1240 1295 1309 veracissimus
1306 1245 1461 1315 Ecclesia
1481 1246 1644 1335 doctor,a
1664 1261 1695 1317 te
1713 1250 1815 1317 etiam
1830 1248 1920 1317 obses

212 1338 412 1431 suscipiatur
430 1350 462 1405 et
471 1335 648 1428 fidejussor
662 1336 914 1405 devinctissime
929 1337 1109 1412 uoluntatis
1130 1361 1198 1429 qua
1217 1362 1333 1410 stemus

393 1464 591 1534 Celsitudini
604 1476 668 1533 tue
687 1461 910 1532 addictissimi
922 1474 956 1531 et
972 1462 1262 1554 obsequentissimi

679 1563 840 1679 Monacbi
855 1588 1064 1657 benedictini
1080 1593 1357 1681 Conprepationis
1370 1596 1406 1662 S.
1428 1598 1553 1666 Mauri.

775 1925 1339 2095 PRAEFATIO.
1415 2119 1419 2125 ‚

252 2327 328 2388 Cum
350 2344 433 2388 nova
454 2346 528 2389 eura
550 2346 606 2389 nec
639 2329 770 2389 minimo
800 2330 908 2391 labore
931 2338 1082 2412 purgatas
1110 2329 1267 2391 Ambrosii
1298 2328 1579 2388 commentationes
1609 2328 1803 2404 exhibemus,
1836 2333 1915 2394 nihil

212 2424 336 2469 neeesse
358 2409 448 2469 nobis
469 2409 561 2469 fuerit
583 2410 729 2470 catholici
752 2409 876 2472 lectoris
899 2414 1050 2485 animum,
1075 2418 1108 2472 ut
1130 2412 1158 2471 ei
1179 2414 1320 2470 nostram
1341 2410 1425 2468 hanc
1446 2409 1616 2469 editionem
1648 2414 1915 2487 commendemus,

213 2490 366 2550 affectatis
396 2490 540 2551 Auctoris
571 2508 740 2568 operumve
768 2492 865 2570 ipsius
896 2492 1042 2553 laudibus
1072 2492 1226 2572 pellicere.
1260 2489 1334 2560 Quis
1366 2489 1449 2548 enim
1484 2507 1603 2562 eorum,
1636 2491 1689 2568 qui
1719 2492 1769 2550 vel
1801 2493 1917 2570 primo-

211 2570 298 2631 ribus
327 2569 425 2629 labris
446 2569 688 2631 ecelesiasticam
710 2570 917 2633 delibaverint
948 2574 1125 2643 historiam,
1158 2571 1351 2630 inticiaturus
1382 2575 1428 2629 est
1459 2571 1566 2629 omnia
1596 2570 1628 2628 in
1653 2571 1820 2631 Ambrosio
1850 2590 1917 2633 ma-

212 2650 298 2711 xima
319 2650 472 2711 exstitisse
494 2670 530 2711 ac
552 2651 645 2729 plane
667 2652 864 2729 singularia?
887 2654 968 2713 Sane
990 2654 1117 2733 quidem
1138 2652 1171 2711 in
1191 2651 1333 2711 confesso
1356 2656 1402 2708 est
1423 2648 1507 2709 illius
1529 2651 1568 2708 ad
1583 2649 1802 2728 episcopatum
1822 2671 1916 2713 voca-

211 2731 340 2804 tionem,
363 2732 396 2791 in
418 2732 600 2810 episcopatu
621 2731 864 2792 sollicitudinem
886 2738 979 2811 atque
1002 2733 1220 2802 constantiam,
1245 2732 1276 2790 in
1299 2730 1384 2790 omui
1405 2730 1469 2789 vita
1491 2728 1714 2807 integritatem,
1737 2732 1917 2795 humanita-

210 2816 286 2881 tem,
310 2810 506 2888 religionem,
530 2810 671 2889 aliasque
692 2812 823 2871 virtutes
845 2812 1011 2891 splendore
1032 2813 1154 2873 fulsisse
1175 2830 1238 2872 non
1260 2811 1396 2882 usitato;
1430 2809 1559 2887 solaque
1590 2807 1675 2869 illius
1706 2813 1916 2889 magnanimi-

211 2894 275 2949 tate
297 2890 375 2949 adeo
397 2891 574 2967 perculsum
597 2890 690 2951 luisse
712 2890 923 2952 Theodosium
946 2896 1103 2972 Magnum,
1129 2898 1161 2952 ut
1183 2891 1319 2969 eruperit
1339 2891 1371 2949 in
1392 2890 1461 2949 haeo
1488 2890 1604 2949 verba:
1640 2889 1822 2972 Episcopum
1851 2894 1916 2958 vidi

211 2970 681 3047 neminempraeterAmbrosium
697 2971 826 3052 (Theod.
851 2973 929 3033 Hist.
954 2974 1007 3035 lib.
1031 2993 1062 3046 v,
1087 2992 1112 3033 c.
1138 2973 1196 3052 tr).
1231 2972 1320 3042 Quod
1350 2988 1424 3029 vero
1446 2971 1485 3030 ad
1517 2970 1693 3030 doctrinam
1714 2971 1792 3048 ejus,
1825 2974 1914 3035 illam

211 3068 275 3111 non
296 3048 391 3109 modo
413 3051 512 3111 sancti
532 3052 651 3121 Patres,
675 3053 789 3111 summi
809 3052 985 3126 Pontifices,
1009 3054 1202 3115 oeeumenica
1223 3051 1356 3111 concilia
1377 3051 1519 3111 certatim
1534 3049 1695 3127 exquisitis
1710 3052 1821 3130 elogiis
1835 3074 1915 3133 prm·

212 3130 366 3201 dicarunt,
389 3148 499 3191 verum
520 3132 614 3191 etiam
635 3132 760 3210 ipsimet
782 3133 930 3193 haeretiei.
955 3136 1015 3196 Sed
1035 3153 1092 3195 nee
1115 3134 1200 3194 aliud
1222 3132 1394 3209 quidquam
1417 3132 1517 3207 magis
1539 3129 1678 3189 declarat
1699 3139 1819 3210 quanta
1839 3136 1914 3195 doc-

211 3211 302 3271 trinae
325 3229 361 3271 ac
383 3209 569 3291 eloquentiae
592 3213 638 3271 vis
659 3213 751 3272 fuerit
772 3212 803 3271 in
829 3214 1005 3287 Ambrosio,
1050 3234 1144 3293 quam
1175 3212 1365 3290 Augustinus
1405 3210 1444 3269 ab
1475 3227 1578 3268 errore
1608 3210 1649 3269 ad
1678 3230 1787 3272 reram
1817 3214 1912 3275 fidem

210 3291 352 3353 Doctoris
373 3292 470 3351 nostri
492 3310 588 3370 opera
609 3299 639 3352 et
660 3292 860 3353 concionibus
881 3302 1054 3356 resocatus.
1077 3298 1143 3355 Hac
1159 3294 1274 3372 quippe
1294 3308 1357 3348 una
1376 3289 1509 3349 uictoria
1530 3289 1589 3349 sibi
1603 3295 1758 3368 tropaeum
1781 3312 1817 3353 ac
1845 3314 1913 3355 mo-

209 3378 394 3432 numentum
416 3389 477 3431 aere
499 3373 665 3451 perennius
686 3374 783 3433 erexit
804 3380 929 3435 sanctus
951 3377 1001 3435 hic
1023 3374 1151 3435 Praesul.
1172 3372 1295 3432 Utinam
1310 3387 1384 3429 vero
1406 3370 1572 3429 neotericis
1593 3370 1688 3430 etiam
1710 3374 1913 3435 heterodoxis

209 3453 316 3532 magui
337 3452 502 3530 Augustini
523 3452 701 3531 exemplum
723 3454 839 3515 imitari
861 3455 975 3516 libeatl
1000 3456 1081 3515 Illud
1102 3454 1242 3533 prolecto
1260 3450 1332 3528 jure
1353 3449 1511 3510 affirmare
1533 3468 1712 3528 possumus,
1737 3453 1775 3512 de
1796 3453 1913 3517 Christi

209 3533 429 3612 presentiam
471 3539 677 3606 sacramente,
702 3534 894 3613 depotestatc
917 3543 1010 3615 atque
1033 3536 1172 3595 clavibus
1194 3530 1351 3601 Ecclesiae,
1375 3531 1413 3590 dc
1444 3530 1628 3591 necessitate
1648 3532 1805 3594 bonorum
1838 3554 1913 3613 ope-

207 3632 288 3689 rum,
312 3613 513 3673 veneratione
536 3613 750 3691 reliquiorum,
782 3616 947 3676 beatorum
978 3617 1117 3677 coelitum
1147 3612 1356 3682 invocatione,
1389 3615 1454 3669 tam
1485 3612 1608 3671 disertis
1637 3613 1740 3672 verbis
1771 3614 1911 3675 locutum

206 3711 272 3753 esse
293 3694 503 3766 Ambrosium,
529 3700 561 3753 ut
582 3694 662 3753 nihil
685 3696 821 3772 apertius
843 3714 934 3774 aequo
956 3695 1163 3775 prudentique
1184 3691 1295 3750 lectori
1325 3692 1536 3768 expetendum
1566 3690 1615 3751 sit.
1649 3692 1805 3754 Gaeterum
1836 3714 1908 3755 cum

204 3773 286 3835 inter
306 3774 368 3834 alia
390 3774 441 3833 isti
462 3773 635 3833 refractarii
657 3776 799 3835 codicum
822 3776 976 3835 editorum
997 3776 1035 3835 de
1058 3773 1276 3853 pravationem
1297 3771 1503 3831 criminentur
1524 3790 1620 3850 quam
1652 3772 1907 3850 invidiosissime,

204 3854 373 3915 editionem
395 3860 534 3914 nostram
557 3848 617 3914 hdo
639 3860 778 3933 tempore
802 3874 863 3933 quo
885 3856 966 3933 regis
987 3856 1087 3933 pietas
1109 3869 1235 3913 omnem
1257 3870 1346 3911 suam
1368 3852 1587 3912 auctoritatem
1611 3853 1650 3911 ad
1672 3852 1911 3915 haereticorum-

204 3936 439 3996 conversionem
461 3934 592 4005 conseri,
616 3954 778 4013 speramus
799 3954 862 3994 non
884 3936 949 3995 sine
980 3936 1082 3995 fructu
1113 3934 1279 3994 exituram.
1302 3931 1335 3991 ln
1366 3950 1428 4009 qua
1459 3932 1641 3993 exornanda
1671 3934 1788 4011 quida
1817 3936 1910 3996 nobis

204 4016 378 4093 praestitum
400 4015 504 4085 luerit,
528 4014 745 4093 explicabitur,
770 4020 937 4093 postquam
958 4014 1110 4075 nonnulla
1131 4014 1170 4073 de
1191 4012 1352 4073 veteribus
1373 4012 1562 4073 editionibus
1577 4031 1647 4091 ques
1669 4015 1702 4073 in
1732 4015 1828 4076 variis
1849 4018 1910 4077 Eu-

203 4113 289 4173 ropae
312 4095 389 4155 locis
411 4095 531 4157 emissae
554 4100 636 4167 sunt,
660 4096 914 4174 premiserimus

242 4174 368 4236 Nullam
390 4176 604 4255 porrovidere
625 4175 715 4235 nobis
737 4176 868 4253 contigit
890 4175 1099 4253 antiquiorem
1121 4192 1158 4234 ea
1188 4192 1284 4252 quam
1315 4172 1469 4235 Mallellus
1498 4174 1607 4246 Venia,
1640 4174 1814 4234 monachus
1843 4176 1906 4235 Au-

202 4256 408 4332 gustiuianus,
431 4256 597 4316 Ambrosio
619 4255 751 4326 Gorou0,
776 4254 915 4332 ejusdem
937 4256 1055 4315 ordinis
1075 4254 1225 4333 generali,
1248 4253 1414 4314 dedicavit.
1439 4254 1474 4314 ln
1495 4254 1550 4314 illa
1572 4254 1696 4332 quidem
1719 4252 1903 4331 nequeloei,
1929 4319 1933 4332 .

202 4352 303 4415 neque
324 4337 474 4415 temporis
496 4342 613 4396 certam
635 4334 773 4413 aliquam
796 4339 902 4394 notam
925 4336 1161 4414 deprehendas:
1185 4335 1237 4394 sed
1260 4334 1333 4393 inde
1355 4334 1462 4394 forsan
1484 4334 1638 4412 conjicere
1652 4333 1745 4393 liceat
1760 4334 1904 4393 eamdem

201 4416 285 4475 etin
307 4415 409 4489 ltalia,
433 4423 463 4477 et
485 4423 558 4477 ante
579 4434 696 4474 annum
729 4414 805 4474 1185
836 4413 997 4493 vulgatam
1020 4433 1108 4488 esse;
1139 4420 1208 4475 tum
1261 4416 1324 4474 uod
1355 4414 1458 4475 lormh
1479 4414 1595 4475 codicis
1625 4419 1655 4473 et
1685 4414 1903 4474 characterum

200 4512 272 4555 cum
294 4496 367 4569 alia,
391 4498 429 4557 dc
452 4516 513 4577 qua
531 4495 599 4574 jam
621 4495 770 4565 dicemus,
794 4493 888 4572 plane
910 4496 1065 4567 convenit,
1088 4500 1155 4555 tum
1179 4435 1262 4573 quob
1285 4495 1424 4555 Coranus
1454 4494 1507 4555 ille
1538 4510 1592 4553 seu
1621 4490 1807 4553 Coriolanus
1837 4512 1904 4555 me·

199 4583 322 4637 morato
345 4596 427 4637 anno
449 4579 531 4637 diem
554 4594 645 4635 suurn
668 4577 774 4634 Romae
798 4574 885 4635 obiit.
908 4575 1013 4636 Altera
1034 4575 1090 4636 illa
1112 4576 1218 4647 edilia,
1242 4579 1370 4635 curante
1392 4573 1539 4634 Gribellio
1561 4573 1755 4651 presbytero,
1781 4573 1900 4634 Medio-

198 4654 263 4716 lani
285 4675 367 4718 anno
391 4658 468 4717 1190
490 4655 604 4734 prodiit
626 4655 709 4732 apud
732 4654 918 4733 magistrum
940 4658 1137 4717 Leonardum
1158 4655 1294 4717 Pachel:
1327 4672 1396 4732 quae
1428 4651 1521 4712 simul
1543 4670 1615 4711 cum
1645 4652 1807 4731 superiore
1839 4671 1904 4715 ser-

196 4742 289 4797 vatur
311 4738 393 4815 apud
417 4738 477 4796 RR.
501 4735 559 4795 PP.
584 4734 751 4794 canonicos
773 4735 931 4813 regulares
954 4739 1076 4798 Sanctae
1098 4737 1263 4797 Genoveiae
1284 4732 1476 4795 Parisiensis.
1500 4734 1638 4810 Utraque
1668 4737 1774 4793 autem
1805 4732 1900 4794 valde

197 4816 381 4897 imperfecta
402 4822 458 4887 est,
483 4833 519 4873 ac
541 4832 657 4893 paucos
679 4815 848 4875 admodum
870 4822 1022 4877 tractatus
1045 4816 1292 4895 comprehendit.
1521 4811 1524 4817 ’

235 4897 309 4957 Post
332 4897 410 4956 duos
432 4913 531 4955 annos
552 4912 615 4955 uon
637 4895 829 4955 mediocrem
857 4895 983 4958 laudem
1013 4897 1119 4957 retulit
1153 4898 1290 4958 loannes
1320 4892 1557 4965 Amerbachius,
1589 4892 1667 4952 civis
1696 4891 1896 4965 basileensis,

196 4978 279 5055 quod
302 4974 485 5053 conquisitis
507 4976 766 5054 congregatisque
789 4976 995 5056 undecunque
1017 4978 1224 5055 plurimorum
1245 4993 1281 5033 ac
1312 4972 1545 5050 praecipuorum
1575 4973 1734 5034 Ambrosii
1765 4991 1897 5052 operum

195 5055 437 5135 exemplaribus,
473 5056 580 5115 eatlem
612 5073 706 5133 opera
737 5058 852 5116 intres
883 5064 987 5137 partes
1016 5058 1183 5116 distributa
1214 5054 1344 5113 totidem
1374 5052 1588 5112 voluminibus
1624 5054 1807 5133 complexus
1838 5058 1895 5113 est.

194 5138 296 5215 Atque
318 5135 412 5194 etiam
434 5155 497 5215 quo
520 5137 687 5197 editionem
710 5154 797 5195 suam
819 5137 978 5199 utiliorem
999 5137 1146 5207 efficeret,
1170 5134 1293 5211 rogavit
1314 5133 1468 5193 loannem
1490 5132 1528 5193 de
1557 5134 1685 5212 Lapide,
1716 5134 1899 5193 Carthasia-

194 5234 269 5275 num
291 5214 508 5286 parisiensem,
532 5223 576 5289 ut,
601 5216 731 5295 singulis
754 5216 841 5277 libris
863 5219 894 5278 in
916 5224 1036 5279 certum
1058 5216 1195 5295 capitum
1217 5230 1382 5273 numerum
1403 5212 1523 5284 divisis,
1548 5232 1639 5274 suum
1661 5213 1773 5293 cuique
1801 5214 1898 5291 capiti

194 5300 315 5373 aptaret
337 5304 576 5373 argumentum:
601 5298 684 5375 quod
707 5297 875 5357 ellectum
906 5304 961 5359 est.
995 5297 1176 5376 Optandum
1205 5312 1280 5355 vero
1310 5292 1389 5353 illud
1419 5292 1532 5365 luerat,
1564 5300 1598 5353 ut
1628 5293 1894 5370 quemadmodum

193 5374 299 5453 plures
321 5379 471 5438 tractatus
492 5378 581 5438 nohis
603 5378 710 5448 edidit,
735 5376 778 5437 ita
800 5379 893 5438 etiam
916 5377 988 5439 illos
1019 5377 1165 5437 edidisset
1195 5373 1433 5436 emendatiores.
1468 5374 1528 5434 Sed
1557 5375 1589 5433 in
1619 5373 1680 5432 hoc
1710 5373 1898 5433 industriam

192 5451 423 5532 diligentissimi
444 5459 626 5537 bibliopolae
648 5458 858 5536 agnoscimus,
883 5460 967 5535 quod
988 5463 1053 5517 tam
1076 5457 1192 5517 multos
1213 5455 1347 5534 reperit:
1381 5453 1465 5533 quod
1486 5460 1551 5513 tam
1581 5452 1781 5529 depravatos,
1813 5452 1896 5530 inju-

191 5534 246 5595 riae
269 5540 445 5615 temporum
468 5540 644 5599 tribuimus.
668 5541 754 5598 Hanc
777 5542 880 5597 autem
904 5538 1074 5598 editionem
1103 5555 1185 5596 auno
1217 5538 1293 5596 1506
1323 5535 1437 5595 iterum
1464 5531 1565 5623 praelo
1598 5530 1730 5609 subjecit
1757 5533 1895 5593 loannes

189 5614 274 5676 Petri
295 5616 333 5676 de
355 5619 563 5697 Langendorl,
588 5614 805 5697 typographus
827 5636 954 5696 qaoque
975 5617 1181 5679 Basileensis:
1206 5636 1224 5676 a
1245 5633 1307 5695 quo
1329 5613 1409 5674 nihil
1431 5610 1515 5671 ahud
1538 5611 1636 5690 priori
1657 5610 1704 5672 illi
1735 5610 1894 5689 adjectum

186 5694 245 5757 fuit
269 5702 384 5773 praeter
403 5699 538 5759 iudicem
562 5699 730 5758 admodum
753 5696 928 5775 copiosum,
953 5701 1037 5781 quod
1059 5696 1229 5775 Reatinum
1249 5695 1423 5779 floriparum
1442 5691 1611 5772 inscripsit.
1635 5690 1730 5771 Cujus
1764 5692 1893 5771 quidem

183 5776 311 5855 registri
332 5775 451 5837 utilitas
472 5777 616 5839 Conrado
639 5776 804 5839 Leontorio
825 5797 861 5845 ex
884 5780 998 5853 ordine
1018 5777 1216 5851 Gistercieasi
1234 5780 1324 5843 tanta
1344 5773 1412 5839 visa
1432 5777 1489 5848 est,
1505 5777 1537 5837 et
1555 5770 1635 5837 illud
1654 5790 1747 5838 versu
1768 5776 1798 5838 et
1820 5790 1893 5857 pro·

178 5870 212 5915 sa
238 5852 399 5919 celebrare
420 5875 484 5922 non
505 5860 545 5923 sit
566 5863 724 5943 gravatus.
