4159 6184
176 4676 180 4681 .
260 4616 336 4686 [¹⁴9tt

252 296 313 356 cis
980 298 1013 359 e.
1037 294 1226 360 lunensii
1743 287 1749 301 '
1871 302 1918 367 oio

252 428 312 485 vita
326 425 432 482 Christi
446 426 476 481 in
492 426 577 483 nobis
601 426 812 485 manifestetur.
839 428 901 484 Non
924 444 991 502 ergo
1011 430 1076 501 jam
1091 429 1119 495 Α
1134 442 1307 486 maneamus
1321 427 1351 483 in
1374 428 1505 485 veritate.
1526 425 1556 483 Si
1579 439 1749 484 maneamne
1769 426 1797 483 in
1817 428 1918 498 Gbnsm,

243 518 384 572 nimirem
398 512 479 569 illam
494 513 596 583 vitam,
618 515 667 573 sed
692 515 799 573 Christi
823 516 914 573 vitam
938 516 1074 587 vivimus,
1132 534 1306 575 maneamus
1320 515 1350 572 in
1367 516 1496 587 veritate,
1512 519 1541 573 et
1556 531 1624 573 cum
1647 530 1681 573 ec
1704 515 1881 589 manebimus,
1899 528 1923 579 ot

251 602 340 660 vitem
354 602 537 672 innocentia,
559 603 648 659 vitem
673 603 864 672 castimonie,
889 606 980 662 vitam
1004 604 1076 661 sim·
1133 622 1192 662 non
1206 604 1431 679 preteribimus,
1446 604 1499 661 sed
1514 603 1665 661 dicemus:
1683 603 1862 664 «Benedictio
1875 608 1923 666 Do-

252 690 391 765 plieitatis
406 691 598 764 omniumque
618 692 771 750 virtutum.
797 695 869 752 Cum
892 694 1009 752 Christo
1033 709 1077 749 re·
1133 695 1206 750 mini
1221 711 1310 767 super
1322 710 1384 763 vos,
1399 692 1603 750 benediximus
1617 692 1700 749 vobis
1714 691 1743 748 in
1757 694 1864 753 nomine
1880 701 1925 755 Dc-

253 780 445 851 surreximus,
463 781 492 838 in
508 780 730 853 ipsorivamus,
747 782 1078 856 inipccascendsmus;
1134 782 1207 838 mini
1226 783 1311 856 (Prot.
1340 799 1456 849 cmviii,
1483 782 1554 855 8).u
1583 780 1638 846 Qui
1663 779 1740 837 enim
1766 787 1926 855 praterennt,

254 874 288 926 ut
302 885 421 943 serpens
437 868 605 925 calcaneum
622 873 756 928 nostrum
779 872 857 945 quod
881 871 1023 939 vulneret,
1047 870 1078 925 in
1134 889 1192 928 non
1209 875 1334 945 possunt
1347 871 1454 937 dicere,
1470 869 1540 943 quis
1554 886 1613 927 non
1627 868 1760 927 dixerunt
1777 876 1928 943 pratereun-

256 960 340 1015 terris
356 957 481 1031 reperire
497 975 555 1014 non
571 960 673 1031 possit.
1133 964 1178 1017 tes
1208 960 1311 1017 viam:
1339 982 1354 1011 ι(
1386 959 1551 1017 Benedictio
1584 958 1701 1016 Domini
1728 975 1814 1032 super
1840 977 1893 1032 ros,
1917 986 1929 1013 s

562 1064 678 1121 CApUT
699 1067 771 1123 VHp·
1133 1049 1384 1122 quemadmodum
1399 1048 1472 1104 dixit
1491 1047 1645 1120 Propheta.
1661 1047 1761 1119 ltaque
1777 1047 1801 1105 si
1814 1048 1930 1107 volumus

256 1152 389 1223 Quomodo
405 1154 469 1209 ticet
483 1154 527 1208 iiic
541 1156 711 1210 retineamur
724 1172 845 1227 corpore,
872 1164 963 1213 umeri
985 1158 1080 1210 animo
1134 1155 1192 1195 ¹¹⁰⁰
1221 1138 1368 1209 preterire
1396 1154 1484 1210 ⁰90?st
1518 1139 1629 1204 ¹¹⁰⁸il⁸i
1658 1152 1716 1191 ¹¹⁰⁰
1751 1141 1932 1209 imiimi!

289 1224 394 1295 [cipere
412 1228 556 1295 possimus,
581 1226 660 1297 cique
683 1227 748 1283 caleo
772 1227 934 1283 debeamus:
960 1243 995 1283 rie
1016 1243 1080 1281 eum
1134 1227 1274 1283 mandata
1290 1227 1350 1293 Dei,
1370 1243 1429 1282 non
1458 1230 1666 1299 pretereamus
1692 1225 1851 1297 requirendi
1875 1226 1932 1283 lesi

287 1298 470 1367 Pffl’imimoe
484 1296 576 1365 fidula
591 1297 673 1369 indui
689 1298 786 1353 muudi
800 1316 882 1371 Olim
896 1303 991 1355 'milia
1016 1313 1078 1353 ⁷²⁰³·
1134 1315 1250 1371 Domini
1266 1314 1462 1388 diligentiam,
1476 1314 1626 1371 emerendi
1645 1313 1710 1385 ejus
1732 1314 1861 1385 gratiam.
1883 1315 1934 1373 lion

290 1382 342 1494 gne}
356 1383 412 1493 ζιρῧ
423 1370 638 1509 sszssfflffi
655 1369 727 1495 {m
739 1368 1081 1513 ζεοθθῶιιξῖᾗξαῑᾶἶξέἕῧῖἕ
1134 1403 1290 1487 preterivit
1303 1419 1370 1459 aum
1383 1402 1434 1458 illa
1449 1400 1633 1474 mulierque
1654 1416 1748 1473 usque
1770 1400 1799 1457 in
1819 1401 1935 1459 Pharisai

287 1511 458 1580 profectum·
481 1509 708 1580 quenadmodum
734 1512 857 1583 piurese
881 1514 984 1569 acuetis
1006 1515 1080 1567 oeu-
1135 1489 1893 1564 d⁰ffl¹¹11¹iss8l0⁸⁸⁸2l1¹tl⁰³0hfi⁸i¹¹⁸fflfflfflbssbii,
1913 1491 1937 1547 5¹²

291 1582 370 1637 ribus
383 1582 479 1650 secisse
494 1589 661 1651 compertum
675 1586 723 1637 est.
1136 1581 1225 1652 pedes
1240 1582 1304 1651 ejus
1320 1578 1487 1651 superfudit
1502 1582 1697 1652 unguentum.

291 1670 334 1724 45.
352 1668 512 1741 Fugiamus
538 1667 616 1724 hinc.
645 1672 731 1725 Potes
760 1671 857 1727 animo
886 1671 995 1743 iugero,
1025 1668 1080 1725 etsi
1171 1670 1216 1723 47.
1237 1668 1300 1724 Non
1328 1672 1535 1740 pretereamus
1559 1665 1721 1739 discipline
1745 1666 1865 1739 alicujus
1885 1684 1939 1741 pro·

257 1757 392 1813 retineris
408 1773 537 1829 corpore.
555 1756 639 1813 Potes
655 1761 683 1813 et
698 1758 744 1815 liic
769 1776 842 1829 esse,
868 1764 897 1815 et
921 1760 1022 1815 adesse
1044 1757 1080 1813 eil
1139 1758 1259 1824 lectum,
1284 1756 1361 1811 sieut
1387 1756 1476 1813 etiam
1504 1755 1612 1827 loseph
1642 1754 1870 1812 adolescentulus
1893 1772 1939 1811 non

259 1845 431 1911 Dominum,
448 1845 471 1901 si
483 1844 524 1899 illi
549 1845 694 1902 adhaereat
705 1846 1082 1920 oniniatua,sipcstipsum
1137 1845 1311 1916 praeterivit:
1328 1844 1397 1916 quia
1413 1844 1517 1900 iratres
1532 1860 1601 1901 suos
1616 1843 1796 1916 requirebat,
1808 1844 1941 1900 etadeum

258 1932 483 2006 cogitationibus
509 1933 569 1990 tuis
590 1933 735 2002 ambules,
761 1936 785 1991 si
810 1937 877 2006 fide,
902 1952 960 1991 non
988 1935 1083 2007 speeie
1137 1933 1295 1990 festinabat
1310 1933 1416 2001 locum,
1433 1932 1463 1988 in
1479 1949 1537 2004 quc
1552 1933 1713 2005 pascebant
1731 1948 1817 2001 cves;
1839 1936 1866 1988 et
1887 1948 1942 1987 cum

257 2021 320 2077 vias
336 2022 400 2093 ejus
429 2022 574 2094 sequaris,
595 2022 618 2079 si
649 2024 685 2079 ad
714 2023 812 2095 ipsum
841 2023 1003 2096 confugias.
1034 2023 1084 2079 llet
1137 2020 1323 2093 cognovisset
1350 2022 1464 2094 quiain
1493 2021 1628 2077 Dothaim
1658 2024 1739 2091 sunt,
1769 2020 1886 2094 perrexit
1907 2035 1942 2075 eo.

258 2111 336 2167 enim
353 2110 500 2181 refugium
515 2113 544 2165 et
567 2110 671 2179 virtus,
698 2114 745 2168 eui
771 2113 842 2169 dicit
864 2112 974 2169 David:
1001 2134 1015 2163 ι(
1039 2112 1082 2167 Ad
1138 2110 1326 2182 significatur
1340 2115 1438 2165 nutem
1454 2108 1751 2165 illeverbcDothaim
1763 2108 1944 2166 deiectusido·

258 2203 287 2255 te
300 2198 429 2271 coniugi,
446 2202 475 2255 et
490 2215 548 2255 non
564 2214 630 2255 sum
646 2201 785 2273 deceptus
801 2202 886 2273 (Prot.
904 2218 997 2269 cxxvi,
1012 2201 1051 2273 3).
1066 2223 1080 2252 »
1139 2215 1222 2264 neus,
1243 2198 1273 2253 id
1298 2201 1353 2266 est,
1376 2214 1518 2255 renerum
1542 2197 1717 2271 opinionum
1742 2198 1876 2266 delectus,
1897 2212 1945 2253 non

258 2288 417 2363 Drgoquie
435 2287 513 2344 Deus
539 2289 696 2363 refugium,
728 2290 804 2347 Deus
830 2294 928 2347 autem
957 2290 986 2346 in
1011 2289 1082 2346 coelo
1139 2286 1306 2353 mediceris,
1322 2287 1374 2343 sed
1389 2287 1535 2360 perlectus
1550 2289 1579 2342 et
1592 2283 1710 2359 plenus,
1734 2285 1766 2343 in
1791 2302 1847 2359 quo
1868 2284 1946 2358 prole·

259 2382 288 2433 et
302 2394 392 2450 snpra
406 2376 513 2433 eoelcs:
535 2378 637 2449 utiquc
653 2379 730 2435 m
745 2379 814 2435 hine
838 2378 888 2435 illo
911 2378 1082 2451 confugien-
1138 2380 1203 2430 ctus
1218 2378 1263 2431 eet
1278 2374 1393 2431 anima.
1410 2374 1532 2446 Sapiens
1545 2373 1624 2433 enim
1640 2375 1761 2447 quando
1777 2372 1880 2430 minuit
1891 2373 1945 2445 (37),

259 2468 400 2535 dumest,
418 2466 467 2522 ubi
491 2484 557 2539 pax,
583 2467 632 2522 ubi
656 2467 772 2540 requies
796 2468 832 2523 ab
857 2467 1005 2540 operibus,
1033 2466 1084 2523 ubi
1138 2462 1227 2518 addit.
1245 2462 1391 2520 Deficiunt
1414 2462 1493 2519 enim
1521 2462 1677 2519 seculares
1707 2463 1869 2537 opiniones,
1895 2478 1948 2535 qua

259 2554 413 2629 epulemur
444 2556 606 2611 Sabbatum
638 2572 780 2629 magnum
815 2557 881 2629 (ie),
912 2556 988 2613 sicut
1011 2555 1085 2612 dixit
1140 2549 1313 2606 mulieribus
1338 2551 1463 2607 infirmis
1491 2554 1710 2624 comparantur.
1740 2551 1823 2608 Unde
1844 2550 1946 2625 pulchre

259 2646 393 2718 Moyses:
421 2667 434 2693 α
464 2645 499 2699 lit
527 2648 613 2700 erunt
641 2645 764 2701 sabbata
793 2648 875 2701 terra
903 2644 985 2701 vobis
1012 2661 1084 2701 asca
1139 2655 1196 2711 quc
1212 2640 1416 2695 ostenderetur
1430 2642 1501 2695 Sara
1515 2638 1551 2694 ad
1571 2639 1740 2711 proiectum
1764 2639 1875 2695 venisse
1895 2638 1948 2710 (38),

259 2734 353 2807 (tevit.
369 2751 433 2801 xxv,
449 2735 477 2805 5,
492 2733 529 2805 6).
548 2756 559 2783 ι
585 2732 786 2805 Dpulctorium
811 2733 889 2789 enim
912 2737 941 2789 et
963 2731 1084 2806 plenum
1139 2731 1172 2783 ut
1186 2732 1339 2801 generaret
1352 2726 1444 2782 risum
1461 2732 1489 2782 et
1503 2726 1656 2783 letitiam:
1675 2750 1691 2780 a
1711 2728 1894 2794 Deiecerunt,
1914 2726 1949 2780 iii·

254 2822 451 2895 jucunditatis
466 2826 495 2877 et
516 2820 738 2893 tranquillitatis
765 2828 820 2891 est,
849 2822 1029 2894 requiescere
1053 2822 1083 2877 in
1138 2816 1212 2889 quit,
1229 2814 1639 2887 Saraeiierimuliebrietden.
1663 2833 1749 2888 xviii,
1778 2816 1865 2889 14).»
1886 2815 1953 2871 Dona

259 2910 384 2978 Christo,
401 2913 429 2965 et
453 2910 516 2979 ejus
546 2907 768 2966 delectationem
797 2908 902 2965 videre.
933 2910 986 2974 Qui
1015 2924 1084 2982 ergc
1138 2921 1206 2977 ergo
1221 2904 1343 2961 desectio
1359 2904 1565 2976 cupiditatum,
1582 2904 1709 2962 deiectio
1726 2903 1873 2973 vanitatis,
1896 2899 1953 2975 quic

259 2998 445 3071 confugimus
463 2998 499 3052 ed
524 2996 627 3068 Deum,
653 2998 688 3053 ed
714 2998 857 3053 mundum
882 2997 1085 3054 revertemur?
1137 2993 1269 3050 veritatis
1285 2993 1408 3065 adjectio
1427 2997 1481 3049 cst.
1500 2993 1581 3050 Unde
1595 2997 1625 3050 et
1639 2998 1768 3052 sanctus
1792 2992 1881 3052 David
1902 2991 1952 3048 uit:

259 3085 313 3149 Qui
327 3091 445 3158 peceato
467 3085 576 3141 mortui
606 3102 722 3153 sumus,
752 3091 872 3158 peecata
896 3085 1085 3159 repetemus?
1140 3103 1155 3132 «
1171 3081 1323 3138 Deiecitin
1338 3080 1567 3139 salutaretuum
1583 3082 1954 3154 animameeffcotexiiu,

259 3172 974 3245 Quiranuniiavimussaculoeiusuiejiis,iterum
984 3157 1121 3231 inluth
1139 3171 1196 3243 81).
1212 3193 1226 3222 »
1243 3170 1377 3227 Puriturii
1390 3169 1499 3227 etenim
1513 3176 1577 3227 erat
1590 3187 1656 3244 quaa
1671 3174 1869 3237 concesserat,
1879 3183 1956 3241 eoque

259 3264 324 3336 ejus
338 3262 535 3321 haerebimus?
1140 3263 1169 3315 et
1183 3258 1358 3332 premiserat
1372 3259 1450 3315 Deus
1465 3260 1522 3331 (39)
1536 3277 1543 3329 ;
1560 3260 1697 3333 paritura
1710 3260 1855 3327 laetitiam,
1874 3263 1901 3315 et
1919 3272 1957 3313 so·

295 3352 340 3407 io.
370 3351 529 3424 Fugiamus
555 3350 635 3419 hinc,
666 3350 735 3424 quia
762 3355 878 3424 tempus
911 3352 996 3407 breve
1028 3356 1083 3408 est.
1139 3346 1233 3403 briam
1249 3343 1958 3423 illcmjucnnditatisebrietatom3parituraante

259 3440 335 3497 Audi
351 3440 497 3512 quomodo
513 3439 625 3513 lugius:
645 3460 660 3490 κ
675 3440 710 3495 Et
724 3440 773 3513 qui
789 3439 899 3496 habent
913 3456 1027 3507 uxores,
1044 3441 1086 3497 ita
1139 3439 1349 3508 exspectatum,
1364 3434 1473 3509 ingenii
1489 3435 1635 3492 oeleriitit
1650 3438 1732 3494 ¹¹⁸⁷
1750 3441 1853 3509 parius
1863 3434 1914 3505 (⁴⁰.
1925 3432 1958 3487 si·

261 3530 368 3586 sintae
384 3529 408 3585 si
425 3545 481 3583 non
497 3528 643 3597 babeant;
660 3532 689 3584 et
703 3530 752 3601 qui
769 3529 849 3600 ssent,
865 3533 1006 3601 tanquam
1026 3545 1084 3587 non
1140 3530 1186 3580 ete
1199 3523 1358 3597 sapientia.
1374 3524 1506 3597 Denique
1520 3526 1550 3580 et
1564 3524 1600 3580 de
1615 3524 1685 3581 aliis
1702 3525 1836 3582 Hebroeis
1846 3518 1958 3579 mulieri·

259 3620 382 3697 flentes;
399 3616 492 3689 etqui
507 3618 646 3690 gaudent,
663 3621 804 3689 tanquam
825 3635 882 3675 nori
905 3618 1083 3691 gaudentes;
1139 3613 1195 3670 bus
1210 3612 1312 3679 habac,
1328 3612 1398 3685 quia
1413 3614 1536 3669 Hebraea
1551 3612 1634 3685 prius
1650 3615 1789 3687 pariunt,
1815 3628 1901 3686 quam
1920 3626 1959 3664 re-

259 3710 289 3764 et
301 3707 351 3781 qui
371 3710 481 3774 emunt,
502 3711 643 3779 tanquam
670 3722 727 3762 non
750 3705 933 3779 possidentes
948 3724 954 3775 ;
980 3710 1010 3762 et
1034 3706 1084 3779 qui
1140 3702 1223 3757 niani
1236 3702 1408 3758 obstetrices
1422 3700 1518 3773 (deod.
1534 3720 1556 3771 i,
1570 3701 1614 3767 19)
1627 3720 1634 3770 ;
1649 3718 1685 3758 eo
1702 3704 1785 3776 quod
1800 3702 1901 3758 anima
1918 3700 1959 3770 jc·

259 3796 315 3853 hoo
329 3796 440 3853 mundo
456 3800 587 3865 utuntur,
602 3800 745 3867 tanquam
769 3812 828 3851 uon
852 3798 982 3850 utantur.
1008 3794 1085 3850 Prae·
1139 3794 1252 3846 storum
1269 3807 1326 3846 non
1343 3793 1512 3862 exspectent
1526 3793 1604 3847 nites
1618 3794 1648 3847 et
1663 3791 1845 3865 disciplinas
1859 3791 1962 3864 propter

260 3886 327 3943 terit
342 3885 421 3941 enim
436 3885 531 3958 ligura
545 3884 636 3956 hujus
652 3883 755 3940 mundi
771 3884 795 3955 (l
809 3882 869 3939 Cor.
883 3899 932 3951 vii,
957 3882 1082 3955 29-3t)»
1139 3878 1341 3935 inventionum
1374 3894 1491 3951 genera,
1528 3894 1580 3935 nee
1608 3879 1771 3952 requirent
1805 3878 1961 3952 adjumenta

259 3976 322 4032 Nori
345 3990 414 4047 ergo
442 3990 509 4030 eum
537 3976 729 4045 pretereunte
752 3972 848 4045 ligura
871 3971 972 4026 mundi
997 3988 1086 4044 opera
1139 3966 1379 4041 generandi:sed
1395 3970 1500 4039 sponte
1526 3972 1628 4041 partus
1655 3985 1735 4026 auos
1765 3970 1899 4038 tundant,
1924 3979 1964 4021 ex·

260 4068 360 4123 nostra
373 4064 554 4137 praetereunt,
569 4077 604 4117 ne
619 4060 707 4117 etium
723 4059 779 4133 ipsi
792 4062 1010 4132 pretereemus,
1032 4062 1083 4117 sed
1139 4056 1408 4129 spectationemque
1423 4054 1612 4128 praeveniant.

259 4190 407 4255 ceruimus,
424 4187 452 4241 id
468 4188 522 4251 ast,
542 4186 578 4241 de
605 4185 692 4240 rebus
717 4183 905 4239 sacularibus
934 4185 1084 4242 contendi·
1140 4185 1333 4252 exspectatum.
1350 4180 1437 4236 Pauci
1456 4184 1521 4236 onte
1548 4185 1722 4239 reiectavit
1752 4184 1864 4255 inperii
1889 4183 1966 4252 (unua

261 4276 345 4315 mus:
372 4258 490 4339 partim.
505 4256 572 4339 quid
599 4256 690 4311 cdliue
717 4256 814 4311 iaculo
842 4255 1024 4324 derernimus,
1054 4257 1084 4312 id
1139 4253 1266 4333 inpendi)
1306 4253 1447 4377 eelerlrtcte
1488 4198 1633 4323 (nonnulli
1680 4253 1857 4338 celebritate)
1882 4252 1968 4377 perid?

261 4329 437 4471 espkgffiusisc
452 4328 715 4464 liillileiiilmelts‘Vale.,
735 4398 785 4454 tici
813 4398 955 4468 epulemur
982 4397 1084 4453 Satia—
1138 4323 1368 4477 §iggifflpofitaigca
1381 4324 1900 4465 lgiirgmiiirntiiifimdiitliisitfflgl'
1918 4332 1967 4447 noi

262 4474 320 4525 tum
334 4474 401 4541 ejus,
417 4472 519 4525 scilieet
533 4470 643 4533 Christi,
659 4477 685 4524 et
699 4472 821 4523 connium
838 4470 986 4524 uirtutum:
1014 4468 1085 4525 Sob—
1140 4466 1257 4522 aliunde
1270 4466 1428 4537 proiectam
1446 4480 1554 4534 remur,
1573 4481 1667 4538 qnam
1694 4484 1733 4523 ex
1757 4485 1793 4524 ec
1819 4466 1896 4540 quod
1919 4476 1966 4517 non

262 4544 356 4597 batum
371 4557 512 4613 magnum,
529 4546 583 4595 etc.
599 4540 671 4594 Vide
695 4538 845 4595 Philonem
874 4540 924 4595 lib.
955 4540 987 4595 de
1015 4525 1269 4621 Pro-Dviderent
1303 4540 1367 4591 onte
1398 4539 1591 4607 exspectomm,
1621 4554 1690 4619 ,quo
1732 4539 1872 4596 redditur
1906 4532 1968 4618 illud

318 4614 346 4666 '.
540 4683 544 4693 Ι
756 4683 761 4693 ⁶
807 4683 812 4693 ι
1057 4681 1062 4691 .
1139 4607 1265 4677 Philoni,
1294 4614 1366 4670 ὤςᾰν
1380 4614 1500 4680 apices,
1529 4607 1630 4663 reform
1659 4625 1725 4666 non
1755 4611 1795 4667 cd
1824 4612 1856 4665 iri
1874 4620 1967 4689 eurum

297 4684 353 4757 (37)
364 4682 483 4755 Sapiens
497 4699 572 4765 enim
586 4681 694 4753 quoodo
721 4684 908 4763 inicum-su·
936 4680 962 4737 ie
989 4698 1027 4743 ce,
1055 4682 1085 4737 id
1140 4682 1328 4763 autpertum,
1352 4694 1384 4733 se
1418 4678 1454 4734 cd
1481 4686 1586 4751 tempus
1614 4680 1701 4751 quod
1732 4627 1968 4753 subintelligitur,

261 4760 315 4822 est,
332 4755 450 4828 quondo
466 4756 618 4820 minuitur,
636 4768 670 4806 ex
684 4753 785 4807 ecdem
802 4751 874 4807 Phil.
891 4698 941 4807 lig.
962 4752 994 4808 de
1016 4753 1084 4808 Pro·
1139 4747 1530 4821 utinilloVirg.1vGeorq.

260 4829 353 4900 su9i⁵²
386 4834 466 4909 Ui
494 4834 566 4907 eope<
601 4832 642 4879 καὶ
679 4829 797 4879 ἐκλείπων
833 4831 984 4895 ''immin“
1022 4834 1086 4919 ’5²³4
1200 4857 1268 4907 Ante
1283 4857 1465 4919 exspectatum
1480 4855 1573 4919 positis
1587 4857 1640 4906 etat
1656 4856 1689 4906 in
1706 4858 1809 4909 ordine
1828 4856 1919 4909 emitis

260 4908 361 4967 Μωσῆν,
377 4898 427 4953 ubi
443 4895 583 4952 alluditur
597 4894 634 4950 ad
660 4893 730 4951 (ieri.
760 4911 824 4961 iiiiv,
854 4898 881 4964 8,
910 4902 1085 4952 antistamus

262 4978 447 5043 Μπροπτέθη,
461 4972 515 5024 eie,
612 5037 617 5046 Ι
733 5034 738 5046 ¹
1139 4961 1249 5019 Deinde
1263 4961 1342 5033 quod
1358 4960 1458 5016 minus
1473 4960 1671 5041 adverterent,
1690 4966 1778 5021 unde
1800 4979 1885 5021 voces
1905 4974 1969 5033 par·

297 5042 352 5115 (38)
366 5041 437 5097 Mes.
455 5056 513 5096 non
533 5054 619 5111 pauci
650 5050 702 5091 nee
732 5034 876 5092 interioris
902 5040 986 5105 nicta,
1015 5038 1084 5093 Sara
1140 5038 1193 5102 tui,
1210 5038 1238 5088 et
1252 5036 1326 5104 tuito
1339 5036 1518 5103 regerentur,
1535 5031 1769 5092 substituerunt
1791 5050 1892 5091 earum
1915 5030 1968 5086 100⁰

261 5112 296 5169 cd
309 5114 457 5183 perfectum
472 5112 586 5175 ianime,
603 5112 658 5163 etc.
1137 5113 1249 5231 flurium
1263 5120 1296 5158 ae
1309 5105 1375 5173 [eto.
1391 5102 1443 5158 Est
1470 5106 1568 5158 entem
1597 5100 1722 5177 ellipsis
1754 5104 1921 5180 supplenda
1945 5098 1970 5153 in

295 5184 352 5255 (39)
368 5184 414 5239 Sic
429 5182 497 5239 edit.
514 5188 569 5237 vet.
587 5196 653 5234 eum
669 5176 743 5235 Gall.
765 5194 834 5233 mss.
867 5177 924 5233 nisi
950 5177 1028 5249 quod
1054 5178 1084 5233 in
1161 5175 1368 5242 ammodum,
1386 5175 1515 5244 parituro
1519 5216 1572 5230 .....
1595 5180 1702 5246 portua
1728 5180 1782 5249 qui
1804 5181 1871 5234 sunt
1896 5177 1970 5245 scete,

262 5252 571 5327 quibusdamlegitur,
588 5267 667 5323 quem
685 5252 852 5304 eoiirrsierot
870 5250 908 5312 ei,
929 5252 954 5304 et
976 5252 1085 5320 promi·
1139 5252 1194 5304 etc.
1228 5246 1336 5301 Eodem
1369 5244 1473 5301 recidit
1504 5245 1529 5301 si
1562 5243 1646 5317 leges
1682 5255 1807 5318 parturii
1841 5248 1969 5319 ciseium.

260 5334 343 5381 semi.
360 5326 442 5381 Rom.
460 5325 609 5380 edituum
625 5339 683 5378 unc
697 5324 760 5376 Vat.
784 5322 846 5375 coil.
873 5336 932 5391 quae
955 5336 1084 5392 concepe-
1138 5316 1276 5386 Quamvis
1289 5333 1346 5371 non
1359 5331 1462 5373 eamus
1476 5315 1590 5373 inficiae
1606 5332 1739 5375 sensnm
1757 5320 1901 5393 aliquem,
1921 5329 1971 5370 ser·

262 5400 315 5461 rct,
328 5404 356 5449 ut
371 5398 544 5465 promiserat,
558 5400 612 5450 etc.
736 5394 742 5399 '
1138 5394 1206 5445 vcta
1219 5403 1288 5445 voce
1301 5390 1366 5469 fetu,
1379 5386 1443 5443 elici
1458 5403 1563 5471 pesse:
1580 5389 1633 5443 sed
1646 5396 1771 5459 nostro,
1784 5395 1970 5465 preterquam

297 5466 354 5537 (40)
371 5466 453 5522 ltcm.
471 5466 539 5521 edit.
569 5464 641 5531 sola,
666 5471 730 5520 cote
753 5465 939 5535 exspectatam
960 5466 1083 5533 portum,
1139 5460 1217 5543 quod
1232 5475 1326 5534 magis
1342 5458 1484 5518 naturalis
1500 5464 1554 5530 est,
1567 5457 1652 5519 Pbilo
1678 5462 1781 5523 etiam
1806 5460 1973 5536 suiiicgatiir

262 5537 368 5607 inperii
394 5536 532 5594 celsitate
563 5538 659 5609 saturn.
692 5534 773 5604 Aliae,
807 5536 871 5590 cute
902 5541 1086 5607 exspectatum
1137 5530 1189 5595 lib.
1207 5530 1255 5593 cii.

261 5608 417 5687 inperium,
446 5606 581 5667 eeleritate
607 5615 705 5684 portico
732 5608 789 5683 [eto
816 5604 887 5668 litae.
914 5620 993 5682 vero,
1022 5612 1085 5667 orte
