4159 6184
226 286 262 349 Η
839 281 1029 347 uetssout
1054 283 1334 349 nealcesotus.
1888 287 1926 348 {2

225 418 311 488 datii
316 415 484 510 preside,·
499 414 667 486 Ludoaico
686 417 808 506 Maquo
825 415 1032 484 moderatore
1047 417 1198 507 imperii:
1221 439 1341 507 nempe
1359 438 1504 507 maquus
1531 417 1690 487 Harleeus
1709 417 1790 487 cleri
1805 440 1926 509 praeses

223 538 341 608 requm
355 516 505 584 maximo
525 513 705 584 debebatur
712 535 726 597 ;
741 534 864 603 maqno
882 512 1021 582 Harlaeo
1045 515 1127 583 cleri
1146 515 1294 606 prasidi,
1321 515 1406 584 absit
1431 515 1528 584 verbo
1548 515 1688 599 invidia,
1716 515 1924 597 Ludooicus;

222 616 322 684 ambo
340 615 512 684 communi
523 611 701 682 sacerdotii
713 622 745 679 et
757 611 895 701 imperii
911 633 987 678 cum
999 612 1159 701 felicitati
1172 626 1244 681 tum
1257 614 1386 703 plorix.

270 718 349 783 Haec
362 726 400 782 ut
407 713 598 806 peculiaria
617 722 648 778 et
665 732 746 777 rara
764 707 811 777 ad
828 708 962 777 laudem
981 723 1069 790 sunt,
1093 711 1140 778 ita
1158 734 1291 779 summa
1299 734 1313 796 ;
1324 734 1431 802 neque
1446 712 1536 780 enirn
1551 711 1599 780 ad
1611 711 1747 782 laudem
1761 733 1926 780 commen-

225 813 460 904 dationemque
477 809 619 879 nominis
638 806 787 876 accidere
805 807 869 874 ulli
886 805 1071 898 quidquam
1091 809 1267 898 pluriosius
1278 822 1398 901 potest,
1416 833 1518 900 quam
1533 812 1564 879 si
1576 809 1742 880 Ludouico
1763 812 1836 901 reqi
1846 822 1928 902 post

226 913 425 981 memoriam
438 909 612 978 hominum
627 905 869 997 sapientissimo
878 905 1053 996 probetur.
1075 910 1179 977 Porro
1197 907 1261 976 sibi
1279 908 1476 998 probatum,
1503 922 1535 977 et
1559 907 1694 1001 quidem
1714 908 1926 1000 abundequo

220 1011 338 1102 potuit
355 1006 567 1078 luculentiori
583 1005 758 1073 clarioriue
782 1004 965 1072 testimonio
982 1005 1103 1095 palam
1123 1007 1237 1095 facere
1260 1005 1447 1074 Ludovicus
1473 1007 1542 1097 ipse
1561 1007 1676 1096 larqus
1693 1009 1770 1098 sons
1791 1007 1927 1075 lumirtis

225 1109 287 1189 sol,
308 1130 411 1199 quam
425 1127 500 1173 cum
515 1103 561 1171 ad
574 1101 749 1194 primaria
766 1101 958 1171 Galliarum
982 1102 1073 1170 urbis
1092 1102 1202 1170 sedem
1229 1127 1245 1170 e
1269 1104 1524 1194 metropolitana
1544 1105 1705 1175 Neasrrie
1725 1105 1926 1173 translatum

226 1207 350 1287 uoluit;
372 1202 420 1272 ad
432 1203 589 1271 artiorem
603 1199 794 1269 sacratioris
809 1200 994 1268 consistorii
1009 1201 1197 1269 societatem
1212 1202 1411 1291 assumpsit;
1433 1201 1480 1270 ad
1494 1203 1803 1294 frequentissimam
1823 1204 1927 1271 comi-

225 1318 314 1373 tatus
332 1313 363 1370 ct
382 1301 540 1390 colloquii
557 1298 675 1366 arcani
704 1297 972 1366 cousuetudinem
997 1298 1200 1367 aduocauit?
1223 1299 1349 1383 Quibus
1374 1299 1409 1368 in
1433 1300 1586 1369 omuibus
1602 1323 1668 1370 reon
1691 1312 1761 1369 tam
1779 1301 1927 1393 praemia

223 1401 417 1472 meritorum
436 1421 540 1489 quam
554 1397 675 1465 merila
688 1396 762 1486 apsa
781 1396 960 1464 miramur.

268 1501 335 1569 Illa
347 1510 436 1576 sunt,
458 1495 678 1564 illustrissime
692 1493 847 1562 Ecclesiae
869 1495 1035 1585 Princeps,
1048 1509 1279 1586 propterque
1292 1507 1403 1563 nostro
1420 1496 1498 1564 huic
1513 1496 1588 1565 licet
1600 1518 1668 1564 reon
1693 1497 1796 1576 tenui,
1815 1508 1927 1565 tamen

224 1623 266 1668 ex
282 1595 470 1666 conditione
482 1605 597 1662 nostra
610 1592 810 1661 subobscuro
825 1592 935 1660 labori
949 1604 980 1659 te
994 1605 1148 1673 tectorem,
1171 1594 1238 1661 imo
1250 1605 1395 1683 patrem,
1412 1593 1523 1662 lumen
1548 1605 1581 1663 et
1603 1595 1757 1664 columen
1782 1593 1927 1662 aduoca-

225 1719 299 1766 mus
306 1716 320 1779 ;
335 1694 452 1784 confisi
465 1713 639 1782 maqnum,
655 1691 685 1758 si
695 1691 814 1780 savem
824 1689 1015 1781 susceperis,
1030 1691 1121 1760 illius
1128 1694 1286 1782 pretium,
1305 1713 1533 1781 maqnamquc
1546 1692 1825 1760 existimationem
1835 1691 1930 1782 apud

225 1815 337 1889 onmes
348 1794 435 1882 sore,
452 1791 513 1881 qui
528 1787 798 1880 comprobatione
822 1801 894 1872 tua,
916 1789 1031 1878 tuique
1046 1789 1189 1857 uomiru's
1204 1789 1417 1880 inscriptione
1431 1789 1578 1879 quadam
1597 1791 1686 1860 velut
1701 1793 1780 1880 face
1795 1791 1928 1882 previa

225 1891 396 1973 illustrati,
412 1890 560 1980 infinitos
572 1885 817 1979 propemodum
832 1887 1001 1956 Ambrosii
1016 1888 1104 1956 locos
1113 1887 1264 1978 pristinae
1277 1909 1345 1955 sua
1359 1887 1545 1977 inteqritati
1556 1887 1722 1956 restitutos
1741 1900 1775 1955 et
1791 1909 1928 1979 repara-

226 2003 275 2060 tos
286 1987 560 2081 qratulabuntnr.

268 2092 336 2162 Nec
355 2097 441 2156 certe
455 2083 638 2154 timendum
657 2083 751 2151 nobis
765 2082 1029 2151 dubitandumae
1039 2084 1110 2172 fuit
1127 2107 1169 2151 ne
1186 2106 1254 2151 non
1273 2083 1354 2152 satis
1368 2083 1561 2152 humaniter
1584 2107 1605 2152 a
1624 2096 1656 2151 te
1674 2085 1823 2154 maximo
1834 2106 1927 2175 pree·

222 2188 293 2255 sule
330 2183 645 2276 occupatissimoque
672 2185 922 2273 exciperemur:
954 2193 1128 2270 occupato,
1147 2183 1280 2261 scimus,
1313 2180 1374 2248 tibi
1398 2193 1577 2250 occurrunt
1605 2204 1728 2262 omnes,
1760 2195 1797 2250 at
1814 2183 1927 2251 nullus

222 2283 395 2376 impedito,
411 2283 471 2373 qui
485 2279 531 2349 ad
547 2280 652 2349 multo
663 2280 766 2371 plura
776 2280 968 2371 plenissime
981 2280 1154 2370 suspicias:
1171 2280 1277 2369 aperit
1300 2280 1451 2368 alioquin
1470 2292 1545 2348 tuas
1570 2282 1661 2369 sores
1679 2292 1711 2348 et
1738 2279 1785 2348 ad
1802 2281 1929 2372 palatii

223 2383 276 2451 tui
293 2383 412 2450 limina
440 2380 560 2448 inuitat
591 2378 800 2447 inimitabilis
817 2377 1028 2470 affabilitatis
1053 2378 1168 2468 qratia
1197 2390 1229 2445 et
1257 2377 1407 2460 comitas,
1438 2400 1506 2467 qua
1531 2378 1709 2468 cujuslibet
1737 2377 1874 2457 ordinis,
1897 2390 1929 2445 et

224 2479 422 2550 conditionis
434 2479 582 2547 homiues
597 2479 644 2545 sic
659 2477 793 2567 excipis,
812 2490 850 2543 ut
863 2499 959 2544 nemo
975 2499 997 2543 a
1018 2489 1049 2542 te
1068 2475 1222 2543 dinu'ssus
1237 2497 1388 2565 unquam
1399 2477 1518 2562 sumit,
1548 2477 1616 2543 nisi
1636 2476 1786 2565 quadam
1798 2479 1928 2566 jucun-

224 2578 328 2646 ditate
350 2589 451 2667 atque
463 2575 581 2642 solatio
593 2577 765 2665 perfusus,
778 2587 810 2641 et
824 2573 878 2641 uel
890 2573 1089 2641 humillima
1102 2576 1200 2640 sortis
1221 2572 1410 2639 homiuibus
1421 2572 1582 2639 audacem
1602 2569 1781 2640 accedendi
1797 2586 1829 2639 et
1842 2572 1928 2641 obti-

223 2673 326 2744 uendi
338 2673 503 2765 fiduciam
519 2672 670 2762 inspires.
695 2675 765 2738 Tua
779 2682 827 2737 est
844 2671 905 2736 illa
934 2669 1115 2759 sinqularis
1134 2683 1194 2736 aut
1218 2669 1276 2737 dos
1291 2682 1352 2736 aut
1378 2671 1494 2751 uirtus,
1516 2679 1576 2736 aut
1603 2669 1718 2737 dotum
1746 2669 1927 2738 uirtutum-

223 2796 288 2865 que
300 2795 368 2841 non
383 2785 454 2840 tam
468 2792 550 2852 nna,
567 2791 671 2858 quam
686 2768 783 2855 lonqe
796 2766 1031 2834 suavissimum
1053 2767 1204 2835 omnium
1230 2766 1486 2846 condimentum,
1509 2789 1583 2856 qux
1598 2778 1627 2834 te
1641 2788 1708 2833 non
1718 2765 1819 2857 prius
1847 2789 1926 2836 attt-

223 2872 264 2939 lis
282 2868 447 2950 exhibeat,
465 2889 569 2956 qnam
582 2866 705 2932 animis
718 2863 924 2955 prxpotenti
942 2863 1091 2954 quadam
1106 2864 1229 2932 virtute
1242 2864 1363 2933 reddat
1376 2864 1618 2955 imperantem:
1634 2864 1695 2932 illa
1710 2877 1756 2932 est
1769 2887 1843 2954 qux
1867 2887 1926 2934 nos

221 2988 352 3035 securos
371 2987 437 3034 esse
449 2963 559 3055 jubet,
580 2964 751 3053 efficitque
770 2975 808 3028 ut
820 2960 912 3051 quod
925 2963 1021 3052 operi
1039 2974 1151 3030 nostro
1170 2961 1268 3030 decus
1294 2974 1327 3029 et
1339 2963 1569 3052 patrocinium
1594 2963 1759 3038 volumus,
1782 2961 1820 3031 id
1843 2985 1865 3030 a
1892 2974 1924 3031 te

225 3075 462 3154 exspectemus,
479 3059 571 3150 quod
587 3072 626 3127 tu
645 3075 716 3127 tarn
730 3071 816 3127 certo
831 3071 967 3147 tamque
984 3059 1188 3150 confidenter
1205 3081 1352 3150 sperare,
1370 3071 1401 3126 et
1418 3072 1530 3127 nostro
1546 3060 1643 3146 quasi
1659 3061 1741 3148 jure
1759 3082 1926 3150 reposcere

223 3161 419 3241 audeamus,
429 3170 557 3250 prater
575 3156 858 3224 humanissimum
870 3157 965 3224 illum
985 3157 1138 3224 animum
1158 3169 1266 3236 tuum,
1285 3157 1422 3247 faciunt
1435 3156 1570 3247 insuper
1588 3168 1621 3223 et
1632 3178 1766 3224 summa
1779 3159 1926 3226 auctoris

222 3260 382 3352 diqnitas,
404 3270 435 3326 et
455 3255 580 3325 eximia
607 3254 792 3323 excellentis
817 3254 957 3345 hujcuce
978 3256 1086 3345 operis
1111 3256 1304 3337 auctoritas,
1336 3266 1368 3324 et
1395 3254 1483 3323 mira
1511 3253 1667 3345 quaedam
1691 3255 1925 3346 opportunitas

224 3372 289 3429 teru
313 3380 394 3426 eru.
520 3371 523 3377 '

268 3382 463 3526 Apmbrosius
478 3465 526 3522 est
538 3474 637 3542 quem
653 3451 714 3520 tibi
730 3449 917 3519 redivivum
936 3452 1096 3533 sistimus,
1126 3450 1355 3541 Archipraesul
1369 3451 1529 3529 maxime,
1552 3448 1645 3540 quod
1665 3450 1698 3517 si
1721 3452 1871 3519 nondum
1886 3475 1927 3520 ea

225 3579 318 3640 cura,
336 3555 376 3622 iis
396 3553 565 3621 excultum
594 3550 729 3641 viqiliis,
764 3572 804 3618 ea
833 3560 902 3617 tota
930 3549 1047 3638 forma
1079 3559 1213 3637 totaque
1237 3549 1411 3637 majestate
1430 3546 1641 3638 spectabilem
1665 3570 1733 3637 qua
1756 3549 1927 3642 semetipse

225 3654 306 3723 olim
327 3651 478 3722 exhibuit
510 3648 762 3732 Valentinianis,
791 3648 975 3729 Gratianis,
1003 3644 1189 3714 Theodosiis
1209 3647 1388 3735 Aesqustis:
1414 3645 1607 3714 Ambrosius
1636 3658 1748 3714 tamen
1771 3659 1818 3714 est
1844 3648 1925 3717 inte·

224 3751 345 3843 qritati
371 3763 403 3819 et
420 3747 524 3817 nitori
548 3746 714 3838 pristinis,
745 3769 811 3836 quo
831 3745 1000 3813 valuimus
1026 3742 1137 3811 studio
1155 3743 1337 3812 restitutus.
1367 3745 1458 3826 Quas
1478 3765 1581 3833 porro
1599 3742 1685 3812 cedes
1707 3745 1926 3836 archiepisco·

219 3873 303 3944 pum
323 3847 550 3918 ecclesiastica
567 3844 752 3935 disciplina
767 3843 1012 3911 tenacissimum
1032 3840 1126 3908 adire
1141 3843 1240 3932 prius
1265 3842 1450 3933 oportebat,
1472 3864 1575 3931 quam
1599 3842 1924 3932 archiepiscopales?

158 3981 161 3984 ⁴
224 3953 329 4035 Quem
343 3959 422 4015 ante
436 3966 547 4013 omues
566 3942 739 4010 conuenire
753 3941 956 4030 conqruebat
967 3939 1134 4006 doctorem
1151 3939 1304 4007 Ecclesia
1317 3940 1578 4018 celeberrimum,
1597 3939 1663 4007 nisi
1675 3940 1923 4011 meritissimum

219 4046 469 4139 sapientissima
483 4041 652 4117 Sarbena,
675 4038 971 4127 eruditissimetque
989 4041 1152 4106 Navarra
1170 4038 1389 4126 provisorem,
1407 4050 1438 4104 et
1452 4037 1561 4127 ipsum
1580 4036 1747 4106 doctorem
1762 4039 1921 4108 eximium

220 4145 256 4213 in
269 4142 419 4213 Ecclesia
438 4139 527 4208 Dei?
548 4140 652 4221 Quem
672 4135 813 4227 denique
836 4135 1001 4204 lubentius
1024 4135 1172 4224 alloquio
1198 4158 1259 4204 suo
1290 4134 1488 4227 diqnaretur
1511 4149 1624 4204 orator
1648 4158 1723 4205 uere
1740 4142 1920 4239 ᾰμθρόσιος,

220 4265 326 4333 quam
344 4253 375 4309 te
388 4239 485 4330 eujus
503 4259 602 4306 exere
615 4234 760 4303 docentis
777 4233 926 4302 exundat
944 4232 1140 4300 ambrosia?

265 4347 309 4406 et
326 4360 402 4405 vero
421 4357 524 4421 quarn
538 4357 560 4402 a
573 4345 605 4400 te
616 4334 763 4423 qratiam
777 4343 1003 4420 reportaturos
1016 4353 1076 4398 nos
1090 4330 1147 4398 illo
1165 4330 1212 4397 sic
1227 4343 1397 4421 praeeunte
1411 4353 1478 4398 nan
1496 4353 1675 4422 speremus,
1698 4331 1923 4400 observantis·

218 4436 318 4504 simos
328 4433 514 4524 prasertim
528 4430 590 4506 tui,
610 4429 670 4519 qui
686 4429 752 4519 ipsi
769 4428 925 4510 vidimus,
945 4450 1021 4496 cum
1047 4427 1226 4519 difficultas
1252 4451 1405 4509 anrtoux,
1432 4429 1627 4520 hyemisque
1648 4428 1859 4496 inclementia
1882 4453 1924 4498 ex

217 4554 312 4623 aquo
330 4530 492 4610 sevirent,
502 4527 742 4620 pauperrimos
756 4549 903 4616 quosque
916 4526 951 4593 iu
966 4525 1262 4616 archiepiscopales
1275 4525 1360 4595 ades
1375 4527 1550 4596 turmatim
1565 4527 1740 4594 irruentes.
1759 4525 1922 4594 solumi·

217 4631 304 4700 seria
317 4631 412 4709 duce,
428 4649 594 4718 perquam
616 4637 770 4693 amanter
788 4636 949 4715 exceptos,
966 4645 1133 4714 perquam
1157 4623 1348 4692 humaniter
1371 4625 1522 4705 refectos,
1545 4624 1655 4691 minus
1684 4633 1797 4690 tamen
1826 4623 1923 4693 donis

217 4730 299 4820 ipsis
313 4729 391 4810 tuis,
418 4748 521 4815 quam
545 4746 584 4791 ea
602 4745 676 4812 qux
695 4723 756 4790 tibi
769 4722 910 4812 propria
933 4735 981 4790 est
997 4719 1149 4789 donandi
1170 4744 1210 4789 ac
1229 4721 1422 4789 demerendi
1439 4722 1570 4788 ratione
1593 4723 1791 4788 recreatos?
1811 4721 1873 4789 tet
1883 4744 1921 4790 eo

216 4828 285 4897 sola
303 4839 467 4906 nastrum,
489 4822 584 4891 crede
602 4821 707 4903 nobis,
724 4820 771 4887 ad
789 4833 820 4887 te
835 4820 1047 4888 Ambrosium
1066 4819 1245 4900 allexisses,
1268 4820 1328 4909 qui
1354 4841 1431 4886 uem
1457 4819 1527 4908 ipse
1538 4829 1636 4908 pater
1647 4839 1842 4908 pauperum
1855 4833 1921 4888 stu·

217 4925 430 5008 diosissimus,
452 4943 551 4990 sacra
564 4920 666 4988 etiam
689 4941 770 4986 vasa
786 4919 947 5008 sranqere
969 4930 1001 4985 et
1023 4917 1181 5007 conflare,
1203 4929 1241 4984 ut
1268 4939 1383 4986 eorum
1403 4916 1523 5006 inopia
1546 4913 1750 5005 difficillimo
1773 4927 1921 5006 tempore

215 5032 429 5101 succurreret,
448 5019 587 5088 minime
600 5015 786 5084 dubitarit:
804 5039 870 5084 non
890 5039 1005 5084 amare
1018 5014 1235 5104 sinqularitcr
1253 5037 1319 5083 non
1340 5024 1462 5104 potest,
1479 5034 1579 5101 quem
1598 5013 1718 5082 uiderit
1740 5013 1836 5102 reqiu
1855 5013 1921 5082 hac

216 5121 389 5189 charitatis
401 5118 458 5187 aia
477 5117 544 5186 suis
558 5115 773 5182 inhaerentem
791 5114 946 5203 vestiqiis,
967 5137 1030 5180 sua
1045 5113 1197 5201 caentpla
1211 5124 1439 5180 renovantem.

260 5220 305 5284 Et
318 5215 410 5284 istecd
421 5215 469 5284 ad
482 5229 513 5282 te
523 5211 760 5305 festinantibus
775 5212 1107 5301 opportunissimum,
1126 5209 1270 5277 Antistes
1285 5208 1518 5294 illustrissime,
1536 5209 1628 5300 quod
1640 5209 1713 5299 ipsa
1728 5207 1920 5276 Ambrosia-

215 5336 334 5382 norum
347 5335 486 5403 operum
503 5314 590 5381 ratio
602 5311 666 5379 cito
683 5310 757 5400 jam
772 5309 924 5397 ultroque
938 5320 1102 5375 currentes
1113 5306 1321 5375 exstimulat:
1340 5304 1455 5373 divina
1468 5308 1630 5378 nimirum
1643 5304 1808 5386 doctrina,
1827 5327 1915 5392 quae,

109 5493 112 5496 ⁴
215 5425 253 5480 ut
271 5409 367 5501 diqni
388 5423 480 5479 tanto
513 5410 671 5499 maqistro
700 5405 883 5495 Anqustini
899 5419 1038 5474 utamur
1065 5405 1183 5486 uerbis,
1202 5409 1241 5473 bo
1261 5413 1329 5472 tem
1349 5411 1464 5473 sancto
1483 5408 1630 5488 oraculo,
1666 5411 1801 5489 pectore
1829 5405 1918 5470 illius

214 5509 395 5579 emanavit.
414 5509 488 5590 Qua
516 5506 650 5597 quidem
668 5518 707 5573 ut
733 5503 868 5572 nullum
893 5503 941 5571 ad
966 5502 1119 5572 sacranda
1147 5515 1308 5592 corrupta
1333 5501 1452 5571 ethices
1470 5502 1610 5570 vulnera
1628 5497 1814 5568 remedium
1825 5521 1918 5590 pra-

213 5608 347 5687 sentius,
367 5607 415 5674 sic
428 5604 559 5673 nullum
577 5604 624 5672 ad
633 5603 889 5694 propellendum
913 5601 1071 5670 haereseos
1091 5613 1124 5670 et
1149 5599 1337 5669 schismatis
1358 5621 1534 5678 uenenum,
1560 5598 1754 5690 efficatius,
1784 5597 1918 5666 nullum

214 5727 281 5822 qno
293 5703 483 5808 promptius
496 5700 680 5812 tertiusque
692 5712 863 5796 curmtnr,
883 5711 1001 5772 coeant
1022 5711 1056 5770 ct
1077 5697 1336 5784 consolidentur,
1362 5695 1574 5772 redeuntium
1597 5693 1645 5770 ad
1666 5717 1787 5767 sanam
1810 5695 1918 5795 fidem

1872 5945 1957 6026 a

1910 6037 1915 6052 .
