4159 6184
179 349 259 422 aaa.
706 349 933 420 unaamrro
955 347 997 416 ιο
1019 343 1214 424 esmuuu
1236 355 1372 429 xxxvl.
1812 352 1895 436 lot!

175 500 282 564 pugna
298 478 460 544 adversum
483 497 515 544 se
538 479 667 543 habeant
687 491 874 560 potestatem
891 487 941 544 alii
956 484 1007 560 qui
1023 485 1052 552 A
1066 501 1126 558 gna
1138 507 1207 550 voca
1221 494 1366 562 clamavit,
1385 496 1419 552 ut
1440 495 1477 556 ad
1492 495 1555 572 ejus
1576 513 1682 558 sonum
1705 498 1817 558 secreta
1831 510 1890 566 ore·

175 575 308 636 cestibus
323 574 484 632 adversum
500 590 531 632 se
545 574 718 646 decernunt,
734 580 762 634 et
776 577 941 636 dilaceratis
958 592 1006 632 ca·
1036 571 1038 576 ’
1061 574 1149 637 lestia
1163 583 1350 642 resultarent.
1365 585 1438 651 Quid
1454 586 1569 646 multa?
1583 590 1705 654 Terram
1720 586 1822 654 movit,
1837 600 1893 645 ece·

174 665 298 740 pitibrrs,
315 664 488 722 cruciantur
505 682 510 720 :
529 664 558 719 bi
573 673 663 722 πύκται
678 667 819 724 teruntur.
1063 664 1124 724 lum
1140 669 1281 744 implevit.
1298 675 1424 746 Ideoque
1446 677 1525 734 vocis
1549 695 1654 736 nomon
1681 676 1805 749 accepit,
1820 672 1894 747 quia

207 757 254 812 56.
273 757 338 812 aaa
368 754 469 812 omnia
498 753 659 810 certamina
686 755 776 812 subiit
804 755 912 812 Paulus
935 771 1007 828 apo·
1061 754 1189 816 Verbum
1206 761 1255 817 Dei
1265 779 1318 819 vor
1333 768 1449 821 sacrata
1465 766 1623 837 precessit,
1636 748 1893 840 quemadmodum

175 844 282 912 stolus,
298 843 377 899 sicut
398 843 462 916 ipse
477 842 669 898 domonstrat.
687 843 787 916 ltaque
803 844 872 902 dicit
888 865 912 902 :«
929 846 1005 909 Ouo·
1062 844 1125 917 ipse
1139 864 1193 905 nos
1208 851 1307 907 docuit
1321 851 1421 908 dicens
1437 870 1443 908 :
1457 875 1472 905 a
1482 855 1541 927 Dgu
1556 873 1611 912 vox
1625 853 1785 913 plamantis
1796 852 1828 908 in
1838 852 1894 910 de-

175 935 255 998 uiam
271 949 330 990 non
346 936 392 988 est
414 931 500 988 nobis
516 929 581 1003 pale
598 931 738 988 adversus
760 950 878 992 carnem
895 938 922 992 et
937 950 1006 990 san·
1061 939 1138 992 serto
1154 937 1243 1010 (loon.
1259 958 1280 1011 1,
1294 941 1350 1012 23).
1366 965 1377 993 s
1395 941 1474 997 Dixit
1488 942 1543 1000 boc
1559 944 1650 1002 isaias
1666 943 1813 1018 propheta
1826 944 1893 1011 (iso.

174 1023 306 1098 guinem,
327 1020 380 1078 aed
403 1020 545 1078 adversus
569 1018 716 1094 principes
741 1026 770 1078 et
792 1027 961 1095 potestates,
977 1025 1007 1078 et
1060 1040 1105 1094 xa,
1122 1026 1151 1092 3)
1163 1043 1170 1081 :
1182 1027 1217 1084 de
1232 1044 1263 1084 se
1278 1029 1389 1085 dictum
1403 1029 1460 1087 iste
1475 1031 1610 1088 firmavit.
1625 1031 1803 1089 Audivimus
1818 1017 1900 1104 quid'

175 1113 220 1186 (ut
233 1108 410 1182 compendio
436 1109 513 1180 utar)
529 1109 671 1165 adversus
695 1111 842 1183 nequitias
858 1109 1006 1184 spiritales
1062 1113 1135 1168 dixit
1154 1132 1299 1188 praco:«
1314 1118 1418 1174 Parate
1431 1118 1510 1178 viam
1536 1120 1664 1189 Domini,
1681 1122 1781 1179 rectas
1805 1119 1903 1188 tacte,
1981 1169 1984 1175 .

174 1199 283 1272 (Eptes.
307 1215 347 1266 vr,
373 1197 459 1270 12).»
475 1196 507 1252 ln
531 1196 644 1252 Latinis
668 1198 815 1274 plerisque
839 1198 1006 1256 colluctatio
1061 1203 1182 1260 semitas
1204 1206 1268 1276 ejus
1284 1206 1374 1276 (loon.
1385 1224 1406 1273 1,
1417 1207 1472 1279 23),
1486 1209 1576 1266 »Hac
1597 1215 1643 1266 est
1656 1225 1714 1266 vox
1729 1208 1894 1282 singularia

174 1288 331 1362 reperitur,
368 1287 400 1342 iu
434 1285 543 1342 Graecis
577 1285 716 1344 omnibus
747 1296 816 1356 πάλη
839 1288 1004 1356 ἐοοίοίιυη
1060 1292 1894 1367 etsola,tamsonora,utabomnibusaudiretur3tam

175 1375 244 1437 πάλη
258 1375 338 1433 enim
355 1375 535 1440 Graecorum,
552 1373 631 1430 lucta
645 1379 690 1431 est
704 1376 884 1433 Latinorum.
895 1377 929 1432 ut
941 1392 1006 1432 vere
1061 1380 1167 1448 dulcis,
1182 1388 1214 1437 ut
1229 1383 1432 1440 universorum
1451 1386 1539 1443 corda
1559 1386 1714 1445 mulceret.
1730 1387 1808 1444 Istos
1823 1405 1894 1464 ergo

176 1466 256 1541 pale;
273 1465 344 1538 qnia
369 1480 437 1520 caro
460 1466 489 1518 et
512 1463 644 1536 sanguis,
661 1468 686 1520 el
704 1465 841 1536 nequitias
856 1463 1006 1537 spiritales
1061 1468 1186 1526 athletas
1207 1487 1278 1528 suos
1302 1472 1444 1528 Dominus
1467 1476 1652 1534 confirmavit
1670 1479 1707 1532 ut
1721 1474 1892 1550 ducerent,

176 1555 316 1629 patientia
330 1557 360 1610 et
375 1550 557 1608 continentia
572 1552 713 1624 corporis,
725 1556 753 1608 et
768 1551 859 1608 animi
875 1553 1006 1608 modera-
1061 1574 1214 1630 nunquam
1229 1559 1308 1617 enim
1323 1579 1392 1618 suos
1408 1563 1526 1631 deserit,
1541 1568 1570 1620 et
1585 1563 1740 1637 relinquit.

175 1644 254 1701 boue
268 1645 459 1716 superantur.
476 1640 533 1708 Ira,
549 1639 641 1706 luror,
656 1640 749 1696 cades
765 1657 847 1698 erma
862 1645 931 1698 eunt
947 1641 1006 1696 dia·
1096 1647 1141 1702 58.
1159 1647 1253 1718 (Vere.
1268 1648 1324 1720 25).
1339 1650 1372 1704 Ε)
1393 1650 1459 1706 idco
1482 1651 1597 1710 addidit
1620 1653 1773 1726 Propheta
1789 1670 1823 1709 z«
1838 1657 1894 1718 Ju.

175 1731 243 1790 boii.
261 1729 339 1788 Alibi
356 1745 474 1802 quoque
494 1726 589 1801 plagis
608 1729 834 1800 supramodum
851 1745 1006 1786 caesumse
1060 1732 1142 1790 venis
1170 1735 1222 1801 lui,
1247 1741 1277 1794 et
1303 1737 1498 1794 senuizssic
1527 1741 1636 1810 Latini;
1667 1740 1765 1814 aliqui
1792 1715 1893 1808 autem

175 1838 240 1886 esse
255 1819 407 1894 significat
428 1817 530 1874 dicens
546 1833 552 1873 z
567 1839 582 1867 α
599 1817 630 1872 ln
646 1816 742 1890 plagis
758 1835 847 1891 supra
870 1820 1003 1890 modum,
1019 1820 1143 1931 Bjnrrla
1158 1820 1272 1879 Graecos
1287 1823 1397 1882 habent
1412 1839 1445 1878 1«
1460 1825 1580 1882 iuvenis
1596 1825 1649 1895 fui,
1666 1829 1781 1886 etenim
1796 1834 1893 1899 senui,

176 1911 206 1968 in
223 1909 369 1967 mortibus
393 1907 561 1979 frequenter
585 1905 621 1976 (ll
634 1905 694 1962 Cor.
712 1923 751 1972 xr,
768 1909 823 1979 23).
838 1929 852 1957 »
867 1908 1002 1965 Hieroso·
1059 1911 1090 1963 et
1103 1925 1160 1964 non
1184 1909 1243 1965 vidi
1262 1910 1379 1982 justum
1404 1911 1589 1982 derelictum,
1613 1931 1667 1970 nec
1694 1932 1801 1983 mmen
1825 1920 1894 1992 ejus

177 1999 265 2074 lymis
281 2001 378 2054 autem
395 1994 505 2070 pugnis
528 2011 560 2050 se
583 2011 851 2067 essepercussum;
869 1995 1000 2054 obicum
1057 2013 1191 2068 querens
1206 2014 1345 2070 panem·
1364 1999 1545 2072 Simpliciter
1567 2002 1697 2074 quivult
1716 2003 1893 2080 intelligere,

176 2085 438 2146 intervenientibus
467 2082 622 2149 militibus,
647 2082 807 2156 aliquando
837 2091 1003 2144 cessassent
1057 2088 1361 2160 patelsensns,quod
1384 2089 1448 2145 vite
1473 2105 1534 2146 sue
1555 2094 1689 2162 tempore
1710 2093 1805 2157 David
1832 2113 1893 2158 non

174 2177 268 2234 iudai
295 2177 447 2249 percutere
471 2171 606 2240 Paulum,
630 2170 695 2243 ipse
718 2174 849 2245 pontifex
872 2176 1002 2232 Ananias
1056 2173 1288 2246 videritjustum
1304 2176 1487 2234 derelictum.
1503 2178 1559 2234 Sed
1576 2178 1630 2235 boc
1650 2183 1680 2235 et
1700 2180 1802 2240 brevis
1816 2183 1894 2249 lem·

176 2261 540 2333 circumstantibusjusait
563 2265 712 2333 percutere
735 2278 768 2318 oe
792 2263 869 2334 ejus,
885 2263 931 2318 cni
956 2281 1001 2320 re·
1057 2263 1139 2335 poris
1161 2267 1215 2330 est,
1241 2268 1269 2320 et
1292 2265 1479 2333 incredibile;
1496 2266 1644 2339 siquidem
1671 2269 1787 2329 multos
1809 2272 1894 2331 vidc-

177 2353 293 2428 spondit
314 2349 474 2425 Apostolus
492 2367 497 2406 :
513 2371 523 2399 ι
541 2348 693 2406 Percntare
718 2352 746 2405 te
769 2349 888 2423 incipiet
911 2355 999 2420 Deus,
1057 2367 1124 2406 mus
1148 2352 1177 2408 in
1203 2352 1309 2409 sacnlo
1331 2354 1430 2424 justos
1456 2355 1492 2410 ab
1515 2354 1690 2413 hominibus
1712 2345 1893 2435 derelinqui,
1963 2343 1968 2359 “

177 2442 272 2517 paries
284 2440 427 2498 dealbate.
441 2439 477 2494 Dt
486 2442 517 2493 tu
533 2438 637 2493 sedens
648 2437 766 2510 judicas
777 2455 823 2494 me
835 2439 999 2496 secundum
1056 2440 1173 2511 quando
1183 2457 1233 2496 eos
1243 2440 1335 2513 aliqui
1349 2442 1513 2514 potentium
1526 2450 1752 2516 persequuntur
1764 2467 1771 2504 :
1782 2453 1812 2506 ot
1825 2449 1893 2507 nul·

176 2532 289 2604 Legem,
306 2533 335 2586 et
361 2513 444 2585 extra
472 2526 577 2598 Legem
602 2526 691 2597 jubes
719 2542 766 2584 me
794 2526 905 2598 percuti
931 2529 998 2599 (Act.
1055 2526 1102 2584 lus
1118 2528 1154 2584 ad
1174 2545 1223 2584 eos
1245 2530 1333 2585 audet
1357 2531 1504 2596 accedere,
1521 2547 1590 2588 cum
1613 2532 1642 2587 in
1668 2533 1779 2593 timore
1793 2541 1847 2594 aut
1861 2538 1892 2596 in

177 2636 255 2689 xxia,
275 2617 322 2688 3)‘l
341 2640 354 2668 »
372 2615 463 2674 Scivit
487 2615 615 2687 prolecto
640 2611 767 2682 relerirc,
793 2615 841 2688 qni
869 2615 1000 2688 graviore
1055 2614 1165 2687 inJ'nria
1178 2616 1283 2672 viderit
1301 2617 1486 2673 constitutos.
1505 2618 1588 2675 Unde
1604 2620 1661 2677 Jcb
1678 2622 1754 2692 dicit
1769 2642 1776 2682 ;
1792 2645 1808 2676 a
1822 2626 1893 2682 lra-

175 2724 272 2782 pugno
291 2704 461 2780 pontificem
481 2701 670 2774 repercussil;
688 2701 751 2775 ipse
766 2703 844 2759 enim
861 2719 1000 2775 corpora·
1055 2707 1115 2760 tres
1131 2704 1187 2760 mei
1201 2704 1411 2771 discesserunt,
1428 2711 1609 2778 agnoverunt
1622 2712 1780 2768 extraneos
1794 2713 1891 2787 magis

174 2796 240 2854 liter
255 2812 349 2852 casus
363 2797 423 2860 est3
439 2790 482 2848 illi
498 2789 598 2847 rotulit
612 2791 688 2862 quod
705 2791 735 2845 in
751 2790 881 2848 animam
897 2807 1000 2864 percu·
1056 2809 1145 2865 quam
1161 2808 1221 2859 me3
1239 2793 1325 2849 amici
1341 2792 1397 2848 mei
1413 2793 1661 2852 immisericordes
1678 2796 1748 2853 secti
1764 2803 1845 2870 suut,
1861 2806 1892 2858 et

174 2887 285 2947 teretur
314 2881 481 2938 aCbristo.
499 2881 529 2935 ln
556 2878 654 2950 prima
677 2895 794 2952 quoque
816 2879 940 2953 epistola
965 2881 1001 2937 ed
1056 2881 1107 2953 qui
1131 2897 1177 2936 me
1201 2886 1353 2951 noverant,
1376 2881 1459 2937 obliti
1484 2887 1554 2938 sunt
1577 2899 1687 2940 nomen
1713 2889 1889 2959 meumtlot

176 2971 342 3029 Corinthios
371 2968 504 3026 scribens
527 2966 568 3023 ait
590 2983 623 3020 :a
641 2967 699 3040 Dgo
723 2967 813 3040 igitur
838 2967 880 3024 sic
904 2986 1001 3037 curro,
1056 2970 1207 3042 xrx,13).·
1222 2970 1310 3027 David
1326 2986 1443 3043 quoque
1458 2970 1890 3044 nouaclumdestitutum,sed

177 3079 234 3120 non
249 3065 283 3118 ut
298 3059 328 3116 in
342 3059 487 3120 incertum
501 3074 507 3112 :
520 3056 562 3112 sic
575 3055 677 3125 enitor,
694 3072 751 3112 nou
767 3061 877 3113 utaera
889 3058 1002 3115 caedens
1057 3058 1145 3114 etiam
1161 3058 1366 3130 impugnatum
1381 3075 1413 3114 se
1428 3059 1464 3116 ab
1488 3058 1593 3116 amicis
1615 3063 1646 3118 et
1668 3060 1814 3135 proximis
1828 3064 1888 3124 cle·

179 3151 202 3224 (l
215 3153 279 3208 Cor.
304 3166 343 3218 rx,
367 3147 424 3220 26).
445 3167 459 3195 »
481 3144 563 3209 Quod
579 3143 694 3204 ,Latine
722 3145 803 3212 dixit,
825 3169 835 3195 l
859 3145 963 3202 enitor.
986 3170 1001 3198 »
1058 3151 1120 3203 mat
1133 3165 1140 3203 ι
1155 3170 1169 3197 «
1185 3147 1289 3216 Amici,
1306 3147 1412 3218 inquit,
1429 3148 1487 3205 mei
1509 3152 1539 3204 et
1559 3147 1687 3221 proximi
1707 3150 1766 3212 mei
1784 3152 1888 3220 adver.

180 3238 257 3295 802
272 3238 367 3294 Gracc
382 3236 424 3292 ait
437 3241 560 3291 coarcto.
575 3231 611 3288 Et
626 3249 691 3289 vere
706 3233 790 3306 quasi
806 3234 902 3290 bonus
916 3237 1002 3308 pycta
1016 3214 1042 3306 Q
1058 3252 1125 3293 snm
1149 3235 1457 3308 appropinquaverunt
1478 3237 1563 3307 (Pscl.
1583 3253 1691 3305 xxxvrr,
1708 3239 1763 3308 12).
1781 3261 1796 3303 n
1810 3240 1887 3315 Drgo

178 3344 237 3386 non
253 3342 360 3393 aerem,
376 3324 426 3384 sed
443 3323 538 3379 aerias
552 3325 710 3394 potestates
726 3321 934 3378 attudeorum
951 3340 1001 3380 ca·
1056 3324 1081 3380 si
1096 3324 1127 3380 in
1142 3323 1197 3380 hoc
1216 3324 1322 3380 seculo
1345 3324 1531 3397 reperiuntur
1550 3325 1627 3396 justi
1651 3324 1795 3397 derelicti,
1811 3344 1886 3402 quo·

178 3415 240 3490 pita
260 3414 445 3488 verberabam
462 3411 531 3484 quia
550 3414 637 3483 caput
661 3410 794 3466 omnium
817 3410 918 3467 lesum
944 3411 1000 3468 Do·
1057 3413 1144 3469 modo
1169 3411 1226 3467 sibi
1255 3413 1400 3469 contraria
1423 3411 1497 3469 dixit
1520 3412 1624 3484 David;
1651 3414 1710 3471 nisi
1737 3416 1885 3493 intelliges

178 3504 292 3562 minum
312 3519 369 3560 nen
393 3500 553 3558 habebant.
569 3499 600 3554 ln
617 3498 697 3554 omni
720 3499 820 3570 itaque
844 3499 1002 3556 certamine
1057 3500 1135 3572 quod
1146 3500 1247 3569 justus
1257 3501 1312 3557 etsi
1327 3500 1357 3555 in
1373 3501 1479 3557 seculo
1492 3500 1716 3575 derelinquitur,
1729 3521 1748 3561 a
1761 3505 1885 3564 Domino

176 3592 332 3667 Apostolus
347 3593 392 3647 est
406 3589 559 3663 probatus,
574 3587 624 3660 qui
639 3588 727 3644 etiam
743 3602 881 3642 caronam
897 3603 1002 3644 cursus
1057 3593 1155 3643 tamen
1177 3601 1236 3642 non
1260 3587 1493 3659 derelinquitur?
1507 3588 1608 3662 Neque
1631 3590 1711 3648 enim
1735 3594 1789 3652 Job
1816 3611 1886 3652 oum

177 3677 374 3738 consummati
400 3675 521 3748 accepit.
546 3673 629 3731 Unde
652 3674 766 3746 etipse
790 3674 831 3730 ait
847 3692 853 3731 :
867 3697 881 3724 a
898 3673 1004 3753 Omnia
1058 3678 1135 3732 esset
1157 3673 1186 3728 in
1211 3676 1337 3730 stercore
1352 3675 1414 3744 (lod
1429 3691 1462 3741 ιι,
1481 3676 1554 3747 3),e
1577 3676 1701 3735 Domino
1727 3681 1886 3740 derelictus

175 3786 296 3842 possum
312 3767 342 3824 in
357 3783 391 3825 co
407 3764 457 3838 qui
484 3779 530 3820 me
555 3764 699 3819 confortat
712 3763 845 3835 (Philipp.
864 3780 902 3834 rv,
920 3763 975 3834 13).
989 3787 1003 3815 »
1058 3767 1112 3831 est,
1125 3777 1212 3834 quem
1227 3761 1257 3816 in
1271 3759 1448 3834 Angelorum
1464 3761 1586 3819 concilio
1597 3763 1741 3825 Dominus
1756 3768 1818 3842 ipse
1831 3786 1886 3827 sua

209 3859 254 3915 57.
270 3854 363 3912 Habet
382 3859 411 3910 et
432 3852 578 3920 Christus,
594 3853 645 3925 qui
668 3851 698 3906 in
724 3850 849 3923 pueritia
874 3868 928 3906 sun
952 3853 1004 3908 avi
1058 3867 1126 3909 voce
1140 3849 1290 3916 laudabat,
1305 3864 1391 3919 quem
1406 3850 1512 3906 tentari
1527 3866 1634 3922 passus
1648 3857 1702 3922 cst,
1719 3859 1753 3911 nt
1767 3872 1887 3914 corona·

176 3950 307 4002 maturos
320 3941 460 4011 vicerint;
478 3945 511 3998 ut
526 3940 627 3997 Daniel
642 3957 715 4014 puer
728 3939 834 4013 spiritu
850 3938 945 3996 valido
963 3957 1006 3998 se·
1059 3943 1114 4005 ret,
1124 3938 1314 3994 tentationem
1330 3941 1429 3993 autem
1444 3938 1474 3994 in
1490 3954 1597 4011 corpus
1612 3939 1702 4010 dedit,
1713 3939 1743 3999 in
1754 3941 1885 4000 animam

113 4025 121 4042 ⁶
175 4027 1006 4106 nioresillosredargnitludaeorum,etdevictcriaejure
1060 4026 1221 4100 denegavit.
1251 4027 1328 4083 8⁰8
1360 4024 1418 4081 Nec
1451 4025 1608 4084 derelictus
1640 4028 1732 4085 David
1761 4029 1809 4086 cui
1841 4046 1886 4088 re-

176 4120 283 4194 dejecit
296 4121 326 4175 in
342 4122 478 4176 mortem.
495 4117 587 4174 Habet
601 4121 630 4174 et
650 4116 734 4186 alica,
751 4116 802 4190 qui
826 4117 1005 4190 priusquam
1061 4132 1151 4190 gnum
1178 4115 1267 4184 dedit,
1283 4119 1316 4172 ut
1342 4114 1451 4187 populo
1479 4115 1637 4192 imperaret
1663 4116 1768 4188 electo;
1797 4133 1886 4192 quem

177 4211 379 4276 nascerentur,
391 4206 422 4262 in
439 4206 542 4264 matris
553 4211 651 4262 ventre
666 4204 768 4261 luctati
785 4209 865 4261 sunt.
877 4205 1007 4278 Denique
1061 4202 1286 4278 parricidalibus
1302 4202 1409 4276 praeliis
1431 4203 1605 4276 appetitum,
1621 4205 1703 4278 regni
1718 4207 1765 4262 sui
1783 4205 1886 4279 depul·
1915 4200 1920 4209 '

153 4298 268 4355 ..laceb
284 4297 403 4354 fratrem
424 4292 622 4368 supplantavit
636 4295 724 4360 Esau,
740 4298 768 4349 ct
789 4293 902 4350 malum
917 4294 1004 4364 vicit;
1062 4311 1128 4350 sum
1152 4291 1271 4360 finibus,
1286 4291 1414 4346 victoria
1432 4293 1501 4363 jure
1526 4292 1665 4351 restituit.
1686 4293 1746 4367 Ipsi
1768 4310 1887 4368 quoque

177 4391 266 4458 atque
281 4383 323 4441 ita
337 4385 373 4440 de
387 4387 471 4439 utero
486 4382 591 4439 matris
613 4381 713 4448 exivit,
729 4385 762 4437 ut
787 4381 914 4438 victorie
939 4381 1009 4439 insi·
1061 4381 1161 4448 Jacob,
1187 4379 1265 4436 Dlias
1289 4383 1317 4436 et
1340 4378 1472 4449 Eliseus,
1497 4383 1526 4435 et
1547 4381 1676 4438 loannes
1700 4382 1841 4456 Baptista,
1857 4388 1888 4440 et

176 4489 233 4548 gne
248 4475 434 4542 monstraret,
446 4476 474 4528 et
488 4471 592 4543 pedem
605 4469 729 4527 senioris
745 4469 897 4542 degeneris
912 4469 1006 4527 victor
1063 4469 1159 4527 ceteri
1175 4470 1225 4542 qui
1241 4469 1270 4524 in
1286 4467 1413 4540 caprinis
1428 4467 1554 4541 pellibus
1577 4469 1793 4530 circumeuntes
1807 4489 1887 4533 erra·

174 4563 342 4618 inverteret.
356 4557 501 4619 deremias
522 4557 552 4614 in
567 4557 653 4613 vulva
677 4558 780 4614 matris
806 4557 1006 4618 sanctificatus
1020 4559 1134 4666 gabant
1155 4558 1185 4613 in
1208 4555 1429 4623 solitudinibus,
1445 4559 1474 4613 et
1488 4558 1649 4627 montibus,
1673 4563 1704 4616 et
1725 4560 1885 4634 speluncis,

174 4653 221 4707 est
236 4651 264 4706 ct
278 4648 454 4724 probatusl
458 4663 569 4703 oannes
580 4644 712 4719 Baptista
721 4646 887 4719 Principem
903 4648 1006 4720 agonis
1060 4650 1088 4704 et
1103 4646 1194 4704 soveis
1209 4649 1302 4713 terra,
1318 4644 1388 4700 licet
1401 4643 1529 4703 ludibria
1544 4646 1639 4704 multa
1653 4651 1682 4704 et
1698 4650 1802 4706 acerbe
1816 4642 1886 4718 sup·

175 4737 310 4804 humani,
325 4736 598 4812 premiatoremqne
613 4733 801 4803 luctantium,
814 4736 940 4791 necdum
957 4753 1004 4792 na·
1060 4735 1148 4810 plicia
1174 4732 1315 4790 tolerasse
1343 4733 1510 4802 videantur;
1540 4737 1639 4794 temen
1668 4753 1726 4792 non
1755 4733 1886 4797 derelicti

176 4831 227 4883 tus
236 4825 352 4883 venisse
361 4823 505 4898 cognovit,
516 4826 604 4896 atque
614 4823 644 4879 in
660 4825 742 4879 utero
754 4823 857 4879 matris
868 4824 1005 4882 exsiliens
1060 4827 1139 4881 sunt.
1154 4820 1304 4894 Siquidem
1319 4837 1386 4878 cnm
1407 4821 1526 4880 fratrem
1550 4823 1663 4897 lugeret
1674 4821 1776 4891 Jacob,
1790 4826 1820 4878 et
1832 4836 1887 4894 per

176 4913 232 4986 pie
247 4913 380 4970 bravium
395 4911 589 4968 consessionis
605 4910 739 4966 emeruit.
757 4911 844 4966 Recte
855 4912 919 4982 jum
935 4915 1005 4968 tunc
1060 4913 1177 4969 deserta
1187 4910 1377 4967 incomitatus
1390 4916 1512 4979 erraret,
1522 4909 1706 4977 obdormivit,
1717 4915 1746 4967 et
1760 4924 1885 4982 surgens

178 4999 351 5074 designatus
373 5004 418 5058 est
441 5000 477 5055 ad
497 5014 645 5066 coronam,
662 4997 713 5070 qui
742 5001 808 5056 ante
837 5015 938 5055 omnes
968 5001 1004 5058 ad
1059 5000 1133 5056 vidit
1158 4998 1198 5055 ibi
1225 4998 1445 5056 multitudinem
1471 4996 1596 5055 coelestis
1621 4995 1744 5063 militie,
1767 5001 1797 5054 et
1819 4996 1882 5054 ait:

178 5086 288 5145 Christi
303 5104 426 5162 agonem
442 5085 509 5143 lidei
525 5085 611 5142 testis
626 5089 654 5142 et
676 5102 768 5158 praeco
783 5087 900 5143 virtutis
916 5081 1003 5144 suum
1060 5111 1073 5139 «
1090 5088 1142 5144 llic
1166 5086 1249 5144 locus
1275 5091 1395 5144 vocatur
1422 5089 1517 5142 caetra
1543 5083 1714 5158 angelorum
1734 5083 1790 5157 (28)
1805 5084 1882 5157 (Gen.

177 5191 285 5233 nomen
309 5175 466 5232 obtulerat.
482 5174 577 5230 Dones
601 5189 705 5246 praeco,
721 5174 772 5246 qui
797 5174 832 5230 ad
857 5178 1003 5231 certamen
1058 5193 1148 5244 xxxn,
1163 5176 1202 5247 2).
1215 5198 1229 5225 n
1244 5175 1308 5230 Non
1324 5174 1396 5232 satis
1409 5173 1466 5230 fuit
1479 5174 1609 5230 castrum
1624 5187 1738 5242 vocare,
1752 5173 1804 5230 sed
1819 5191 1883 5231 cas·

177 5263 253 5322 alios
268 5265 420 5322 excitabat.
437 5264 473 5320 Dt
485 5277 551 5318 vere
572 5261 668 5332 bopus
682 5263 849 5334 praemuni
865 5267 925 5318 tam
942 5279 1003 5320 ma·
1058 5267 1188 5337 traque
1202 5266 1288 5320 tante
1310 5260 1492 5318 multitudini
1509 5259 1801 5320 convenirentllides
1814 5279 1883 5337 ergo

214 5441 270 5513 (28)
286 5439 370 5498 Hunc
384 5438 482 5495 locum
504 5431 674 5515 memoriter
691 5433 790 5490 citavit
812 5435 1002 5506 Ambrosius,
1059 5443 1149 5497 castro
1173 5437 1346 5508 eupatorem,
1364 5434 1436 5490 LXX
1460 5434 1566 5519 interp.
1587 5434 1724 5507 babeant,
1738 5446 1885 5512 mprptotq

176 5510 420 5586 quandoquidem
445 5507 534 5564 Jacob
549 5505 672 5630 fugienti
688 5505 807 5586 tratrem
834 5522 867 5564 ea
890 5507 1003 5579 tribuit,
1059 5521 1120 5568 θεοῦ
1135 5518 1198 5576 atra
1215 5525 1221 5561 :
1238 5524 1297 5588 qua
1311 5506 1340 5560 in
1355 5504 1480 5587 lectione
1493 5506 1566 5579 ipsrs
1577 5508 1653 5564 sacri
1663 5507 1797 5568 omnium
1810 5509 1884 5574 idios

200 5599 245 5638 uae
261 5581 297 5635 ab
313 5595 345 5635 eo
362 5579 392 5633 in
407 5579 532 5650 patriam
548 5587 578 5632 re
601 5579 686 5633 eunte
701 5576 778 5633 drcta
793 5583 1001 5636 memorantur.
1060 5585 1173 5638 matum
1189 5578 1302 5636 codices
1315 5579 1510 5634 consentiunt.

176 5600 225 5712 Ab
242 5650 282 5706 ibi
299 5649 388 5707 etiem
404 5647 547 5722 reperitur
561 5647 660 5718 aliqua
682 5647 822 5718 variatam
847 5666 914 5709 cum
939 5669 1001 5724 pro,
