4159 6184
303 347 362 412 8⁰⁹
1031 343 1066 405 s,
1089 340 1280 408 snnaosn
1909 359 1955 420 900

302 494 388 537 suurn
406 491 511 551 negare
525 479 690 550 peccatum,
704 473 902 548 dedignantur
916 489 1017 547 rogare
1034 474 1129 530 indul·
1142 489 1168 552 A
1459 477 1535 536 οὓς
1556 477 1669 534 CAPUT
1698 479 1728 534 v,

300 567 547 642 gentiaquuam
561 565 678 639 petebat
705 562 755 636 qui
783 561 874 618 nullis
902 560 1018 636 legibus
1044 567 1125 619 tene·
1182 564 1319 620 Porohoto
1333 581 1416 637 quom
1430 565 1530 622 Doridi
1541 567 1683 639 proposuit
1700 567 1814 637 Notion,
1827 577 1955 644 montur-

300 659 387 714 batur
416 654 567 714 humanis.
596 653 677 722 Quod
706 651 845 726 peccavit,
874 645 1052 708 conditionis
1080 655 1127 709 est
1217 635 1610 711 “Cdrsswstffll’iaetmssb
1625 653 1655 694 ⁶0
1669 625 1954 706 cameleontem!

300 749 349 823 (Dc
362 750 437 804 Pron.
455 745 524 803 diat.
540 745 567 810 3,
584 760 647 816 cap.
672 743 719 800 roe
744 758 806 809 ree,
835 741 851 814 ξ
874 740 954 814 Quod
973 739 1124 814 peccarim:
1216 707 1354 765 mmm·

300 840 379 914 quod
394 832 578 909 supplicavit,
595 830 795 888 correctionis.
811 830 924 904 Lapsus
945 827 1125 898 communie,
1217 831 1261 887 20.
1277 833 1334 888 Νεε
1349 833 1487 905 parabola
1500 832 1647 889 videtura
1667 835 1798 909 mysterio
1818 837 1952 912 discrepare.

301 929 354 986 sad
369 923 502 999 specialis
525 921 679 979 confessio.
705 918 827 992 Culpam
850 917 949 991 itaque
972 917 1123 984 incidisse,
1181 920 1343 987 Quisenim
1357 922 1449 989 dives,
1465 921 1523 978 nisi
1544 921 1686 980 Dominus
1709 926 1802 981 noster
1820 925 1953 1002 lesus,qui

300 1020 409 1074 nature
425 1016 488 1070 est:
506 1009 639 1077 diluisse,
653 1008 770 1065 virtutis
793 1007 861 1079 (10).
882 1029 893 1059 ι
918 1005 989 1072 Quia
1014 1004 1125 1080 gloria·
1181 1010 1218 1066 de
1232 1027 1263 1067 se
1278 1010 1329 1079 ait,
1347 1015 1380 1066 ut
1393 1010 1480 1067 hodie
1498 1010 1607 1068 lectum
1630 1017 1684 1076 ast,
1708 1013 1798 1086 quod:
1821 1013 1895 1072 homo
1912 1019 1954 1090 qni·

298 1111 357 1174 tur,
373 1101 478 1175 inquit,
495 1104 608 1158 eastum
625 1115 656 1155 se
671 1097 778 1154 habere
793 1112 842 1152 cor
860 1097 951 1168 (Pron.
978 1113 1025 1163 xx,
1040 1093 1090 1163 9)t
1108 1115 1122 1146 u
1180 1099 1328 1156 danicum
1343 1099 1424 1157 dives
1436 1104 1524 1168 esset,
1535 1099 1953 1177 abiitinrcgionemlonginann

298 1195 356 1254 Nec
371 1192 459 1250 unius
474 1189 530 1246 diei
547 1189 643 1244 inians
659 1185 789 1243 mundus
808 1201 873 1240 esse
900 1183 1058 1257 Scripturas
1082 1186 1125 1239 te·
1179 1187 1310 1259 accipere
1330 1203 1454 1262 regnum
1477 1195 1505 1244 et
1533 1190 1634 1245 reverti
1656 1191 1730 1261 (luc.
1756 1208 1810 1256 mv,
1831 1192 1877 1264 12).
1902 1195 1954 1249 »lt

299 1283 437 1342 stimonio
453 1279 617 1336 declaratur
632 1276 699 1348 (tob.
712 1292 769 1341 arr,
786 1275 823 1346 1).
843 1297 856 1322 υ
1179 1291 1246 1332 vere
1265 1276 1346 1332 dives
1359 1282 1421 1332 erat
1435 1278 1601 1349 majestatis
1615 1295 1674 1334 suae
1698 1278 1807 1351 opibus,
1832 1285 1858 1336 et
1879 1280 1952 1336 dirici-

334 1421 379 1476 16.
394 1417 436 1473 Da
452 1413 524 1471 mihi
549 1411 678 1483 aliquem
709 1409 772 1464 sine
802 1406 986 1480 prolaptione
1014 1405 1123 1463 delicti.
1179 1369 1249 1421 ¹³⁸³
1265 1365 1596 1438 9¹'0P‘iffi1'1eniffldinev
1620 1367 1666 1422 ⁶²¹5
1699 1367 1796 1440 ᾸΠΒΘῙῙ
1823 1368 1953 1425 titrthtt·

298 1505 505 1566 validissimus
520 1500 652 1559 ninnium
668 1500 792 1554 Samson
809 1495 917 1569 legitur
932 1494 1030 1568 (ladio.
1041 1497 1126 1550 arvet
1179 1453 1247 1527 Μ’
1260 1453 1391 1553 νίῗωῑῗθ
1405 1460 1434 1510 ‘t
1451 1454 1613 1554 Ρθωθῖῧῖῗῦ
1627 1461 1656 1512 il
1670 1455 1853 1557 primipilub
1875 1456 1952 1513 Thmui

298 1599 378 1671 sep),
395 1595 444 1671 qni
457 1594 569 1651 leonem
587 1587 674 1646 etiarn
684 1587 747 1644 suis
761 1585 898 1641 manibus
911 1582 1123 1657 strangulavit,
1179 1547 1209 1599 et
1223 1543 1453 1607 D⁰m¹¹¹⁸t¹⁰¹¹⁶ffi
1469 1542 1628 1599 mmmmm
1642 1550 1671 1600 0²
1686 1544 1833 1617 8ὓηὶΡῖιῑῑιι
1846 1545 1953 1601 tudetem

299 1690 350 1746 sed
375 1685 487 1744 utinam
511 1693 640 1737 amorem
664 1691 753 1732 suurn
788 1674 930 1731 suffocare
960 1670 1123 1746 potuissetl
1179 1631 1694 1703 ⁰b⁸²q¹¹¹⁰“ruffam-sedimen
1711 1649 1776 1689 ⁰⁰11]
1801 1631 1871 1690 ditet
1892 1638 1952 1700 tutti.

299 1779 409 1836 illaesas
425 1769 555 1829 incendit
582 1763 807 1840 allophylorum,
837 1767 865 1819 et
893 1761 955 1835 ipse
989 1759 1121 1817 mulieris
1179 1719 1299 1793 ”imm
1316 1721 1476 1794 ¹¹⁰⁰⁸gi¹¹t⁸
1501 1737 1604 1778 ¹¹⁰V⁰m
1632 1721 1661 1776 5¹¹
1690 1721 1954 1823 ffl⁰s¹fib⁰⁵⁸¹ttttbtl

301 1869 388 1926 unius
404 1863 476 1920 arsit
490 1856 630 1932 igniculo.
646 1853 771 1928 lephtho
787 1853 878 1908 ricton
906 1852 942 1906 ab
971 1851 1054 1907 hoste
1079 1865 1124 1905 ra·
1138 1859 1163 1924 B
1178 1826 1268 1865 ¹¹⁰⁸OE
1285 1826 1367 1866 mm
1383 1827 1447 1880 ΨΜ
1461 1808 1740 1881 ¹³⁸⁵⁸P⁰m⁰¹¹⁸0fflb
1751 1809 1954 1885 Nummi-Hm

300 1957 424 2017 meavit:
446 1951 496 2008 sed
513 1946 617 2005 milla
632 1945 761 2001 referens
787 1939 988 2014 triumphalia,
1013 1955 1067 1996 uo
1081 1937 1123 1993 vi·
1177 1896 1315 1968 princeps
1331 1897 1416 1952 istius
1431 1896 1545 1963 mundi,
1556 1896 1798 1971 contemplatione
1811 1896 1954 1954 illiusdirilis

299 2055 364 2106 etus
380 2049 424 2101 est
438 2041 633 2102 sacramento,
651 2037 683 2088 ut
699 2033 834 2104 pictatem
855 2028 1032 2086 occurrentis
1057 2027 1122 2083 filie
1177 2000 1288 2056 egenus
1302 1990 1332 2042 et
1347 2001 1465 2058 pwper'
1482 1985 1567 2058 quui
1593 1986 1682 2042 filiam
1705 1986 1844 2043 “limeum
1863 1985 1954 2058 illidii

655 2123 722 2178 dam
789 2123 872 2176 met,
899 2118 1030 2174 Primum
1060 2133 1122 2172 om·
1177 2074 1335 2130 nutriebat.
1352 2074 1736 2147 hlei-itoitnquedaleearat,
1765 2077 1808 2133 cui
1830 2075 1954 2133 substantia

299 2133 455 2212 pamm
477 2141 652 2184 mmmm
747 2137 785 2194 pu
1177 2167 1240 2219 erat
1254 2162 1338 2220 cibus
1359 2162 1467 2220 seculi.
1484 2164 1634 2220 lirraverat
1661 2164 1723 2220 brac
1751 2165 1809 2221 osis
1834 2165 1860 2220 in
1880 2165 1952 2228 idam,

299 2227 382 2284 nium
399 2220 468 2296 qnid
484 2233 558 2290 opus
573 2214 629 2270 luit
644 2217 704 2270 tum
721 2209 803 2266 lacile
825 2209 937 2280 jurare,
963 2211 992 2262 et
1011 2206 1124 2262 incerta
1176 2252 1295 2308 insidiis
1310 2250 1466 2308 sollicitam
1479 2253 1634 2326 serpentis·

1212 2345 1257 2397 21.
1272 2343 1308 2397 Et
1322 2358 1380 2400 non
1396 2341 1474 2397 mala
1491 2341 1563 2410 ovis,
1577 2358 1641 2415 quas
1657 2348 1720 2400 erat
1734 2343 1816 2399 Verbi
1834 2343 1911 2416 plena,
1923 2345 1953 2396 nt·

1176 2437 1244 2505 pote
1259 2429 1441 2490 rationabilis
1456 2431 1649 2488 hebdomadis
1665 2433 1722 2505 (12)
1750 2431 1817 2502 sslia,
1842 2435 1867 2488 et
1889 2428 1953 2488 sacri

1177 2537 1288 2578 munus
1302 2520 1450 2588 auctoria3
1465 2523 1565 2576 tamen
1589 2537 1648 2578 non
1675 2521 1809 2595 pretiosis
1833 2519 1952 2592 aliquibus¹

332 2627 377 2683 17.
393 2623 449 2680 Nec
464 2621 500 2676 de
523 2614 724 2672 sacerdotibus
749 2611 896 2668 silendum
923 2609 1060 2673 arbitror,
1085 2622 1123 2662 ne
1176 2609 1229 2666 aed
1240 2607 1349 2664 vilibus
1361 2607 1499 2682 pauperia
1513 2608 1564 2664 diu
1580 2609 1687 2683 opibus
1702 2609 1836 2666 elebatur.
1859 2606 1953 2678 Derion

298 2701 705 2774 nostravideardissimulare
720 2698 835 2756 delicta.
851 2701 945 2755 aaron
962 2697 1024 2769 ipse
1040 2712 1121 2752 sum·
1176 2721 1191 2748 «
1207 2698 1244 2754 de
1259 2713 1336 2771 pana
1347 2697 1424 2768 mua,
1439 2697 1546 2770 inquit,
1567 2698 1774 2768 manducabat,
1799 2701 1826 2754 et
1845 2697 1875 2752 de
1893 2695 1954 2750 edite

298 2822 365 2862 mus
380 2799 517 2859 sacerdos
533 2799 603 2868 (quo
614 2789 805 2863 duccpariter
819 2805 852 2843 ac
869 2787 976 2858 Moyse,
988 2784 1120 2840 ltnhrum
1175 2787 1240 2860 ejus
1255 2787 1386 2853 bibebat,
1400 2792 1431 2843 et
1444 2787 1474 2842 in
1489 2786 1557 2844 sinu
1570 2787 1637 2860 ejus
1662 2787 1822 2844 dormiebat
1850 2785 1888 2858 (ll
1909 2785 1953 2852 lep.

297 2894 385 2969 pedes
393 2905 474 2946 mere
483 2883 618 2943 transivit
632 2878 758 2952 populns
778 2876 977 2942 Hebraeorum>
1001 2876 1121 2946 rogatus
1176 2893 1226 2944 κει,
1242 2877 1280 2948 3).
1294 2897 1308 2926 »
1324 2876 1387 2932 Non
1403 2877 1479 2932 bona
1492 2892 1561 2932 esea
1586 2876 1771 2949 olithiopnm,
1794 2875 1884 2932 noxius
1903 2870 1954 2928 eatis

298 2981 413 3055 spleha
429 2982 461 3033 ut
474 2977 544 3031 deos
559 2969 616 3027 sibi
633 2973 739 3024 laceret
749 2981 823 3037 quos
839 2963 1002 3029 adorarent,
1014 2977 1120 3018 aurum
1175 2981 1282 3022 aureus
1297 2964 1463 3038 Babylonis,
1477 2964 1527 3038 qui
1546 2970 1648 3038 gentes
1669 2965 1810 3024 inebriat:
1832 2980 1881 3020 non
1897 2958 1955 3016 ntrlh

297 3068 439 3146 poposcit,
456 3063 598 3136 inignem
615 3055 705 3124 misit,
717 3057 746 3110 et
760 3057 847 3125 caput
861 3050 943 3108 vituli
961 3051 1119 3125 figuratum
1175 3071 1298 3112 somnus
1312 3057 1357 3110 est
1372 3053 1595 3123 dormientibus,
1611 3055 1690 3112 malo
1714 3053 1836 3130 vigilare.
1858 3050 1955 3122 henim

297 3166 351 3230 est,
369 3159 415 3216 oui
432 3158 504 3212 sunt
526 3149 624 3208 oblata
645 3143 801 3203 sacrificia.
814 3143 875 3208 0110
890 3139 998 3196 indicio
1013 3139 1122 3196 claruit
1175 3143 1285 3200 turbati
1297 3146 1368 3200 aunt
1382 3159 1483 3200 omnes
1506 3142 1681 3216 insipientes
1708 3144 1814 3210 corde,
1828 3139 1955 3198 obdormie-

296 3249 360 3308 auri
375 3246 570 3320 cupiditatum
586 3235 739 3294 materiam
754 3249 819 3288 esse
842 3229 979 3302 perndie,
1003 3233 1032 3286 et
1052 3227 1155 3296 ara-C
1174 3238 1244 3289 runt
1257 3249 1395 3289 somnum
1411 3249 1511 3298 suum,
1526 3238 1555 3288 ct
1569 3232 1644 3289 nihil
1668 3233 1843 3297 inuenerunt.
1863 3225 1954 3300 llospitii

296 3339 368 3396 ritie
383 3333 481 3394 studio
497 3325 650 3399 sacrilegia
665 3321 759 3378 solere
771 3319 914 3394 generari.
933 3319 1037 3374 lterum
1054 3323 1118 3373 tan·
1174 3322 1264 3395 igitur
1273 3320 1635 3394 gratia,quiasusceperut
1645 3323 1799 3395 hospitem,
1810 3323 1840 3376 ut
1852 3313 1954 3389 eiepulu

295 3431 345 3484 tus
360 3423 496 3482 sacerdos
510 3417 607 3474 locum
619 3411 722 3469 incidit
737 3407 908 3467 offensionis
923 3423 990 3462 ⁰⁰³1
1019 3421 1119 3464 sorore
1172 3410 1331 3480 exhiberet,
1346 3409 1428 3467 illam
1443 3410 1581 3484 pauperis
1608 3427 1693 3468 ovam
1721 3408 1845 3469 abstulit.
1860 3412 1891 3464 Dc
1911 3402 1953 3460 auis

295 3511 459 3573 anellaria.
471 3507 544 3564 Nem
561 3504 635 3559 dum
649 3499 731 3556 fratri
747 3500 870 3572 uterque
884 3495 1026 3553 obtrectat
1040 3493 1118 3566 quod
1172 3500 1250 3558 enim
1267 3498 1309 3556 vel
1325 3499 1464 3572 gregibus
1478 3499 1522 3556 rel
1538 3500 1680 3557 armentis
1695 3500 1719 3558 si
1736 3499 1810 3573 quod
1820 3492 1954 3554 animaliu-

294 3601 489 3674 alienigenam
505 3591 665 3666 accepisset
678 3603 808 3653 uxorem,
834 3583 911 3641 illico
935 3583 1025 3640 llario
1049 3598 1118 3639 con·
1172 3587 1306 3656 moleret,
1322 3587 1407 3644 nobis
1429 3589 1567 3661 prodesse
1596 3606 1653 3644 non
1683 3593 1805 3663 poterat,
1831 3602 1893 3658 quoa
1914 3577 1952 3636 uiti

294 3690 372 3764 tegio
384 3687 455 3760 (10')
472 3681 626 3742 maculosis
641 3677 739 3735 carnis
749 3675 885 3733 ellloruit.
1171 3675 1363 3744 immolasset,
1380 3693 1437 3732 non
1453 3675 1635 3734 redemisset.

1207 3769 1251 3821 22.
1270 3766 1456 3822 Infirmitates
1470 3765 1562 3839 igitur
1575 3771 1682 3823 nostra
1698 3764 1854 3839 fragilitatis
1871 3760 1895 3816 in
1915 3771 1952 3814 sur

1172 3869 1259 3910 carne
1273 3853 1411 3926 hospitali
1432 3855 1559 3925 quodam
1575 3855 1705 3928 suscepit
1719 3855 1828 3918 ellectu,
1842 3851 1911 3922 eujus
1925 3846 1951 3900 le·

1170 3944 1271 3999 vande
1287 3958 1375 3998 eausa
1390 3941 1432 3997 rel
1449 3943 1546 4014 potius
1570 3943 1742 4011 reliciende,
1766 3957 1871 3998 carnem
1891 3947 1950 3992 suam

1172 4031 1293 4088 salutari
1313 4029 1357 4086 illi
1373 4031 1479 4088 obtulit
1493 4033 1634 4104 passioni,
1645 4041 1678 4088 ut
1688 4033 1820 4088 etcibum
1831 4023 1951 4086 nobisne

1171 4121 1312 4193 preberet
1326 4123 1449 4176 eternae.
1470 4119 1505 4176 nt
1530 4121 1604 4179 hene
1627 4138 1728 4194 conum
1753 4120 1822 4177 dixit
1840 4115 1952 4187 scriptcr

1170 4208 1275 4278 (ibici),
1303 4208 1372 4281 quia
1399 4213 1462 4266 erat
1490 4208 1619 4283 Virginis
1646 4215 1758 4284 partus.
1784 4211 1854 4266 Beue
1875 4205 1952 4274 dignu

1170 4301 1263 4354 morte
1276 4297 1485 4369 pronuntiatur
1503 4297 1584 4354 dives
1605 4297 1662 4356 iste
1679 4298 1792 4371 jndicio
1803 4291 1951 4371 propheticoi

1170 4386 1240 4458 quia
1267 4391 1297 4442 et
1323 4385 1447 4460 caiphas
1475 4387 1658 4459 prophetavit
1685 4387 1803 4444 dicens:
1829 4405 1843 4434 s
1866 4374 1953 4451 Expedit

1170 4491 1263 4531 unum
1278 4474 1429 4532 hominem
1445 4474 1518 4532 mori
1534 4493 1586 4550 pro
1602 4475 1709 4550 populo
1730 4478 1814 4548 (toan.
1836 4488 1871 4536 ru,
1889 4467 1951 4523 503³

1130 4599 1155 4665 D
1170 4563 1258 4621 Solus
1271 4568 1370 4620 autem
1384 4563 1528 4621 Dominus
1541 4565 1629 4622 lesus
1643 4563 1695 4622 tali
1712 4565 1815 4638 dignus
1827 4553 1952 4618 electusest

1171 4657 1275 4721 morte,
1291 4669 1350 4724 qua
1362 4652 1476 4709 tolleret
1488 4659 1639 4726 peccatum
1656 4655 1768 4710 mundi.
1781 4650 1889 4708 Pulchre
1900 4655 1951 4714 qut·

329 4755 372 4810 19.
390 4753 503 4824 Drgcct
517 4747 607 4804 Dauid
623 4745 672 4819 qui
701 4744 789 4800 sciret
814 4741 964 4798 hominem
997 4757 1028 4796 se
1052 4755 1117 4798 esse
1171 4741 1536 4815 queaddidit:«dgnam
1552 4743 1749 4815 restituet(ll
1768 4733 1950 4813 llep.11¹.6l2’

292 4850 394 4901 natum
412 4839 520 4913 lapsui,
536 4836 650 4893 veniam
671 4831 847 4907 postularit:
876 4829 992 4888 Domini
1017 4835 1115 4887 autem
1172 4829 1533 4904 quiscurnempropriam
1550 4832 1741 4900 resuscitavit,
1765 4844 1871 4886 carnem
1894 4817 1949 4876 illtffl
1999 4868 2000 4877 .

291 4950 351 4991 non
366 4928 531 5004 desperavit
546 4922 788 4982 misericordiam.
1171 4917 1323 4993 virginatis
1337 4919 1512 4992 integritatis
1527 4919 1663 4977 reddidit.
1684 4919 1741 4978 Nec
1768 4917 1836 4974 illud
1857 4910 1949 4970 ebosus
1999 4988 2000 5005 Χ

298 2327 401 2372 vovere
429 2323 482 2383 pro
510 2304 608 2368 certis,
636 2317 763 2374 quornm
802 2297 926 2354 nesciret
962 2293 1123 2352 eventum?

298 2403 408 2462 Deinde
434 2399 470 2454 ad
495 2393 565 2468 quid
591 2394 775 2447 sacramenta
797 2385 894 2444 tristia
916 2384 1039 2442 Domine
1064 2383 1123 2441 Deo

299 2491 411 2552 reddit:
430 2492 461 2544 nt
476 2481 605 2541 cruentis
621 2478 713 2536 solvat
728 2494 780 2533 sna
796 2481 861 2532 vota
876 2471 1052 2532 lunenbust

331 3847 344 3874 n
360 3824 402 3879 18.
414 3823 475 3886 Ouo
491 3817 545 3874 loci
558 3812 700 3871 evidentis
716 3809 770 3865 luit
780 3809 874 3881 ligura
884 3805 1027 3880 mysterii,
1038 3807 1117 3878 quod

294 3909 484 3971 sacerdotalis
500 3905 549 3963 ille
564 3901 692 3978 populus
717 3903 832 3972 patrum
859 3895 987 3952 fraterne
1010 3894 1118 3967 populo

293 3998 505 4076 posterioribus
534 3989 715 4064 temporibus
748 3987 909 4059 derogaret,
935 3981 1117 4056 AEthiopissar

293 4090 373 4147 illius
386 4087 520 4145 nesciens
534 4082 761 4138 sacramentum.
779 4073 853 4130 Nam
877 4073 901 4128 si
923 4071 1117 4145 cognovisset,

293 4197 351 4237 non
367 4171 612 4252 reprehendisset,
629 4166 705 4239 quod
723 4181 790 4220 cum
800 4162 888 4218 reteri
900 4161 1039 4234 mysterio
1052 4177 1118 4218 con·

292 4268 412 4325 veniret.
444 4265 544 4336 ltaque
568 4273 635 4314 cnm
653 4253 771 4311 iudeus
794 4267 861 4309 eum
890 4251 939 4324 qui
964 4267 999 4306 ex
1022 4251 1117 4324 genti·

294 4360 350 4414 bus
365 4353 498 4419 credidit,
514 4349 586 4406 dicit
600 4361 665 4403 asse
679 4357 864 4400 communem
881 4341 949 4414 (tl),
973 4345 1002 4394 at
1024 4337 1118 4395 vulta

294 4444 356 4518 lege
371 4456 531 4507 secernere,
552 4437 663 4509 lepram
687 4431 785 4498 habet,
810 4447 899 4504 quam
926 4445 984 4484 non
1009 4427 1117 4500 poterit

293 4532 423 4600 evadere,
441 4527 497 4584 nisi
513 4523 653 4600 spiritalis
670 4521 696 4578 ci
712 4520 786 4594 lagia
808 4518 918 4592 agnitio
941 4519 977 4574 nd
1000 4515 1115 4571 veniam

294 4621 381 4678 luerit
395 4617 563 4689 sullragnta.

326 5129 382 5203 (10)
398 5127 474 5184 Ddit.
491 5129 546 5182 ret.
563 5137 630 5180 cum
649 5119 750 5206 paucis
766 5134 850 5184 msa,
865 5114 965 5172 delesse
988 5115 1116 5174 su'rtnts's,⁸
1171 5115 1275 5171 menti.
1287 5113 1360 5170 Nem
1371 5131 1423 5188 per
1436 5114 1652 5172 hebdomadam
1666 5115 1816 5188 antiquum
1830 5107 1906 5166 ledus
1917 5097 1949 5154 de

292 5201 376 5258 Rom.
393 5215 461 5256 cum
477 5193 609 5268 reliquis,
625 5193 738 5250 diluisse
751 5189 875 5246 virtutis.
1171 5186 1280 5260 signari
1295 5202 1363 5242 cum
1379 5186 1448 5242 alibi
1464 5186 1622 5260 significat,
1643 5193 1706 5243 tum
1719 5187 1802 5258 epist.
1816 5181 1848 5238 od
1867 5171 1947 5232 lloroal·

325 5272 397 5342 (10')
414 5270 444 5326 ld
459 5273 513 5335 est,
528 5267 618 5342 lepra.
967 5329 972 5339 Ι
1171 5259 1220 5312 ubi
1235 5257 1332 5330 legas:
1348 5257 1495 5314 lletdomru
1516 5261 1623 5315 Veteris
1639 5258 1796 5318 Testamenti
1814 5259 1864 5310 est:
1882 5247 1947 5302 nisu

326 5345 368 5415 (ll
398 5341 583 5406 Communem,
600 5333 732 5394 hocloco
761 5331 950 5404 interpretare
965 5344 1114 5400 impurum
1170 5329 1247 5394 Nori,
1263 5333 1318 5384 etc.
1334 5329 1465 5402 llicargo
1481 5329 1642 5386 totiusloci
1665 5346 1768 5386 sensus
1795 5331 1851 5382 ast:
1869 5317 1947 5375 Natura

289 5419 319 5470 et
338 5411 494 5486 polutum,
519 5415 551 5466 ut
574 5427 608 5466 ea
629 5424 685 5464 vox
706 5403 834 5462 sumitur
849 5403 975 5458 actuum
999 5415 1063 5473 cap.
1086 5415 1115 5466 x,
1171 5399 1302 5457 humana
1317 5401 1370 5457 etsi
1386 5401 1414 5456 in
1434 5401 1545 5457 Adamo
1574 5400 1656 5473 lapsa
1681 5400 1776 5465 luerit,
1803 5411 1855 5452 non
1878 5393 1946 5444 nmen

290 5499 366 5540 vers.
383 5483 427 5546 tl,
444 5486 473 5539 et
487 5479 567 5538 alibi.
1171 5471 1250 5529 mala
1264 5476 1319 5539 est,
1335 5473 1443 5546 quippe
1458 5488 1520 5544 qua
1535 5479 1631 5530 creata
1657 5471 1695 5528 sit
1725 5473 1754 5527 in
1773 5461 1859 5525 Veteri
1878 5455 1947 5515 ress·

327 5554 384 5636 (12)
399 5552 584 5637 Rctiuwhitis
599 5545 784 5615 hebdomadis,
800 5545 829 5602 id
849 5548 894 5601 est
917 5540 1058 5616 spiritalia
1082 5556 1116 5624 ac
1171 5547 1280 5628 mento,
1296 5543 1476 5671 mihim-m
1496 5543 1694 5627 praedictiones
1718 5533 1947 5628 prompsissent

290 5627 558 5698 repatriassent
572 5626 692 5680 sanetus
707 5619 809 5676 doctor
830 5616 998 5700 frequenter
1019 5611 1116 5688 loqur·
1169 5616 1343 5674 incarnandi
1381 5615 1578 5692 echnacceprt,
1594 5613 1669 5674 unde
1687 5619 1774 5674 atram
1788 5611 1881 5670 dieitur
1893 5591 1946 5654 ron

290 5703 352 5768 tur,
368 5694 552 5770 intelligibilia
567 5690 750 5764 hebdomadis,
766 5688 879 5750 Veteris
893 5685 1004 5746 sorbeat
1018 5685 1117 5746 Teste·
1166 5685 1261 5768 ptem
1311 5725 1314 5732 -
