4159 6184
255 332 315 395 lli
984 334 1017 395 S.
1042 278 1239 397 1111110811
1300 378 1306 385 -
1882 350 1934 416 tls

256 464 348 539 cupit,
362 469 391 525 et
404 464 533 523 vicinum
554 464 714 523 excludere.
734 461 884 539 Numquid
907 463 1078 539 hujusmodl
1094 469 1122 537 Α
1136 471 1195 524 166
1224 462 1521 543 flagitiosissimorum
1549 466 1690 547 elegerat,
1719 472 1837 535 Sodoma
1866 484 1935 542 enim

253 555 423 614 Abraham?
445 557 574 621 Minime,
591 555 724 627 quemvis
744 554 774 611 in
798 554 942 629 principio
966 560 995 611 et
1017 555 1082 628 ipse
1135 554 1936 633 16666166166616661616661.1166666166116616161166

252 644 458 717 imperfectior.
469 646 551 701 Unde
573 643 651 700 euim
675 644 814 715 perfectio
829 648 896 700 ente
921 644 1080 700 adventum
1134 646 1373 720 interpretatione
1387 647 1496 705 dicitur
1515 650 1580 718 Lot,
1593 652 1670 723 quod
1686 651 1712 708 16
1725 653 1793 710 61116
1806 656 1881 731 eligit
1892 662 1936 733 qui

253 733 387 791 Christi?
403 735 538 790 Nondum
553 736 671 789 venerat
689 733 740 805 qui
756 733 864 789 diceret
880 751 887 789 ε
905 732 936 789 Si
955 735 997 788 oie
1014 748 1080 806 per·
1135 750 1152 788 6
1166 733 1271 791 virtute
1288 733 1425 802 declinat,
1441 740 1471 793 61
1485 738 1669 810 6166611616
1683 740 1817 799 deflectit.

251 826 339 893 (66166
361 821 614 891 emendacione
627 824 722 879 monio
735 826 831 888 16661
853 822 887 877 16
901 822 1078 895 pauperiore,
1170 822 1285 892 15.ro
1305 833 1438 897 comperto
1459 826 1561 883 liram
1574 831 1729 885 ouomrooit
1750 832 1864 890 corcoim
1884 854 1938 893 666

252 915 366 975 616661,
382 927 491 985 aequare
510 927 554 966 me
567 911 671 982 (116111.
688 929 745 981 xix,
759 912 815 983 21).
833 912 943 968 Temen
967 915 1001 967 61
1023 910 1078 966 mi·
1133 912 1292 968 vernaculos
1313 913 1462 985 (1166666,
1479 916 1537 984 li);
1556 920 1586 972 et
1607 932 1674 973 eum
1697 921 1831 977 trecentis
1852 923 1938 983 decem

252 1002 333 1059 nime
354 1017 460 1057 avarus
483 998 653 1057 electionem
679 1001 771 1068 ollert,
788 1005 821 1055 61
839 1002 941 1072 ,iustus
964 1000 1079 1057 dissen-
1133 1003 1238 1056 616616
1253 1000 1323 1058 viria
1342 1002 1465 1074 adeptus
1479 1003 1641 1074 victoriam,
1656 1006 1788 1064 liberavit
1808 1015 1937 1083 nepotem.

250 1091 365 1148 aionem
381 1092 524 1161 amputat.
541 1091 598 1145 lton
621 1092 668 1158 eit,
682 1090 787 1162 inquit,
804 1093 870 1145 rino
892 1091 965 1145 inter
986 1105 1030 1145 me
1054 1096 1080 1143 el
1133 1086 1276 1145 Probatur
1300 1088 1453 1152 divisionis
1476 1092 1609 1160 61166166,
1625 1094 1741 1166 666616
1769 1096 1810 1153 616
1836 1101 1940 1158 amabat

250 1182 286 1245 te,
302 1187 327 1236 61
343 1180 416 1235 inter
439 1187 563 1251 posterea
583 1195 656 1235 orcos
671 1183 695 1233 et
709 1188 829 1250 potiores
853 1186 923 1247 1666,
939 1180 1005 1249 6616
1027 1178 1078 1233 16·
1132 1180 1280 1249 nepotem,
1291 1181 1325 1235 ut
1337 1195 1390 1250 pro
1405 1196 1438 1237 eo
1453 1196 1506 1237 nec
1525 1180 1592 1238 helli
1606 1182 1766 1241 declinaret
1780 1186 1938 1259 perieulum.

250 1270 339 1325 mines
352 1286 402 1325 noa
415 1271 632 1340 fratrecoomua.
648 1269 743 1324 Nonne
765 1284 825 1323 ecce
850 1275 904 1323 loto
927 1271 1001 1322 terro
1015 1270 1079 1323 6616
1133 1263 1206 1330 Ouid
1231 1270 1285 1333 est,
1305 1271 1483 1325 naooeroeit?
1505 1270 1565 1327 Hoc
1587 1274 1642 1338 661,
1667 1271 1762 1345 elegit.
1779 1274 1856 1332 Unde
1876 1276 1940 1335 illud

251 1365 278 1413 te
292 1361 350 1415 eet?
371 1357 479 1413 11166616
497 1374 515 1412 6
537 1373 580 1413 mc
606 1375 615 1411 :
640 1358 665 1412 ei
686 1359 718 1411 to
743 1357 772 1410 in
796 1358 949 1425 sinistrum,
971 1372 1019 1424 666
1048 1358 1077 1410 in
1133 1370 1191 1409 non
1206 1354 1302 1411 solum
1318 1357 1354 1413 ad
1369 1356 1523 1415 seientiam
1538 1358 1590 1415 Dei
1605 1359 1738 1431 refertur,
1751 1363 1799 1419 661
1815 1363 1897 1421 etiem
1907 1368 1940 1423 61

250 1446 389 1504 16616666
406 1466 415 1501 .·
430 1448 472 1501 661
487 1448 512 1501 61
536 1455 566 1502 16
589 1448 620 1501 16
641 1446 793 1513 dexteram,
810 1461 857 1517 eqo
880 1446 911 1501 in
933 1446 1078 1501 sinistram
1132 1442 1942 1521 36611661661666616661161666661161161111661666

250 1535 327 1608 (166.
343 1553 405 1606 ιιιιι,
420 1537 448 1602 8,
463 1536 501 1608 9).
1130 1531 1219 1588 lasus
1234 1550 1241 1588 :
1257 1535 1403 1607 61666111
1423 1538 1509 1592 oeetrr'
1527 1551 1620 1594 eomer
1634 1541 1774 1595 carcerati
1795 1546 1856 1597 6661
1875 1544 1941 1615 (lvo.

288 1627 332 1682 13.
348 1627 381 1682 lit
404 1626 505 1681 1666611
528 1625 619 1680 ocutos
643 1625 689 1679 Lot
704 1623 770 1696 (18),
790 1628 817 1680 61
837 1625 918 1696 elegit
941 1624 1078 1693 imperem
1131 1638 1182 1688 ιιιι,
1197 1621 1236 1693 7).
1253 1621 1392 1695 Cognovit
1410 1628 1507 1681 autem
1525 1626 1666 1683 Dominus
1682 1627 1732 1699 qui
1756 1632 1824 1685 6661
1837 1630 1941 1703 ipsius:

249 1718 396 1788 regionem.
420 1715 492 1771 ²87
525 1713 630 1787 inquit,
656 1713 801 1780 iordanis,
827 1715 893 1786 6616
916 1718 972 1770 1616
995 1714 1076 1784 rigo·
1131 1726 1182 1768 666
1197 1710 1361 1785 66166661
1385 1729 1443 1770 non
1467 1718 1538 1774 6661
1552 1714 1657 1788 ipsius,
1674 1732 1733 1773 non
1758 1716 1942 1790 1166616666-

250 1806 341 1873 hatur,
356 1813 382 1861 et
397 1807 454 1860 661
468 1804 538 1859 eiciet
552 1802 699 1875 perediam
713 1803 762 1857 liei
776 1804 855 1871 (loiri.
873 1803 927 1875 lo).
945 1802 1076 1858 Plerum-
1090 1843 1115 1909 Β
1131 1816 1281 1873 gnoscere.
1310 1801 1478 1859 Numeravit
1501 1808 1601 1860 autem
1629 1808 1779 1862 trecentos
1799 1807 1895 1864 decem
1920 1814 1944 1865 ct

250 1909 307 1966 que
322 1892 521 1965 possessiones
546 1891 706 1947 obveniunt
725 1891 923 1958 hereditarie,
940 1889 1002 1946 alie
1018 1890 1075 1945 uti·
1131 1892 1204 1956 octo,
1222 1892 1255 1945 ut
1270 1890 1345 1947 scias
1367 1907 1425 1947 non
1448 1892 1643 1963 quantitatem
1658 1895 1788 1966 numeri,
1803 1896 1853 1953 661
1867 1898 1944 1953 meri·

248 1981 348 2049 liores,
364 1980 427 2038 6116
455 1979 639 2037 amoeniores.
665 1980 727 2036 Non
756 1980 858 2052 ntique
887 1979 915 2035 in
943 1979 1075 2051 portione
1129 1981 1193 2033 tum
1210 1975 1360 2035 electionis
1375 1994 1557 2051 expressum.
1575 1981 1630 2037 Mos
1645 1981 1726 2037 enim
1742 1982 1870 2053 adscivit,
1881 2002 1944 2057 6666

249 2071 383 2129 secunde
397 2070 549 2141 6661(19).
566 2070 639 2125 Nem
655 2069 758 2141 incipit
780 2069 874 2124 minui
890 2067 1074 2141 singularum
1129 2065 1234 2138 dignos
1257 2083 1379 2123 numero
1396 2067 1541 2139 judicavit
1553 2068 1697 2140 fidelium,
1715 2071 1767 2143 qui
1789 2072 1819 2128 16
1841 2073 1946 2131 Domini

248 2159 398 2217 meritum.
414 2159 469 2215 Sed
486 2158 512 2215 si
528 2175 585 2214 nou
609 2161 721 2230 queunt
744 2162 841 2231 partes
856 2157 892 2213 de
908 2156 1074 2213 utilioribus
1129 2154 1222 2211 666161
1236 2156 1306 2211 1666
1319 2155 1427 2213 Christi
1444 2157 1611 2230 passionem
1627 2159 1791 2217 crederent.
1805 2161 1945 2217 Tmcemoe

246 2248 411 2317 convenire,
427 2247 614 2304 conterantur
628 2264 748 2302 ammnae
764 2246 940 2303 utilioribus.
955 2245 1074 2303 Diversa
1129 2243 1208 2299 enirn
1222 2257 1242 2301 6
1257 2244 1356 2302 Graece
1371 2245 1467 2302 littere
1488 2244 1646 2319 signilloat,
1660 2248 1765 2304 decem
1780 2251 1809 2305 et
1828 2252 1888 2307 6616
1901 2266 1947 2305 66-

246 2336 402 2395 hominurn
417 2337 536 2409 ingenia
558 2340 627 2392 sunt
643 2354 649 2391 ε
667 2335 740 2391 61166
761 2334 854 2402 611116,
871 2334 945 2391 61166
960 2351 1075 2391 ammne
1129 2336 1189 2388 tem
1215 2349 1363 2390 summam
1380 2347 1411 2403 ιη’
1423 2334 1562 2406 exprimit
1577 2334 1643 2407 (25).
1667 2336 1749 2392 Fidei
1770 2352 1839 2409 ergo
1854 2337 1945 2393 merito

186 2465 191 2469 -
247 2425 401 2483 161661661.
418 2425 564 2481 Infirmior
579 2424 740 2480 emoeniore
753 2423 844 2497 eligit,
859 2422 977 2480 utiliora
991 2424 1072 2480 lasti·
1128 2421 1275 2478 Abraham
1290 2422 1370 2491 vicit,
1380 2438 1438 2479 non
1449 2422 1591 2496 populoso
1606 2425 1748 2481 exercitu.
1765 2425 1892 2499 Denique
1903 2442 1946 2483 eos

247 2514 300 2573 dit.
316 2514 439 2570 Villicue
457 2529 670 2585 nonnunquam
691 2512 774 2569 utilis
788 2517 843 2581 est,
858 2512 901 2569 vel
916 2517 997 2569 ector
1011 2511 1073 2585 egri
1127 2509 1235 2581 quihus
1249 2511 1381 2584 quinque
1396 2527 1498 2585 regum
1513 2528 1596 2568 arma
1617 2518 1863 2583 cesserunt,cum
1887 2531 1947 2587 pau·

246 2603 466 2675 (21))666166166
489 2602 612 2659 urbano.
631 2602 661 2657 Si
682 2586 883 2673 ’166161666611
904 2599 1074 2657 6166166661
1127 2598 1170 2655 616
1184 2614 1322 2673 egressus
1335 2598 1497 2658 vernaculis
1513 2599 1719 2674 triumphavit.

246 2708 349 2749 cocum
373 2691 466 2764 eligit,
487 2695 538 2747 661
560 2691 688 2747 vocalem
705 2691 761 2763 (21)
786 2706 873 2762 6666
897 2688 1073 2745 venustioris
1162 2687 1206 2742 16.
1221 2688 1277 2743 Sed
1293 2686 1343 2760 661
1357 2688 1447 2745 616611
1461 2704 1519 2745 666
1533 2689 1620 2746 debet
1635 2690 1696 2747 sihi
1718 2707 1855 2767 arrogare
1869 2691 1947 2749 victo·

245 2779 346 2854 gratim
370 2784 462 2852 putet,
480 2779 588 2837 relutat
611 2778 769 2835 utiliorem.
784 2777 960 2849 Plerumque
983 2777 1072 2833 etiam
1126 2774 1212 2845 riam,
1236 2777 1287 2833 sed
1308 2777 1419 2834 deferre
1442 2777 1510 2833 lico.
1537 2776 1597 2834 lloc
1618 2779 1775 2837 Abraham
1799 2782 1889 2851 docet,
1904 2779 1948 2852 qui

245 2869 297 2928 uhi
320 2870 434 2925 1666166
462 2884 519 2923 666
550 2868 679 2940 imperes
709 2870 779 2923 sunt
806 2868 873 2938 (22),
901 2866 1073 2938 prudentior
1126 2862 1949 2941 161661611616616616611166661,666666661166288

242 2957 407 3017 amoeuiora
428 2955 565 3012 declinet.
582 2956 644 3011 (1116
668 2954 809 3011 16611166
829 2961 954 3023 666661,
969 2955 1026 3011 6116
1040 2954 1071 3009 16
1125 2952 1307 3010 Sacrificium
1326 2953 1454 3027 denique
1474 2953 1591 3021 obtulit,
1607 2955 1744 3013 decimas
1768 2958 1949 3027 161161166-

245 3064 277 3105 eo
293 3044 419 3103 excitant
442 3049 569 3101 mentem
595 3044 684 3100 everi.
701 3042 753 3099 llic
775 3049 874 3099 temen
900 3042 972 3099 nihil
998 3042 1072 3099 dixit
1125 3057 1183 3114 que
1197 3042 1222 3098 ei
1237 3040 1448 3099 Melchisedech
1464 3042 1515 3115 661
1530 3043 1778 3115 interpretatione
1801 3046 1951 3105 16116611-

245 3135 399 3208 Scriptura
412 3134 448 3190 de
463 3148 497 3189 eo
511 3132 590 3206 quod
609 3132 666 3188 alie
680 3148 750 3204 pers
773 3131 882 3201 utilior,
898 3132 956 3188 alia
980 3149 1071 3188 emm·
1125 3130 1201 3187 citur
1214 3146 1266 3187 ree
1284 3133 1413 3203 justitie,
1429 3146 1479 3187 rex
1503 3131 1595 3203 pacis,
1612 3132 1770 3192 benedixit
1786 3152 1793 3193 c
1809 3137 1873 3191 Prot
1885 3137 1950 3191 mim

246 3224 312 3281 nior
325 3223 426 3291 luerit;
443 3238 480 3278 ne
493 3221 592 3277 studio
606 3221 664 3292 (23)
678 3219 826 3276 Abraham
842 3221 955 3293 cepisse
970 3220 1071 3277 oculos
1086 3208 1108 3276 C
1126 3219 1249 3277 recordor
1272 3222 1375 3275 cummi
1397 3220 1447 3276 liei
1460 3218 1611 3292 (Geram,
1628 3222 1678 3291 18,
1695 3224 1754 3297 lo).
1770 3225 1842 3291 Quis
1856 3229 1899 3281 661
1910 3240 1954 3279 rer

246 3312 442 3371 adolescentie
468 3310 624 3367 videretur.
654 3313 806 3365 Amineam
838 3313 951 3381 partem
980 3326 1068 3365 unam
1121 3307 1815 3379 16611116666661661161,6116611161166ε16
1830 3328 1953 3371 666666-

245 3401 411 3473 dcecripsit,
426 3416 485 3456 non
500 3397 614 3454 6111111
631 3398 752 3454 alteram
773 3397 931 3454 utiliorem.
947 3399 1071 3455 Necesse
1125 3396 1171 3454 dor
1185 3398 1519 3455 intemperamentum
1528 3397 1658 3455 ordinem
1668 3400 1868 3460 Melchisedech
1877 3401 1953 3474 (Paul.

244 3495 308 3547 erat
322 3494 355 3545 ut
371 3489 479 3545 161616
493 3487 610 3560 regione
624 3487 698 3543 1666
714 3491 811 3558 partes
824 3487 932 3543 laceret
945 3504 951 3541 :
966 3487 1071 3543 deinde
1125 3502 1181 3553 cm,
1198 3486 1236 3558 l),
1251 3486 1307 3542 hoc
1330 3488 1386 3554 eet,
1406 3484 1457 3542 Dei
1481 3484 1583 3550 Pilius.
1605 3490 1753 3548 sacerdos
1778 3492 1883 3562 Patris,
1909 3490 1954 3562 qui

244 3577 409 3651 praesentia,
427 3594 485 3632 666
510 3576 644 3631 absentie
666 3574 823 3632 dividebat.
841 3576 903 3631 Una
924 3576 1003 3647 regio
1022 3592 1070 3631 ce·
1125 3574 1171 3631 661
1187 3574 1317 3649 eorporis
1331 3574 1473 3631 sacrificio
1488 3579 1604 3633 Patrem
1626 3580 1744 3637 nostris
1761 3578 1956 3655 repropitiavit

244 3683 312 3740 pere
327 3670 485 3737 ulrumque
510 3681 567 3720 non
585 3668 706 3737 poterat.
723 3664 804 3728 Quod
828 3664 924 3736 potuit
947 3680 1070 3720 summae
1125 3663 1249 3721 delictis.

243 3771 309 3812 esse
321 3754 452 3827 justitia,
469 3752 644 3809 electionem
658 3752 775 3809 ohtulit.
955 3801 959 3807 .
1163 3754 1205 3809 17.
1221 3752 1369 3817 Quantum
1394 3755 1492 3809 autem
1507 3752 1580 3810 illud
1596 3756 1677 3827 quod
1696 3758 1735 3813 de
1761 3757 1956 3831 6661661616-

280 3845 323 3900 11.
339 3844 393 3900 Lot
419 3859 565 3900 amoenam
593 3842 690 3914 elegit,
722 3858 786 3913 666
814 3842 872 3898 6116
900 3841 1070 3914 predonum
1125 3841 1174 3897 rie
1191 3840 1264 3898 nihil
1280 3841 1373 3899 voluit
1395 3842 1573 3915 contingere,
1591 3858 1646 3900 uec
1662 3845 1804 3903 oblatum
1829 3842 1958 3903 sumeret

243 3933 345 3991 oculos
358 3932 483 3988 incurrit
504 3931 587 3986 ,11166
610 3930 719 3986 hellam
735 3930 813 3987 inter
827 3946 919 4003 reges,
936 3933 1071 3987 adverse·
1126 3930 1232 3987 Minuit
1246 3930 1324 3987 enim
1340 3933 1468 3987 fructum
1481 3931 1623 4004 triumphi
1637 3936 1792 3993 mercedis
1807 3932 1958 4008 susceptio,

242 4024 354 4087 riorum
369 4021 500 4091 victorie,
516 4019 680 4076 incolarum
695 4018 858 4091 captivitas.
871 4020 971 4092 ltaque
982 4020 1071 4077 etiam
1126 4024 1155 4076 61
1168 4018 1301 4076 beneficii
1316 4018 1427 4076 arrodit
1439 4020 1576 4093 gratiam.
1593 4020 1768 4080 Plurimum
1785 4026 1865 4081 enim
1881 4024 1960 4080 relect

243 4112 297 4167 Lot
311 4109 484 4166 infirmioris
498 4108 614 4164 consilii
631 4108 756 4180 pretium
771 4107 838 4174 luit,
854 4125 911 4163 non
926 4113 1072 4164 terrarum
1127 4112 1226 4165 utrum
1243 4107 1383 4182 pecuniae,
1394 4124 1431 4165 66
1452 4108 1553 4181 glorie
1568 4109 1765 4169 dimicaveris
1782 4130 1789 4169 ε
1807 4114 1881 4170 61166
1893 4128 1961 4168 mer-

241 4198 465 4266 iulecunditate,
481 4197 532 4253 sed
552 4196 731 4253 emmnitatis
751 4196 862 4253 invidia
875 4198 1023 4271 deceptus,
1039 4201 1074 4254 61
1128 4197 1236 4254 6666611
1252 4196 1316 4254 1666
1337 4196 1454 4254 1661166
1469 4212 1475 4252 :
1488 4196 1565 4254 alter
1578 4198 1692 4271 dignus
1708 4202 1843 4260 hahetur
1856 4218 1964 4260 conser-

243 4289 331 4345 etiam
358 4288 422 4361 ipse
443 4286 579 4358 captivus
603 4286 812 4354 abduceretur;
838 4287 978 4357 quoniam
1002 4286 1073 4343 vitio
1127 4284 1739 4361 66166661666.166666661661666616
1756 4288 1961 4365 usurpareali-

242 4376 356 4434 eervilis
381 4374 518 4447 nequitie
535 4392 552 4431 a
569 4374 681 4447 potiore
707 4374 864 4430 dellexeret
878 4376 945 4448 (21),
962 4380 991 4432 61
1005 4392 1074 4449 par·
1129 4376 1199 4449 6611
1226 4374 1272 4431 661
1299 4374 1431 4431 oblatum
1458 4379 1584 4444 6666661,
1598 4392 1634 4432 66
1665 4378 1752 4437 dieat
1781 4382 1835 4454 661
1864 4378 1962 4437 dedit:

277 4516 402 4591 (18)1116
425 4521 542 4573 tautum
572 4517 712 4573 differunt
739 4517 816 4573 inter
831 4534 862 4573 66
877 4535 948 4575 mse.
965 4521 994 4575 et
1020 4488 1073 4575 vet.
1129 4518 1292 4586 utiliorum,
1309 4517 1387 4590 quod
1402 4516 1463 4573 sint
1483 4516 1585 4573 minue
1605 4534 1746 4592 ammam,
1774 4526 1807 4580 61
1830 4519 1962 4581 amoenio-

242 4591 315 4647 edit.
332 4589 363 4644 in
378 4604 447 4645 voce
470 4590 617 4660 irriguam,
643 4605 696 4659 pro
720 4604 779 4659 qua
801 4587 881 4645 solue
903 4590 988 4647 Corh.
1005 4607 1073 4647 cum
1090 4578 1112 4643 D
1128 4607 1193 4647 rum
1222 4589 1298 4662 quod
1315 4587 1374 4645 sint
1388 4587 1487 4644 minus
1503 4587 1600 4644 utiles.

240 4667 297 4718 vet.
311 4661 381 4717 edit.
405 4660 501 4726 hehet,
526 4663 640 4731 irripere.
659 4659 743 4714 ltom.
760 4663 857 4715 autem
881 4662 950 4716 edit.
967 4662 1009 4716 ite
1023 4679 1068 4718 re·
1172 4632 1208 4717 26
1233 4661 1312 4717 Actor
1325 4658 1478 4729 cqriidem
1493 4664 1539 4716 661
1553 4676 1586 4717 66
1600 4662 1740 4719 66611666
1756 4678 1938 4722 mconomue.

240 4736 390 4808 posuerat,
406 4734 439 4787 11
464 4733 577 4787 eleuauit
601 4730 884 4800 omnicreantem
906 4733 1070 4804 6166111661-
1171 4733 1202 4789 31
1234 4732 1335 4790 Voeolir
1349 4731 1398 4787 hio
1418 4730 1528 4788 1161166
1550 4731 1593 4787 661
1621 4733 1676 4813 661
1709 4736 1788 4793 66116
1819 4736 1909 4805 66611,
1924 4731 1964 4789 661

238 4824 294 4875 666
314 4806 465 4878 (cepione-m
488 4804 594 4858 seilicet
614 4803 768 4873 lordonis),
786 4805 852 4873 quio
876 4808 942 4869 toto,
968 4806 1068 4876 inquit,
1124 4802 1308 4861 moderanda
1341 4802 1420 4861 vocis
1456 4806 1778 4880 pronuntiationieque
1817 4808 1963 4881 magister,

239 4878 423 4950 r'rriqctotur¹
453 4878 601 4946 antequam
628 4878 757 4929 errerceret
786 4874 858 4929 11666
887 4874 1028 4931 Sodomam
1044 4882 1071 4933 61
1124 4891 1212 4948 quem
1228 4873 1316 4931 etiam
1331 4873 1514 4947 phouaeeum
1530 4875 1715 4933 vocitabant.

240 4948 429 5008 Comercium,
453 4949 523 5001 sicot
546 4945 690 5017 perediam
713 4946 772 4999 liei.
789 4945 844 5000 Sed
871 4946 907 5001 ah
931 4947 1069 5004 omnihus
1171 4946 1216 5019 22)
1232 4944 1391 5017 Siclorum
1407 4944 1590 5002 restituimus
1612 4963 1647 5001 ex
1671 4965 1753 5005 ι666.
1771 4950 1871 5017 Corh.,
1888 4947 1963 5006 Colh.

239 5018 375 5077 nonnihil
390 5018 559 5088 discrepant
574 5016 651 5071 LXll.
669 5016 716 5071 Sic
730 5015 810 5072 euim
825 5016 866 5072 illi
885 5035 891 5073 z
908 5028 954 5073 ilat
978 5025 1069 5090 inope<
1124 5022 1153 5073 61
1199 5034 1252 5083 aa,
1269 5033 1335 5072 cum
1352 5016 1381 5072 in
1398 5015 1473 5085 61116,
1490 5032 1549 5073 666
1574 5032 1660 5074 66666
1677 5036 1715 5075 66
1732 5020 1765 5077 16
1781 5021 1856 5078 6111.
1873 5018 1963 5077 omui·

239 5100 292 5149 Λώτ
319 5102 375 5158 τοὺς
388 5096 527 5161 ὀφθαλμοὺς
552 5095 639 5156 αὐτοῦ,
664 5094 743 5143 incide
766 5099 850 5147 πᾶσαν
870 5099 917 5156 τὴν
931 5096 1069 5163 περίχωρον
1123 5088 1180 5145 bus
1195 5088 1290 5161 legere
1305 5088 1352 5157 sii,
1366 5089 1534 5159 1111Ῐ11111111
1547 5090 1669 5173 impares
1684 5102 1767 5149 sueti.

238 5173 281 5219 τοῦ
305 5168 427 5233 Ἰορδάνου
449 5167 486 5215 116
505 5170 575 5218 πᾶσα
589 5164 621 5227 ἦν
645 5167 794 5229 ποτιζομένῃ
817 5170 865 5232 πρὸ
891 5168 936 5216 τοὺ
963 5183 1069 5217 nurner-
1159 5160 1215 5233 (23)
1230 5159 1335 5226 Studio,
1365 5158 1420 5216 hoo
1447 5162 1492 5216 esi
1520 5160 1556 5217 dd
1584 5160 1752 5231 industria,
1786 5180 1841 5221 seu
1872 5160 1965 5219 dedite

240 5242 311 5304 ρι’ψοι
323 5242 367 5288 τὸν
390 5240 452 5287 θεὸν
466 5238 562 5301 Σόδομα
584 5239 625 5287 act
642 5238 721 5303 Γόμορ
740 5256 755 5286 e
775 5237 805 5293 ὡς
828 5237 841 5286 ὁ
865 5238 1010 5303 παράδεισος
1023 5244 1067 5289 τοῦ
1123 5248 1220 5303 Opera.

236 5304 396 5360 66611616
421 5301 526 5357 iisdem
557 5300 610 5357 hoo
640 5301 701 5358 1666
716 5254 803 5373 i'ulg.
820 5302 892 5357 setis
921 5302 1066 5373 convenit,
1158 5302 1299 5376 (21)Μ66.
1325 5301 1394 5371 166,
1420 5318 1438 5357 6
1462 5300 1638 5374 prudentiore
1669 5302 1849 5375 1661666661·
1880 5320 1964 5368 6666,
2033 5312 2034 5325 ’

239 5390 329 5446 quam
345 5372 474 5428 6666616.
875 5422 882 5434 ,
1122 5373 1201 5431 houd
1214 5374 1374 5446 prudentior
1388 5371 1546 5443 1611666661.

287 5444 331 5514 19)
347 5443 535 5499 Suhohscura
558 5442 676 5511 locutio,
693 5459 782 5516 quam
804 5447 902 5499 temen
926 5441 1004 5500 idem
1019 5444 1066 5501 hie
1157 5446 1214 5519 (25)
1229 5447 1272 5501 lta
1295 5444 1365 5501 edit.
1382 5444 1447 5503 1166.
1464 5460 1497 5503 66
1519 5444 1603 5501 Rom.
1619 5446 1659 5499 at
1674 5448 1750 5503 Am.
1769 5454 1800 5505 et
1814 5447 1884 5507 (till.
1901 5460 1963 5503 cum

238 5530 334 5571 66666
354 5514 619 5580 666116666666
643 5517 736 5587 felices
764 5514 824 5571 eive
852 5515 1019 5582 cociacum
1035 5522 1067 5573 61
1121 5532 1193 5573 ι666.
1220 5517 1319 5585 Το66.,
1336 5514 1446 5572 Pheod.
1470 5518 1500 5572 61
1524 5514 1593 5643 Rei,
1614 5530 1767 5577 summam
1781 5536 1814 5591 ιη’
1833 5518 1965 5593 reprimit

239 5588 278 5643 sit
293 5602 398 5643 seusus
416 5603 421 5640 ε
438 5585 500 5642 Non
524 5591 570 5642 sat
591 5588 750 5643 commode
775 5590 845 5643 sunt
868 5586 896 5642 in
922 5585 1065 5644 divisione
1119 5604 1219 5646 nomen
1243 5588 1315 5659 fidoi.
1341 5586 1410 5644 God.
1427 5602 1493 5645 vero
1518 5586 1574 5645 Gor
1597 5586 1720 5663 ‚Long
1740 5592 1825 5651 colb.
1843 5596 1872 5649 et
1894 5590 1962 5646 Mar.

239 5657 410 5730 hujusmodi
432 5656 735 5731 possessionemque
759 5657 904 5715 minuitur
926 5659 1065 5718 meritum
1120 5676 1228 5719 commo
1242 5660 1306 5719 iero
1319 5660 1452 5733 reprimit
1465 5674 1574 5717 nomm.

714 5239 736 5251 ev
