4159 6184
120 330 171 403 til
346 335 348 343 “
639 334 1024 409 nnsauoeursrnn
1048 333 1332 413 saurauer.
1794 339 1858 427 eis·

119 473 376 548 jerichuntinam
387 478 470 549 atque
490 476 667 535 exteriorem
696 474 765 543 Dec,
781 482 815 534 nt
842 476 893 533 tint
919 478 949 534 in
967 480 996 545 Α
1012 492 1073 538 mo,
1091 494 1191 551 neque
1211 480 1367 557 frangatur
1381 486 1482 545 dolore
1509 490 1649 565 corporis.
1667 492 1719 567 qui
1739 512 1771 553 se
1800 513 1854 571 po-

122 567 250 637 namque
264 576 347 623 unos
362 563 488 639 spirtius.
1009 567 1071 620 test
1088 567 1235 624 virtutum
1250 573 1430 643 perlectiona
1444 575 1543 636 solari.

157 652 205 711 st.
215 652 323 727 'liujus
337 652 424 730 ipius
437 654 583 727 propositi
597 655 643 711 vir
657 668 710 712 nse
719 654 882 729 dispendiis
892 653 951 710 nri·¹
1049 654 1096 713 id.
1112 655 1219 720 onero
1233 659 1323 717 etiam
1340 666 1440 720 utrum
1456 664 1616 727 delectetur
1629 669 1764 729 liberis?
1782 674 1856 741 Quis

122 743 239 809 untur,
252 758 309 801 aaa
323 741 449 801 aduersis
463 742 624 818 mugitus,
637 758 693 801 eoo
708 742 857 819 repagulis
870 741 950 799 inbi-
1013 738 1096 795 istud
1113 743 1228 802 abnuat
1241 746 1256 803 i
1270 748 1372 823 Neque
1387 755 1465 809 enirn
1481 755 1574 813 durus
1589 763 1618 813 et
1643 760 1769 830 leneus,
1801 766 1854 821 sed

123 832 222 899 betur,
237 842 293 891 beo
307 846 425 891 morum
439 832 656 891 amissionibus
670 832 881 891 moestificatur.
906 828 953 888 dd
1014 828 1167 897 perlectus
1177 835 1328 906 quaritur.
1344 839 1455 897 Tamen
1471 842 1525 898 atsi
1541 845 1658 903 amittat
1669 848 1855 918 liberos,non

122 922 213 994 πμ,
228 921 462 979 inpomqqonam
476 920 552 978 dacis
565 922 746 997 Apostolum
777 946 791 975 a
806 921 950 979 Nolumus
1014 914 1080 971 ideo
1093 918 1199 978 minus
1215 923 1331 993 beatus,
1347 928 1399 1001 qni
1413 945 1472 986 non
1487 930 1553 988 ideo
1569 934 1671 991 minus
1691 938 1858 1009 perlectus.¹

121 1010 222 1065 autem
242 1009 379 1083 ignorare
392 1024 453 1075 vos,
482 1010 648 1082 fratreque
676 1010 902 1079 dormientibus,
917 1012 952 1067 ut
1014 1004 1095 1071 onoc
1113 1010 1196 1067 enim
1211 1015 1383 1086 perlectum,
1399 1018 1528 1076 beatum.
1546 1023 1621 1088 Quin
1641 1025 1733 1081 eiiam
1750 1027 1775 1083 ti
1801 1028 1859 1086 ed·⁸

122 1110 181 1154 „011
197 1096 301 1155 mm
315 1098 391 1168 gaen,
405 1097 482 1155 ,saus
495 1102 525 1156 et
538 1099 636 1157 mame
652 1100 703 1175 quq
718 1113 801 1175 ,pam
819 1116 877 1159 non
897 1100 951 1157 ha.
1011 1106 1096 1150 versa
1107 1097 1227 1171 toleret,
1242 1120 1333 1177 quam
1349 1104 1373 1162 si
1399 1108 1536 1165 secundis
1551 1110 1666 1177 affluat,
1684 1114 1782 1188 magis
1807 1120 1858 1174 so-'

121 1186 194 1242 bant
207 1184 235 1258 (l
247 1185 334 1243 Tissa
351 1202 390 1257 ιι,
406 1184 461 1259 ii).
477 1208 492 1239 a
522 1187 641 1246 iiolatns
664 1188 743 1246 euim
757 1204 790 1247 se
819 1200 951 1247 resurre-
1011 1182 1053 1239 lei
1067 1181 1246 1257 hujusmodi
1260 1194 1354 1249 videri
1370 1194 1517 1267 periectas
1534 1212 1542 1252 τ
1558 1202 1699 1271 quamvis
1719 1219 1815 1277 neque
1826 1208 1852 1265 si

122 1273 232 1331 ationis
247 1274 305 1331 ilde
319 1276 348 1331 et
362 1275 466 1332 littura
488 1276 735 1335 remunerationis
761 1278 867 1352 gratia,
895 1290 951 1336 nso
1009 1271 1121 1342 desint,
1140 1292 1236 1352 neque
1250 1281 1276 1337 si
1292 1282 1390 1338 adsint
1405 1288 1524 1342 externa
1539 1290 1709 1357 commoda,
1732 1297 1784 1349 aut
1803 1292 1857 1352 ira-⁴

120 1363 228 1436 recipit
241 1378 277 1421 ea
290 1367 390 1421 mente
405 1364 587 1434 maestitiam.
603 1380 661 1439 qua
676 1366 809 1424 subaros
835 1366 905 1437 Deo,
922 1369 952 1424 et
1006 1365 1199 1435 tricorporis,
1216 1369 1356 1427 decedere
1370 1370 1533 1445 quidquam
1549 1376 1652 1433 virtuti
1673 1378 1777 1451 soleat,
1804 1384 1855 1444 uel

119 1451 230 1509 divine
245 1452 419 1527 prestantia
435 1452 492 1526 (22)
506 1453 654 1528 voluptate
668 1455 794 1513 laetatur.
822 1456 876 1522 Qui
899 1473 952 1513 au·
1008 1449 1161 1512 accedere.
1180 1457 1235 1514 Sed
1260 1457 1410 1530 plerisque
1431 1464 1491 1516 tem
1515 1462 1601 1537 laudi
1622 1466 1681 1522 init
1708 1467 1851 1533 tolerasse

117 1548 181 1598 tere
198 1540 462 1612 contristeturbis,
479 1544 716 1601 consecundum
731 1544 952 1602 ileumocntri-
1009 1538 1277 1611 advefflaiorlitcn
1296 1560 1385 1617 quarn
1402 1564 1459 1603 nou
1479 1548 1619 1609 incidisse
1662 1552 1772 1615 Verum
1788 1560 1854 1621 beo

117 1633 229 1687 stetur.
243 1630 324 1695 Quod
338 1635 438 1687 autem
454 1646 512 1689 non
528 1634 691 1690 secundum
709 1632 814 1703 Deum,
830 1633 885 1691 boe
895 1632 954 1709 ple·
1008 1628 1108 1700 specie
1124 1632 1320 1699 estimantur,
1334 1649 1391 1689 ⁰⁰1¹
1403 1636 1539 1706 pondero.

117 1734 196 1776 num
211 1718 350 1776 stultitia.
369 1724 389 1777 Α
406 1720 535 1795 perlecto
550 1721 641 1794 igitur
654 1722 740 1779 abest
754 1722 846 1796 hujus
865 1738 952 1779 mun·
1044 1717 1089 1773 35.
1108 1718 1184 1775 iliud
1201 1720 1392 1792 profundum,
1409 1723 1504 1779 virum
1517 1727 1638 1797 justum
1662 1731 1738 1789 nibil
1762 1738 1847 1811 veile,

117 1806 148 1864 di
165 1806 362 1880 tristitiaque
379 1822 438 1863 nnn
455 1810 618 1866 seeundum
636 1814 771 1878 deamat
785 1810 884 1867 omnis
894 1810 952 1867 sol·
992 1874 993 1877 Ἴ
1008 1805 1065 1861 nisi
1080 1804 1156 1863 illud
1171 1808 1270 1864 solum
1283 1812 1313 1863 et
1328 1810 1499 1880 praclarum
1516 1816 1640 1886 bonum,
1654 1816 1724 1876 buia
1738 1825 1791 1881 soli
1802 1826 1861 1887 in&

115 1895 581 1969 iioitudooorporabsernmue.
602 1898 878 1972 liujusmodienim
907 1898 952 1955 in·
1008 1894 1366 1963 tendere‚boounumin
1394 1896 1480 1956 bonis
1509 1902 1641 1964 ducere:
1673 1924 1733 1967 non
1763 1913 1844 1972 aliud

115 1980 249 2041 ductioni
266 1985 372 2042 mentis
386 1988 476 2059 utque
492 1987 664 2045 substantiae
683 2004 742 2045 non
773 1988 953 2045 adnumera·
1008 1996 1077 2040 cum
1092 1983 1154 2054 illo,
1168 1982 1220 2041 sed
1234 1982 1331 2040 solum
1347 1984 1446 2057 ipsum
1461 2004 1579 2064 semper
1593 1994 1778 2073 desiderare,
1788 2001 1846 2061 boo

113 2082 167 2131 tur
183 2073 321 2131 habitudo
336 2076 480 2149 eorporis,
496 2078 525 2131 et
544 2076 668 2151 quidam
684 2076 843 2134 exterioris
878 2092 954 2134 usus
1008 2070 1148 2129 delectari
1163 2089 1175 2134 ,·
1191 2071 1278 2127 cuisi
1294 2072 1372 2128 aliud
1403 2076 1584 2151 adjungatur
1610 2087 1694 2155 quod
1723 2088 1847 2149 delectet

116 2168 242 2235 nature,
256 2178 321 2220 cum
336 2162 425 2221 simul
442 2165 586 2223 adversus
601 2165 723 2223 delicias
738 2166 882 2241 corporis,
897 2167 955 2223 ira·
1008 2174 1089 2229 eum,
1106 2165 1140 2217 ut
1156 2162 1201 2216 ost
1216 2159 1343 2217 illiorum
1360 2165 1499 2229 suavitas,
1515 2185 1574 2225 nou
1594 2171 1671 2229 illud
1687 2176 1843 2254 amittitur,

113 2252 427 2331 gilitutemqueipsem
445 2258 569 2322 natura,
600 2255 753 2323 orbitates,
782 2255 952 2331 dispendia,
1008 2248 1059 2304 sed
1075 2249 1159 2307 istud
1176 2248 1357 2321 adjungitur.
1374 2251 1436 2310 Non
1452 2256 1530 2312 euim
1544 2260 1689 2320 minuunt
1703 2267 1843 2324 acceden-

114 2340 321 2411 contumelias,
346 2342 474 2400 invictus
490 2342 608 2401 animus
635 2338 815 2401 uniformem
845 2344 954 2402 debeat
1006 2335 1842 2429 iitbeatitudisstmdluaeffligtit110ssi>0³³¹¹¹1i2tiui⁸pl⁰·

114 2446 235 2490 servare
254 2430 447 2489 constantiam
468 2450 475 2501 ;
494 2435 528 2487 ut
555 2447 661 2506 corpus
690 2431 791 2506 ipsum
820 2432 950 2501 scindat,
1006 2440 1080 2482 uum
1096 2424 1176 2483 iilud
1191 2427 1220 2479 et
1233 2423 1399 2485 inviolabile
1413 2438 1522 2499 manet,
1537 2435 1567 2490 in
1585 2440 1667 2509 quod
1679 2442 1779 2500 anima
1792 2459 1841 2501 sa·

114 2536 282 2594 sensusque
296 2526 381 2579 exuat
395 2521 508 2591 carnis,
524 2520 575 2593 qui
586 2519 757 2579 beatudinis
765 2520 898 2594 palmam
907 2526 949 2579 ta.
1005 2530 1036 2570 se
1052 2513 1168 2580 induit,
1179 2516 1209 2568 et
1222 2513 1268 2568 cui
1282 2530 1313 2571 se
1329 2516 1451 2576 inseruit
1465 2526 1494 2577 et
1508 2522 1629 2582 inludit.
1647 2528 1746 2588 Manet
1760 2548 1840 2589 sem·

115 2626 185 2667 nere
200 2608 353 2679 desiderat,
369 2610 454 2681 cuius
472 2608 588 2665 iruotus
601 2622 660 2666 non
682 2609 713 2665 in
729 2608 819 2665 nnius
835 2610 953 2681 portio:
1004 2620 1057 2677 per
1071 2606 1157 2663 inter
1171 2602 1292 2660 adversa
1306 2609 1335 2661 et
1356 2607 1537 2667 delectabilia
1565 2616 1698 2685 perfecta
1722 2620 1815 2679 virtus
1831 2640 1838 2691 ;

113 2699 218 2766 nesii,
234 2698 325 2755 sedin
347 2697 558 2772 plurimarum,
588 2696 657 2754 etsi
683 2696 746 2754 ilerl
778 2702 890 2771 potest,
917 2700 949 2757 in
1004 2710 1103 2767 nuque
1121 2691 1245 2748 adversa
1258 2692 1295 2750 de
1308 2695 1484 2767 perlectiono
1497 2701 1563 2772 ejus
1588 2704 1754 2780 quidquam
1783 2710 1841 2765 mi·

112 2788 249 2847 omnium
263 2786 455 2845 situirtutunn
473 2786 631 2843 consortio.
1004 2786 1114 2851 nuuut',
1145 2796 1239 2853 nequo
1263 2782 1447 2843 delectabilia
1467 2789 1638 2865 adjungunt
1663 2797 1848 2869 perieoticni'

147 2876 297 2935 sesama
310 2876 400 2951 igitur
414 2873 761 2949 perlectusinocmmoda
775 2873 872 2947 hujus
884 2894 948 2935 cor·
1003 2872 1079 2940 Quid
1095 2869 1183 2928 euim
1197 2874 1334 2945 estquod
1349 2874 1375 2930 is
1390 2876 1440 2949 qui
1455 2876 1491 2932 ad
1508 2894 1664 2939 summurn
1693 2887 1845 2952 aseendit(
1917 2882 1921 2888 ’

113 2968 205 3043 poris,
222 2970 276 3023 aut
289 2965 410 3023 adversa
423 2961 542 3030 mundi,
557 2978 653 3037 neque
675 2964 774 3033 sentit,
791 2964 843 3035 qni
878 2966 949 3025 alia·
1004 2966 1056 3018 aut
1070 2959 1179 3018 damni
1195 2960 1230 3018 de
1245 2962 1363 3021 caducis
1385 2964 1502 3033 sentiat,
1517 2972 1569 3025 aut
1593 2974 1840 3033 commoditatis?

112 3072 185 3115 num
201 3056 240 3115 ab
255 3054 425 3128 hujusmodi
439 3057 521 3111 matu
536 3066 573 3109 ne
586 3052 731 3119 occidant,
746 3050 887 3112 animum
902 3072 950 3129 30·
1039 3050 1084 3106 36.
1102 3049 1208 3122 Neque
1220 3066 1297 3120 vero,
1308 3054 1391 3125 quod
1407 3054 1618 3128 gradssimum
1634 3064 1710 3135 apud
1730 3062 1843 3137 pieros-¹

113 3150 161 3204 rit.
174 3146 244 3205 Non
258 3144 338 3203 enim
352 3144 411 3201 site
425 3141 590 3217 perfectior,
606 3140 632 3198 si
647 3140 696 3197 bis
712 3144 820 3210 eareat,
837 3140 948 3202 dessni·
1003 3154 1062 3213 que
1074 3140 1216 3210 babetur,
1232 3157 1264 3198 se
1278 3142 1418 3200 miserum
1441 3145 1566 3217 putabit,
1583 3150 1608 3206 si
1635 3152 1666 3207 iu
1690 3155 1839 3226 captivita·

113 3243 172 3306 tur,
186 3236 239 3295 sed
256 3234 282 3293 si
296 3234 355 3292 ista
368 3236 545 3291 conumnat.
563 3234 637 3287 Nam
652 3230 678 3285 si
692 3228 737 3286 ita
760 3228 948 3303 definiretur,
965 3216 986 3284 C
1005 3234 1066 3286 tem
1076 3227 1126 3286 sel
1140 3228 1203 3301 ipse
1212 3231 1320 3299 veniat,
1332 3232 1377 3289 vel
1387 3233 1453 3307 ejus
1465 3232 1529 3290 dlii.
1540 3236 1605 3294 Non
1614 3240 1837 3298 enimintolera·
1955 3233 1961 3244 “

113 3330 146 3383 qq
160 3342 197 3383 ea
209 3326 291 3383 esses
304 3325 391 3381 beata
416 3320 488 3389 vita,
518 3328 584 3392 que
598 3319 635 3375 ab
659 3317 835 3390 huiusmodi
859 3322 952 3380 cassi·
1007 3316 1109 3374 biliter
1123 3317 1198 3373 ieret
1212 3320 1288 3393 quod
1306 3320 1394 3379 habet
1407 3326 1524 3393 natura,
1539 3325 1585 3383 vei
1614 3330 1693 3402 quod
1721 3331 1839 3388 videtur

113 3416 459 3488 bugexpmmugque
478 3407 604 3481 reperiri
632 3410 742 3480 posset,
772 3405 879 3479 utique
905 3408 953 3467 hia
1010 3406 1146 3463 Domino.
1163 3406 1295 3481 Denique
1305 3411 1407 3480 justus
1421 3410 1494 3467 dixit
1510 3427 1517 3469 τ
1536 3436 1551 3466 «
1573 3416 1687 3475 Bonum
1715 3420 1836 3475 verbum

113 3502 327 3563 acoedenqbug
341 3516 401 3558 non
416 3498 516 3573 posset
532 3496 636 3553 heatus
649 3493 759 3567 aliquis
770 3493 897 3553 deliniri.
913 3496 954 3555 iia
1009 3496 1088 3567 quod
1104 3493 1223 3552 locutus
1233 3501 1278 3553 est
1299 3497 1441 3556 Dominus
1456 3500 1503 3572 (W
1527 3506 1592 3577 lleq.
1608 3524 1656 3573 xx,
1684 3508 1739 3580 iil).
1758 3530 1772 3558 u
1802 3508 1842 3566 lit

115 3594 211 3668 igitur
224 3593 413 3665 sequestrata
431 3590 512 3653 sunt,
530 3590 559 3642 et
574 3584 630 3641 hoo
653 3582 751 3641 scium
767 3583 798 3639 in
825 3584 954 3643 aestima·
1009 3583 1107 3639 dixit:
1125 3602 1140 3632 e
1157 3582 1221 3640 Fiat
1235 3602 1292 3657 pax
1307 3590 1337 3642 et
1352 3588 1425 3644 lidos
1439 3588 1469 3644 in
1485 3590 1591 3651 diebus
1604 3596 1678 3652 meis
1698 3597 1801 3669 (itta).
1820 3620 1834 3648 ι

116 3682 311 3739 tionebeuta
324 3678 391 3735 vitas
412 3680 458 3734 eat
476 3673 665 3747 requisitum,
682 3675 716 3728 ut
741 3688 800 3727 non
829 3673 861 3729 in
888 3674 955 3757 aliis
1009 3670 1184 3743 Nonutique
1196 3673 1297 3744 justus
1311 3675 1367 3732 iste
1381 3676 1520 3737 Ezechias
1534 3681 1564 3738 in
1580 3683 1656 3740 lilios
1684 3684 1837 3744 deflexisse

116 3772 170 3827 sed
183 3772 216 3827 in
228 3765 419 3843 possesgqsmg
429 3764 491 3821 veri
504 3761 608 3819 athoni
619 3760 755 3833 (summ
770 3758 902 3819 definitio
912 3767 955 3820 ta·
1010 3772 1177 3815 erumnam
1192 3761 1374 3833 captivitatis
1388 3764 1611 3836 gratulabatur:
1628 3770 1679 3826 sed
1693 3771 1837 3829 voluntati

117 3864 243 3917 noratur
260 3876 267 3921 ;
284 3854 426 3929 quoniam
441 3851 492 3925 qui
515 3850 546 3906 id
571 3849 670 3919 habet,
699 3847 817 3919 despuit
842 3855 954 3920 caetera,
1013 3846 1255 3906 Dominiobsiare
1269 3866 1328 3906 uon
1345 3855 1468 3925 poterat,
1484 3858 1515 3910 et
1527 3856 1592 3913 ideo
1607 3858 1748 3915 mandata
1770 3862 1836 3932 ejus

118 3956 173 4004 beo
189 3944 326 4020 requiris,
1010 3934 1216 4008 equanimiter
1229 3938 1410 4011 suscipiebat
1420 3945 1451 3995 ut
1466 3942 1735 4001 servuluslicoedit
1750 3946 1833 4016 illud,

426 4042 543 4103 CAPUT
561 4040 637 4099 qm,
1009 4024 1088 4097 quod
1103 4024 1248 4083 estimare
1263 4030 1377 4101 poterat
1390 4044 1476 4101 posse
1489 4030 1563 4088 etin
1585 4033 1750 4105 captivitate
1777 4051 1835 4091 me·

123 4142 300 4215 sapientiam
315 4138 355 4194 im
369 4134 504 4193 degemu-
519 4134 641 4189 sam-w„
667 4133 790 4203 corpori,
816 4135 865 4189 aut
886 4132 953 4188 ΠΜ,
1009 4114 1099 4169 ritum
1113 4113 1243 4171 eminere
1257 4116 1385 4174 virtutis.
1402 4117 1504 4190 Neque
1517 4121 1595 4177 enim
1610 4123 1709 4178 minus
1730 4124 1834 4182 beatus

154 4216 211 4279 ris,
226 4216 258 4267 act
272 4211 297 4267 st
310 4208 489 4275 ilicumiltat,
503 4220 569 4261 aem
585 4202 646 4261 ideo
673 4204 766 4259 minus
790 4200 902 4260 tautam
927 4218 955 4261 se
1009 4202 1154 4259 ieremias
1169 4202 1199 4259 in
1211 4204 1491 4276 captivitatemiuus
1504 4210 1594 4266 etiam
1609 4210 1722 4282 Daniel,
1734 4213 1835 4271 minus

155 4288 236 4356 paud
245 4296 334 4346 'setim
347 4287 452 4352 We?
464 4290 604 4333 imum
618 4274 720 4333 iiim
742 4275 821 4331 ”ii-⁸⁶²
846 4276 953 4343 militi!-
1008 4291 1126 4360 Esdras,
1148 4291 1248 4350 minus
1273 4294 1352 4350 beati
1366 4296 1506 4358 Ananias.
1522 4300 1639 4356 dauriae
1663 4304 1692 4356 et
1720 4300 1837 4371 idiensi,-

158 4346 955 4497 fflmwggrffiwaeffifflmffloeffiffi
1009 4396 1099 4481 quam
1114 4380 1140 4437 si
1154 4380 1184 4436 in
1199 4381 1398 4455 captivitatem
1414 4401 1472 4440 non
1488 4386 1670 4455 incidissent,
1688 4404 1754 4446 cum
1770 4390 1837 4449 idas

160 4514 203 4568 re,
231 4492 304 4569 quau
334 4509 385 4551 aa
414 4490 472 4547 rua
488 4486 630 4574 teoracia·
644 4486 954 4561 quoquenebulae,
1009 4469 1340 4571 neapeutaemoueu
1355 4472 1426 4542 sint
1441 4477 1474 4530 ut
1503 4476 1611 4549 noculo
1626 4480 1654 4533 et
1680 4480 1837 4582 arctantia

160 4582 213 4625 nee
227 4566 377 4639 adjiciatur
388 4576 539 4637 prosperis.
969 4580 992 4647 D
1008 4576 1039 4616 ιιι
1052 4562 1219 4631 captivitate
1234 4556 1340 4615 solatia
1354 4564 1384 4615 et
1398 4576 1480 4633 mem
1489 4564 1642 4621 evadende
1658 4571 1836 4639 captivitatis

160 4657 208 4713 33.
223 4652 326 4721 duero
339 4666 419 4710 nuno
433 4654 532 4707 utrum
548 4648 666 4722 sapiens
688 4646 848 4704 delectetur
876 4647 953 4705 sani·
1008 4646 1144 4703 efferrent
1155 4644 1287 4702 .i>erleoti
1302 4647 1380 4703 enim
1395 4654 1439 4704 est
1453 4650 1507 4706 viri
1523 4653 1764 4712 communitatem
1780 4674 1835 4713 na-

128 4746 186 4801 tata
202 4740 333 4817 corporis
344 4740 361 4797 i
373 4738 487 4813 Negare
503 4752 561 4795 non
576 4745 737 4810 possumus
750 4735 828 4809 qnod
858 4735 952 4792 deleo·
1009 4740 1081 4792 tura
1096 4739 1263 4791 sustentare
1277 4734 1368 4790 animi
1381 4737 1489 4795 virtute
1505 4742 1572 4813 (2⁴),
1600 4747 1628 4798 et
1655 4742 1692 4797 ad
1714 4742 1835 4799 meliora

130 4835 208 4889 tatur
222 4830 386 4890 secrrndum
396 4832 544 4895 naturam,
556 4828 584 4883 ei
594 4824 734 4882 libentius
756 4823 882 4899 accipiat
894 4838 953 4883 non
1009 4825 1163 4892 adducere,
1181 4838 1235 4879 nco
1249 4825 1442 4882 succumbere
1455 4826 1492 4884 iis
1506 4845 1571 4901 qus
1586 4828 1734 4903 plerisque
1749 4831 1833 4886 terri·

132 4919 237 4991 dolere,
249 4916 371 4993 aliquid,
384 4932 475 4990 quum
485 4911 672 4984 dolere;nisi
683 4912 756 4969 iorte
766 4928 818 4987 pro
837 4912 952 4971 Christo
1009 4910 1324 4970 biliaetiormidolosa
1344 4912 1483 4971 videntur
1513 4918 1587 4985 ;sed
1613 4917 1698 4989 quasi
1728 4919 1833 4973 ionem

133 5022 183 5077 pro
199 5008 297 5083 quo,si
322 5022 412 5064 causa
436 5008 546 5079 poscat,
570 5007 599 5060 et
622 5000 801 5059 debilitatem
823 5004 953 5076 corporis
1009 5002 1133 5057 militem
1147 4999 1390 5074 gravissimorum
1406 5020 1527 5060 casuum
1558 5004 1704 5061 sustinere
1731 5004 1832 5061 incur-

134 5093 639 5172 promptoaooipiat,etstutotum
650 5108 756 5165 corpus
767 5107 855 5150 suum
864 5092 953 5149 morti
1008 5106 1070 5155 sus,
1087 5089 1240 5147 oouilrotus
1256 5090 1365 5159 subire,
1381 5095 1410 5146 et
1424 5093 1509 5163 quasi
1538 5092 1694 5164 providum
1722 5093 1831 5166 guber·

135 5186 241 5244 oderat.
258 5185 341 5242 idem
360 5188 458 5241 tamen
489 5182 577 5239 etium
606 5183 712 5255 praeter
738 5196 858 5239 causam
884 5180 952 5239 lidei
1008 5178 1293 5237 naturamnavemiu
1306 5183 1480 5253 tempestate
1493 5196 1601 5254 regere,
1623 5184 1712 5255 utque
1731 5198 1831 5239 occur-

134 5278 218 5349 itque
230 5272 363 5347 iustitis,
378 5270 405 5331 si
419 5270 495 5331 desit
509 5270 631 5340 sanius,
647 5285 705 5327 nou
729 5269 877 5333 eiciatur,
892 5269 954 5327 aui·
1006 5268 1097 5326 rendo
1111 5266 1334 5341 insurgentibus
1347 5266 1599 5341 ductibus;magis
1613 5268 1832 5328 viterenauira·
1914 5338 1917 5343 ¹

163 5462 314 5537 (wlddit.
331 5456 579 5533 omnesaopuucl
603 5457 730 5528 mse.,et
752 5455 856 5539 diuina
878 5472 953 5531 pra·
1007 5456 1066 5513 veri
1081 5450 1223 5522 banadlii
1237 5468 1300 5508 mss
1303 5492 1357 5508 .....
1371 5452 1520 5537 ιιιίιὸοιιί,
1536 5458 1590 5539 etc.
1633 5526 1640 5541 .

125 5543 233 5603 smera,
249 5536 306 5591 etc.
321 5532 393 5590 idas.
408 5546 477 5589 vero
491 5530 592 5607 plures
606 5544 641 5589 so
663 5528 856 5603 probatiores,
870 5530 896 5585 et
909 5526 952 5585 di-
1021 5597 1027 5609 .
1043 5526 1099 5611 (24)
1112 5524 1171 5582 lico
1186 5526 1242 5594 est,
1251 5520 1402 5607 perlectus
1417 5524 1604 5607 vrrhomrnes
1614 5529 1747 5611 ejusdem
1763 5547 1829 5605 pur·

123 5608 203 5667 vtsae
317 5605 395 5664 otte.
410 5606 465 5661 etc.
1005 5601 1057 5656 tior
1096 5612 1109 5654 ι
1124 5599 1235 5653 nature
1249 5611 1280 5651 un
1296 5596 1503 5655 communibus
1517 5597 1735 5662 calamitatibus
1750 5602 1830 5665 ssia·

162 5677 232 5759 (zi.
249 5676 322 5739 bias.
337 5672 471 5739 nonnulli
485 5674 514 5737 st
528 5670 597 5737 edit.
612 5682 725 5747 omues,
740 5670 953 5751 inperterritus
1008 5670 1033 5731 ri
1069 5669 1135 5732 ebat
1148 5670 1236 5745 aque
1250 5666 1287 5731 ad
1301 5668 1498 5733 tonsuratum
1511 5671 1646 5735 οιιίῑιιι.
