4159 6184
155 344 200 407 m
474 343 475 346 ’
754 338 873 400 LIBER
895 339 948 401 ltu
963 340 1085 407 'BONO
1108 344 1270 408 Montis.
1804 360 1865 424 578

159 476 246 535 nundi
256 476 384 535 dinitln
394 479 472 537 bunc
481 468 784 537 inmobsesnfflem,
795 470 981 544 quamVene·
996 472 1029 541 Α
1045 472 1127 533 veluit
1141 477 1228 536 melle
1242 483 1382 539 curantur
1395 480 1527 553 quadam
1542 482 1662 544 vulnera
1680 487 1862 547 dunarum.

162 573 383 641 remnuncupat,
400 573 432 625 ut
445 586 476 627 se
490 565 673 627 abundantia
696 566 728 619 et
753 559 865 617 divitiis
885 559 980 631 hujus
1044 562 1222 624 Sermonum
1238 574 1335 625 autem
1350 570 1431 626 cibos
1458 586 1523 627 ease
1544 572 1628 631 decet
1650 579 1680 631 et
1699 574 1769 632 alibi
1782 577 1863 635 Selo-

163 654 226 713 herli
236 655 370 729 repleret,
385 657 416 713 in
431 674 486 731 quo
500 655 627 730 repetatne
643 654 721 727 potu
747 650 859 719 jnceret
873 664 978 721 perus,
1045 654 1244 714 mendicans:
1259 659 1329 715 Feci
1343 659 1435 715 mettis
1447 674 1582 717 semones
1598 662 1661 719 toni
1687 666 1781 732 (Pron.
1802 682 1861 733 xvi,

165 743 206 817 qui
229 748 325 801 aecmr
346 745 402 818 (ts)
431 746 594 803 obtunderet.
621 742 685 806 lino
718 736 815 811 igilur
840 752 876 794 cx
899 734 981 791 libr⁰
1042 742 1101 811 24).
1118 744 1150 801 ln
1164 744 1215 803 illo
1229 761 1297 819 erge
1321 746 1404 803 horto
1426 762 1575 806 sermones
1597 751 1666 807 boni
1689 752 1861 819 centullus

164 833 335 891 mineorum
349 834 521 907 composuit,
536 851 568 891 eo
582 829 661 905 quod
676 824 788 883 anima
805 826 863 883 lleo
879 823 980 881 adhe·
1044 830 1096 900 qui
1112 833 1229 905 culpam
1243 838 1380 902 coerceat,
1397 834 1473 892 alius
1492 837 1542 908 qni
1564 838 1749 910 iniquitatem
1771 842 1860 899 corri-

163 920 392 979 rensinbertum
415 922 522 979 menda
545 922 678 994 ingressa
701 913 758 983 fill.
780 916 811 972 in
826 930 884 987 tl1¹⁰
898 914 982 971 mel
1044 918 1116 989 piat,
1132 922 1207 979 alius
1227 922 1277 994 qui
1301 923 1375 979 mori
1401 923 1486 979 laoiat
1514 926 1592 983 800
1620 927 1816 999 insolentiam,
1832 935 1861 987 et

161 1010 328 1067 mundantia
341 1008 526 1067 diuersarum
540 1011 692 1075 nautum,
703 1002 855 1077 floresque
869 1018 981 1061 sermo·
1040 1008 1122 1066 velut
1134 1011 1257 1084 sepeliat
1270 1029 1345 1078 eam,
1362 1013 1477 1084 quando
1493 1022 1641 1088 correptus
1656 1016 1764 1089 aliquis
1779 1035 1860 1073 erro-

161 1115 234 1158 num.
256 1098 329 1165 Quis
348 1104 449 1155 sutem
470 1100 585 1173 ignerat
608 1095 686 1171 quod
702 1109 741 1150 ex
766 1091 978 1168 paradieeillo,
1039 1098 1124 1155 ribus
1138 1102 1199 1156 suis
1215 1101 1371 1157 renuntiat.
1388 1102 1439 1157 Est
1462 1103 1549 1158 etiem
1573 1120 1669 1161 sermo
1692 1105 1795 1163 fortior
1808 1106 1861 1176 qui

161 1204 238 1261 quam
252 1186 382 1260 legimus
397 1188 426 1243 iu
442 1188 547 1245 Genesi
561 1188 718 1245 habentem
729 1182 846 1256 lignum
856 1181 932 1249 vius,
949 1183 980 1237 et
1038 1188 1194 1243 confirmat
1206 1204 1256 1244 cur
1268 1188 1395 1245 honiinis
1419 1188 1608 1247 ualidioribus
1627 1193 1783 1265 Scripturas
1803 1211 1861 1264 erp-

161 1276 263 1350 ltgnum
278 1275 407 1332 scientis
422 1276 531 1333 boniet
546 1274 705 1347 malititam
733 1288 767 1341 ιι,
786 1272 824 1343 9),
854 1275 883 1328 et
897 1270 980 1343 ligus
1037 1272 1119 1331 lestis
1135 1276 1294 1332 alimentis.
1309 1278 1361 1332 aaa
1374 1278 1462 1333 etiam
1478 1295 1573 1336 sermo
1588 1282 1750 1348 suasorius,
1761 1283 1861 1353 dulcis

148 1368 268 1437 wius,
292 1365 513 1422 abundantiam
536 1365 676 1423 virtutum
700 1360 980 1436 putaverittransle-
1035 1370 1068 1419 ut
1084 1368 1153 1437 mel,
1166 1371 1195 1420 ct
1209 1370 1306 1421 temen
1331 1368 1490 1437 peccatoris
1513 1370 1719 1425 conscientiam
1743 1371 1773 1426 in
1795 1372 1862 1444 ipsa

163 1454 358 1523 nummasii
372 1454 458 1511 horto
472 1453 579 1511 mentis
590 1468 653 1511 ease
663 1451 875 1527 plantandam?
887 1465 978 1523 quem
1020 1456 1181 1527 ‚suavitate
1196 1470 1404 1527 compungens.
1421 1456 1471 1513 Est
1487 1456 1574 1513 etiarn
1599 1458 1780 1516 ferventioris
1800 1460 1861 1533 spi·

160 1542 329 1601 indauticis
358 1543 541 1600 canticorum
567 1542 707 1600 Salomon
731 1541 850 1598 hortum
873 1540 977 1597 animm
1033 1540 1232 1609 ritusscrmo,
1249 1541 1438 1615 quiinebriat
1461 1544 1537 1601 sieut
1559 1545 1671 1616 vinum,
1695 1552 1723 1605 et
1744 1549 1862 1607 corbe·

162 1630 340 1707 significavit,
360 1631 405 1688 vel
418 1631 514 1705 ipsam
530 1631 671 1689 animam.
683 1630 731 1687 Sic
741 1628 976 1703 enimscriptum
1033 1629 1130 1685 minis
1143 1629 1281 1686 letificat.
1298 1631 1349 1687 llst
1363 1631 1451 1687 etiem
1467 1632 1579 1691 lacteus
1601 1653 1708 1705 sermo,
1722 1654 1815 1713 purus
1834 1642 1864 1699 et

161 1726 216 1779 eat:
228 1722 330 1779 ilarius
345 1721 467 1788 ciamus,
482 1734 559 1777 seror
572 1736 633 1776 meu
657 1734 767 1791 sponso,
792 1720 887 1775 hortus
902 1718 978 1773 cleu·
1033 1719 1261 1775 candidusllos
1275 1718 1355 1777 ribos
1369 1720 1499 1778 dnlriurn
1510 1724 1864 1799 utiliumquesermonum

160 1826 211 1876 nu,
237 1812 300 1881 (mss
323 1810 449 1882 sipnetus
495 1810 714 1865 transmissiones
744 1816 799 1864 tuse
830 1806 978 1879 paradisus
1033 1805 1209 1878 epulandos
1224 1812 1354 1881 Sponsus
1369 1811 1509 1883 proximis
1524 1812 1586 1869 suis
1601 1814 1789 1887 diciturne,
1798 1836 1866 1893 pro·

159 1901 235 1972 (curu
260 1916 302 1971 av,
330 1898 367 1956 lb
395 1897 492 1969 etlt).
521 1898 557 1955 Εἰ
583 1894 714 1954 intrauit
738 1896 979 1965 animasheurpe
1033 1897 1117 1952 mimi
1129 1900 1200 1963 urei,
1211 1905 1237 1953 et
1253 1897 1335 1957 bibite
1349 1908 1373 1956 et
1389 1902 1578 1973 errorieminr',
1592 1904 1865 1981 fratresmei(6ont.

157 1990 255 2063 aquilo,
270 1997 296 2045 ct
311 1989 385 2057 usui,
412 1995 514 2055 susten
540 1987 627 2059 pertin
652 1987 761 2042 hortum
774 2002 877 2056 meum,
891 1989 917 2041 et
931 1984 977 2043 de·
1032 2003 1060 2053 v,
1081 1987 1120 2058 1).
1136 1986 1272 2043 Proximi
1283 1993 1379 2045 autem
1396 1995 1466 2046 sunt
1479 1991 1529 2065 qui
1554 2009 1622 2051 eum
1647 2001 1821 2070 sequuntur,
1837 2003 1867 2062 et

160 2082 242 2150 [luant
268 2079 412 2147 unprsmtc
440 2091 501 2131 meo
528 2073 607 2147 (leit.
640 2074 696 2146 ld).
713 2072 861 2131 Desrnrdot
891 2070 999 2145 [roter'
1032 2074 1149 2149 nuptiis
1163 2077 1236 2147 ejus
1252 2078 1406 2135 intersunt.
1433 2080 1494 2144 Ouo
1523 2082 1588 2140 cibo
1612 2087 1640 2140 at
1659 2091 1732 2158 potu
1758 2089 1869 2162 repleta

159 2184 229 2225 meus
255 2168 287 2222 in
315 2166 427 2223 hortum
453 2181 535 2220 suum
561 2165 643 2235 (Curet
668 2179 697 2233 v,
727 2162 764 2227 ll.
798 2162 978 2227 Ouantehoo
1033 2163 1337 2237 ianuamianuaim
1354 2170 1558 2243 unusquisque
1574 2188 1680 2245 aquam
1697 2178 1732 2234 de
1748 2178 1868 2245 suisve.

159 2254 308 2331 pulchrius
335 2254 415 2329 quod
443 2253 543 2309 anima
567 2255 671 2308 ornate
698 2251 839 2307 sinotum
858 2251 979 2309 lleribus
1034 2254 1087 2320 sis,
1105 2258 1134 2309 et
1149 2252 1189 2311 de
1204 2258 1363 2326 puteorum
1389 2274 1511 2314 suerum
1536 2259 1678 2330 lontibus]
1702 2269 1867 2338 atqueine·

160 2346 256 2403 hortus
272 2344 321 2413 sit,
337 2341 425 2399 velin
450 2356 481 2398 se
501 2340 672 2424 paradisum
696 2338 803 2397 babeat
815 2338 980 2409 qerminan·
1033 2342 1139 2411 briata,
1156 2342 1269 2400 aesculo
1284 2344 1459 2415 dormiebat,
1482 2348 1623 2421 vigilabat
1643 2353 1712 2411 Dee.
1740 2358 1775 2414 ut
1790 2357 1866 2433 ideo,

160 2432 233 2491 teml
249 2432 387 2505 laquem
403 2430 524 2487 bortum
540 2429 644 2489 invitet
658 2427 787 2485 Verbum
803 2426 854 2485 Dei
865 2428 981 2485 descen·
1035 2432 1112 2489 sicut
1126 2433 1293 2505 posteriora
1309 2433 1425 2502 decent,
1442 2438 1550 2509 aperiri
1565 2439 1620 2497 sibi
1642 2443 1719 2503 Deus
1738 2446 1868 2512 Verbum

158 2522 234 2591 dere,
250 2520 399 2578 utsnima
424 2518 477 2574 illa
499 2517 586 2574 Verbi
615 2518 710 2575 imbre
737 2514 856 2585 crelesti,
872 2517 981 2589 atejus
1035 2523 1099 2593 ejus
1113 2521 1239 2592 januam
1263 2520 1442 2593 postulabat,
1465 2527 1499 2579 ut
1518 2541 1582 2583 eam
1603 2546 1657 2588 suo
1681 2535 1805 2607 repleret
1819 2539 1867 2606 in-

158 2611 248 2684 copiis
260 2609 384 2683 irrigata
396 2606 693 2664 fructificaturum
706 2607 805 2661 autem
822 2604 871 2662 Dei
887 2605 981 2677 pasci·
1035 2626 1148 2683 gressu.
1845 2602 1849 2610 ’

157 2705 207 2756 tur
221 2699 324 2756 animae
338 2696 501 2755 virtutibus
524 2696 641 2767 quoties
666 2693 849 2752 obedientem
874 2694 929 2750 eibi
954 2699 983 2752 et
1071 2701 1116 2754 2l.
1133 2698 1207 2753 Hinc
1223 2713 1292 2771 ergo
1307 2698 1475 2771 epulatores
1488 2699 1530 2757 illi
1551 2702 1704 2777 Platonici,
1727 2712 1798 2771 hine
1813 2734 1865 2776 ne·

156 2789 284 2863 opimam
297 2785 453 2855 invenerit,
469 2788 498 2840 et
512 2784 605 2856 carpit
619 2783 733 2839 fructus
743 2783 818 2857 ejus,
834 2786 921 2855 atque
936 2782 983 2840 his
1037 2792 1099 2845 etur
1112 2786 1184 2843 illud
1199 2803 1235 2843 ex
1248 2787 1316 2842 vinu
1330 2790 1359 2843 et
1372 2787 1458 2845 rnelle
1470 2790 1651 2866 prophetico,
1662 2798 1865 2863 hinosomnua

155 2878 325 2935 delectatur.
351 2874 426 2932 Cum
455 2877 552 2929 autern
582 2870 768 2929 descenderit
793 2872 823 2927 ln
852 2886 916 2927 eam
932 2870 982 2929 Dei
1037 2874 1332 2942 illetrenelatuaest,
1359 2875 1428 2932 hinc
1451 2877 1510 2934 vita
1533 2879 1585 2937 illa
1607 2892 1756 2959 perpetua,
1774 2909 1864 2964 qaam

154 2966 297 3035 Verbum,
314 2960 727 3027 delluuntexeasalubrium
752 2962 902 3033 unguenta
919 2976 982 3016 ver·
1038 2966 1193 3021 deossuos
1216 2963 1290 3018 dixit
1317 2964 1441 3035 epulari,
1471 2966 1540 3038 quia
1570 2971 1704 3032 Christus
1732 2966 1862 3041 vitasse.

152 3060 273 3123 besum,
288 3055 478 3111 decursarum
494 3048 713 3125 llegmntloogo
724 3047 983 3121 latequeredolen·
1038 3054 1164 3125 Ideoque
1179 3050 1282 3107 talium
1299 3068 1470 3109 sermonum
1492 3058 1658 3117 seminibus
1680 3064 1785 3121 enimse
1799 3071 1865 3139 eJ'us

150 3147 196 3203 tia
212 3144 374 3219 gratiarum
390 3139 560 3215 spiramina.
1038 3140 1168 3215 repletus
1182 3143 1227 3195 est
1241 3144 1351 3207 venter,
1368 3143 1455 3213 atque
1471 3142 1634 3213 ipsaexirit
1649 3152 1677 3207 in
1689 3152 1864 3221 Verbo.0uae

188 3236 238 3290 20.
255 3232 338 3290 Unde
352 3232 395 3288 sit
409 3228 691 3302 Sponsus(Sponsua
705 3229 802 3284 autem
818 3226 921 3284 anime
931 3227 982 3285 Dei
997 3216 1021 3283 G
1038 3236 1137 3288 erstem
1154 3228 1212 3284 exit
1228 3226 1327 3283 anima
1346 3244 1363 3283 a
1392 3230 1511 3288 servitio
1539 3234 1606 3305 isto,
1635 3243 1664 3294 ct
1692 3240 1786 3299 elevat
1798 3262 1862 3301 sca

147 3324 285 3382 Verbum
301 3324 357 3387 est,
374 3320 422 3376 cui
438 3318 538 3375 anima
553 3316 685 3390 legitimo
701 3317 828 3388 quodam
843 3318 983 3374 connubii
1038 3336 1168 3392 corpore,
1184 3316 1313 3372 Verbum
1325 3318 1469 3391 sequitur.

146 3414 265 3471 tendere
280 3408 464 3483 copuleturl:
481 3408 623 3477 lupressus
636 3420 699 3462 curn
712 3406 744 3461 in
759 3405 867 3462 tortum
880 3420 981 3477 meum,
1356 3424 1473 3482 CAPUT
1493 3428 1540 3484 Vl.

146 3518 234 3561 soror
257 3515 322 3557 mea
335 3514 435 3571 Vltima
448 3495 621 3552 vindemiam
644 3494 789 3566 myrrham
814 3509 904 3550 mmm
921 3511 984 3551 Μ
1031 3519 1087 3590 ,llic
1108 3514 1201 3570 omnio
1225 3512 1328 3583 laqueis
1346 3516 1558 3586 principatuum
1580 3525 1720 3580 aemorum
1745 3532 1772 3581 et
1783 3532 1862 3601 pete·

144 3584 567 3665 „mmtssmfflmanduroei
588 3598 690 3655 ponem
713 3598 805 3639 naemu
827 3584 984 3641 cumnselle
1071 3593 1173 3643 alonim
1184 3582 1282 3667 mundi
1295 3583 1379 3666 ptem
1401 3602 1468 3669 esse.
1495 3590 1632 3657 Quomodo
1655 3598 1678 3652 ii
1691 3596 1861 3670 declinandi,

140 3697 224 3746 mo,
238 3678 296 3734 bibi
311 3678 406 3733 mm
418 3690 510 3731 meum
524 3688 587 3728 cum
601 3672 668 3729 lm
689 3687 758 3728 meo·
783 3671 869 3742 Mite,
884 3674 982 3743 prm,
1072 3657 1173 3730 quodve
1187 3659 1240 3710 ster
1253 3654 1289 3709 ud
1302 3655 1374 3711 allud
1395 3660 1601 3718 resedendum?

138 3772 189 3826 mi
204 3769 273 3837 mei,
303 3772 329 3822 ει
356 3764 439 3820 pipere
464 3766 492 3820 et
520 3762 701 3817 inridemini
720 3763 822 3833 fratres
841 3762 982 3831 metlino
1071 3766 1117 3820 22.
1141 3762 1197 3818 Sed
1222 3764 1292 3817 sunt
1315 3762 1499 3834 principatus
1530 3770 1613 3837 aerii,
1647 3776 1677 3828 et
1703 3779 1862 3845 potestates

139 3856 273 3926 domno,
288 3860 315 3911 ιε
330 3869 477 3910 cormeum
501 3850 599 3923 oiqilot
610 3848 693 3920 (Cant
711 3866 739 3919 v,
762 3849 788 3906 l.
813 3850 851 3921 2).
869 3850 982 3923 Cogno·
1037 3852 1151 3921 mundi,
1167 3851 1216 3925 qni
1233 3867 1286 3907 nos
1302 3850 1381 3907 velut
1396 3852 1432 3907 de
1447 3869 1532 3909 muro
1546 3856 1671 3929 dejicere
1679 3861 1784 3917 eninrae
1792 3865 1860 3935 (lt),

139 3960 278 4005 scamus
293 3959 368 4016 quoa
383 3944 497 3998 tructus
512 3942 541 3995 et
556 3940 636 3995 eibos
660 3937 893 4013 epuleturlleus,
916 3938 981 4011 qui·
1036 3943 1080 3999 vol
1097 3940 1238 4015 impedire
1248 3944 1325 3997 recte
1349 3941 1527 4015 gradientes,
1553 3946 1597 4002 vel
1622 3950 1658 4004 ad
1682 3948 1861 4006 ultimam·

139 4039 249 4092 bum
279 4031 448 4089 deqflcqequr,
465 4027 632 4085 Delectatur
645 4042 689 4096 eo,
706 4026 731 4083 si
746 4028 813 4100 quis
828 4027 983 4083 mortificet
1037 4033 1139 4088 dentes
1159 4033 1294 4103 quarunt
1318 4030 1471 4101 deponere,
1488 4033 1569 4089 etad
1587 4039 1703 4092 terrena
1717 4054 1862 4109 revocare.

136 4126 312 4199 peccatum
328 4136 426 4188 suum,
442 4115 590 4175 oblitteret
604 4116 720 4189 culpem
739 4132 833 4184 suam,
861 4113 984 4188 sepeliat
1037 4120 1094 4177 Sed
1109 4118 1266 4176 nosmulto
1282 4119 1377 4192 magis
1399 4119 1435 4174 ad
1461 4120 1600 4179 sublimia
1623 4130 1751 4181 mentem
1767 4128 1861 4201 erige·

136 4220 244 4287 atque
261 4208 433 4267 abolefaciat
446 4205 616 4279 iniquitates
630 4222 710 4263 suas.
720 4204 924 4281 Myrrhaenim
939 4211 984 4263 est
1036 4225 1115 4276 mus,
1131 4207 1260 4264 Verbum
1276 4212 1432 4281 sequentes
1452 4207 1513 4264 Dei.
1537 4208 1582 4266 llli
1607 4214 1792 4286 principatus
1807 4231 1862 4271 aa·

136 4301 314 4376 sepultura
328 4300 522 4353 mertuorum.
539 4294 654 4352 Mortua
663 4299 761 4352 sutem
772 4297 891 4369 peccata
902 4300 981 4366 sunt,
1038 4298 1149 4355 cularia
1162 4296 1441 4370 offenduntquibus
1455 4300 1536 4354 tuam
1554 4306 1681 4358 mentem
1693 4303 1861 4361 incurrent:

137 4408 215 4465 ques
231 4385 492 4445 vbaesuavitatem
508 4383 687 4441 haberenon
714 4386 848 4457 pessunt.
866 4382 984 4441 Perlun-
1038 4385 1269 4460 tunemagisad
1299 4385 1459 4453 Christum,
1490 4387 1599 4458 anima,
1630 4391 1722 4465 dirige
1743 4408 1863 4466 gressus

138 4482 270 4536 duntur
285 4478 385 4534 autom
408 4474 500 4530 divini
521 4471 666 4530 sermonis
690 4472 859 4545 unguentis,
882 4471 984 4529 otfor—
1037 4482 1116 4533 tuos.
1139 4475 1277 4555 lnjiciunt
1300 4474 1490 4548 cupiditatem
1517 4478 1592 4548 auri,
1617 4480 1740 4554 argenti,
1761 4483 1863 4539 vicina

138 4570 227 4626 tiore
244 4566 313 4624 cibo
328 4562 408 4621 verbi
423 4562 504 4621 velut
526 4578 611 4635 pane,
637 4566 666 4618 et
689 4561 822 4619 suaviore
839 4561 983 4619 sermonis
993 4586 1022 4651 ¹D
1037 4564 1243 4639 possessionis,
1259 4569 1291 4619 ut
1305 4561 1489 4635 acquirendae
1503 4564 1568 4637 ejus
1583 4568 1678 4641 gratia
1703 4586 1824 4628 excuses
1836 4574 1864 4629 ts

182 4746 249 4829 ll5)
267 4741 449 4801 Mirahicin
476 4758 548 4798 mss.
580 4745 668 4813 atque
697 4741 727 4798 in
756 4740 827 4797 edit.
848 4740 984 4797 varietas.
1037 4740 1630 4811 videturhanccetabulamexmemoria
1650 4749 1862 4803 tantumenar-

136 4814 230 4873 Alibi
247 4817 330 4874 enim
345 4814 529 4888 legas,petus
544 4814 715 4885 quierem
744 4812 824 4883 alibi,
850 4813 918 4884 potu
939 4814 987 4884 qui
1039 4831 1115 4881 rare,
1131 4830 1184 4870 nec
1200 4829 1257 4869 non
1280 4813 1342 4885 pori
1372 4814 1492 4872 nomine
1505 4816 1684 4874 intellexisse
1698 4835 1756 4873 non
1771 4818 1859 4873 deum

135 4892 272 4947 maur:
290 4886 477 4955 stibium-um
499 4886 548 4958 qui
569 4892 672 4953 neemr,
698 4884 767 4944 alibi
791 4883 927 4966 proprius
948 4885 984 4945 ad
1039 4883 1180 4967 aliquem,
1196 4889 1226 4941 at
1234 4885 1337 5011 89²i⁰⁸
1351 4884 1468 4943 alueum
1482 4888 1542 4944 aive
1557 4888 1698 4954 canalem,
1716 4888 1793 4944 unde
1811 4902 1861 4945 ne·

134 4976 293 5029 sensuro,
308 4957 393 5015 cadus
404 4958 568 5031 purumqui
581 4964 683 5015 nectm.
701 4956 756 5016 Sed
772 4956 910 5014 omnibus
933 4972 985 5011 an·
1039 4961 1128 5013 cteris
1141 4973 1221 5012 rivus
1257 4958 1423 5026 imaoebat;
1439 4966 1515 5032 πόρος
1538 4960 1617 5014 enim
1640 4975 1691 5030 pro
1706 4958 1787 5015 alveo
1802 4959 1862 5027 sive

135 5029 317 5103 teponendi
330 5028 398 5084 Vat.
415 5032 444 5084 et
456 5027 536 5085 Vale.
547 5028 576 5083 in
592 5026 710 5099 quibus.
723 5028 808 5085 Perus
822 5029 985 5101 quineetur,
1039 5026 1133 5084 canali
1150 5045 1166 5083 a
1189 5028 1227 5083 ud
1242 5028 1381 5100 probatos
1397 5034 1531 5087 auctores
1545 5028 1700 5086 invenitur.

138 5106 210 5159 etc.
229 5104 378 5159 Memorat
389 5100 467 5156 enim
483 5102 603 5157 sanctus
617 5098 662 5155 vir
676 5114 711 5155 ea
725 5115 789 5171 quse
799 5098 985 5171 inSymposio
1076 5100 1133 5171 (16)
1180 5117 1221 5156 se.
1239 5097 1361 5171 aliquot,
1387 5100 1429 5155 net
1443 5101 1477 5157 de
1500 5116 1578 5156 muro
1606 5100 1720 5171 dejicere
1742 5102 1859 5163 animm.

135 5172 239 5231 Plato
254 5172 370 5235 scribit,
401 5186 505 5244 nempe
532 5170 563 5226 in
591 5169 722 5227 convivio
747 5174 866 5243 propter
886 5174 986 5226 nutem
1040 5170 1126 5239 l‘lor,
1141 5170 1275 5227 ursone
1288 5171 1404 5242 dejicere
1423 5171 1455 5226 in
1478 5174 1543 5227 imo.
1571 5169 1675 5225 lllelis
1700 5169 1816 5243 reliqui,
1833 5177 1862 5229 et

134 5242 301 5305 Venerem
324 5242 469 5303 celebrato
494 5243 600 5303 Porum
624 5241 810 5301 abundantia
836 5242 934 5309 duum,
951 5246 985 5299 ut
1039 5243 1108 5299 edit.
1124 5242 1256 5316 Namque
1270 5241 1375 5298 alludit
1393 5258 1462 5297 cum
1483 5242 1518 5297 ad
1544 5256 1578 5297 ea
1601 5240 1761 5315 superioris
1780 5260 1859 5315 cap..

135 5318 286 5375 nectaris
301 5313 454 5387 crapulam
470 5312 629 5383 exhalaret,
652 5313 682 5368 in
706 5312 824 5369 bortum
847 5312 984 5369 tevisin-
1043 5316 1210 5371 Veremurus
1225 5314 1331 5378 anima,
1355 5315 1419 5367 tum
1444 5312 1480 5367 ad
1505 5327 1598 5384 prou,
1624 5316 1710 5369 Furco
1733 5315 1774 5369 uel
1794 5318 1861 5371 Fur·

135 5402 295 5459 gressum
317 5385 511 5452 obdormisse,
536 5385 570 5441 ad
596 5385 680 5455 cujus
707 5383 785 5440 latus
814 5398 881 5439 cum
898 5384 985 5439 Penia
1038 5386 1112 5441 cittis
1126 5385 1159 5441 de
1173 5400 1251 5440 muro
1265 5383 1389 5455 dejicere.
1402 5382 1483 5446 Quod
1494 5382 1677 5456 proverbium
1691 5386 1767 5459 apud
1782 5386 1860 5462 Gre-

135 5457 409 5534 paupertatisdea
422 5472 487 5515 sese
500 5454 686 5526 admovisset,
711 5454 861 5528 gravidam
877 5455 984 5513 tactam
1039 5474 1089 5512 cos
1104 5456 1281 5581 Latinostssre
1296 5456 1484 5525 pervagatum
1508 5470 1542 5510 ex
1566 5470 1646 5513 more
1662 5464 1860 5539 propugnato·

135 5534 296 5589 Amorem
320 5527 478 5603 peperisse.
503 5526 613 5585 Verum
635 5542 704 5583 eum
728 5540 786 5582 non
806 5527 932 5595 Panium,
952 5531 985 5583 ut
1039 5543 1105 5584 rum
1122 5526 1234 5583 urbise
1256 5540 1342 5580 sesses
1358 5528 1455 5580 ortum
1471 5525 1565 5583 duxit.
1588 5527 1622 5584 lli
1644 5528 1791 5600 siquidem
1810 5546 1859 5590 eos

136 5600 243 5662 Rom.
261 5602 332 5660 edit.
348 5599 488 5673 reposuit,
504 5598 555 5658 aed
568 5600 712 5667 Venerem,
737 5603 770 5655 ut
794 5596 856 5654 alie
870 5614 983 5672 omnes,
1038 5616 1074 5657 ex
1087 5598 1222 5657 hostibus
1245 5595 1296 5727 qui
1317 5610 1419 5653 muros
1442 5598 1638 5657 conscendere
1651 5599 1858 5681 moliebantur,

138 5677 176 5735 st
195 5673 303 5738 cuncti
318 5688 391 5737 mss.
401 5670 564 5752 mentre
582 5669 708 5735 bortum
717 5668 884 5735 introlrlssc
895 5670 983 5747 dest,
1040 5669 1173 5733 solebant
1186 5669 1250 5729 lure
1262 5684 1277 5729 ι
1291 5666 1415 5743 deltesre
1430 5672 1517 5749 atque
1530 5670 1693 5734 exturbare.
