<?xml version="1.0" encoding="UTF-8"?>
<!DOCTYPE html PUBLIC "-//W3C//DTD XHTML 1.0 Transitional//EN"
    "http://www.w3.org/TR/xhtml1/DTD/xhtml1-transitional.dtd">
<html xmlns="http://www.w3.org/1999/xhtml" xml:lang="en" lang="en">
 <head>
  <title>
</title>
<meta http-equiv="Content-Type" content="text/html;charset=utf-8" />
  <meta name='ocr-system' content='tesseract 3.04.00' />
  <meta name='ocr-capabilities' content='ocr_page ocr_carea ocr_par ocr_line ocrx_word'/>
</head>
<body>
  <div class='ocr_page' id='page_1' title='image "./patrologiaecurs31goog_0177.png"; bbox 0 0 4159 6184; ppageno 0'>
   <div class='ocr_carea' id='block_1_1' title="bbox 146 284 1880 397">
    <p class='ocr_par' dir='ltr' id='par_1_1' title="bbox 146 284 1880 397">
     <span class='ocr_line' id='line_1_1' title="bbox 146 284 1880 397; baseline 0.02 -34"><span class='ocrx_word' id='word_1_1' title='bbox 146 307 210 373; x_wconf 71' lang='lat' dir='ltr'><em>nse</em></span> <span class='ocrx_word' id='word_1_2' title='bbox 759 312 811 375; x_wconf 86' lang='lat' dir='ltr'><em>on</em></span> <span class='ocrx_word' id='word_1_3' title='bbox 832 306 923 377; x_wconf 74' lang='lat' dir='ltr'><em>catu</em></span> <span class='ocrx_word' id='word_1_4' title='bbox 946 284 997 376; x_wconf 80' lang='lat' dir='ltr'><strong>m</strong></span> <span class='ocrx_word' id='word_1_5' title='bbox 1018 314 1123 383; x_wconf 74' lang='lat' dir='ltr'><em>uana</em></span> <span class='ocrx_word' id='word_1_6' title='bbox 1147 312 1231 379; x_wconf 78' lang='lat' dir='ltr'><em>sm.</em></span> <span class='ocrx_word' id='word_1_7' title='bbox 1254 312 1280 378; x_wconf 85' lang='lat'><em>1.</em></span> <span class='ocrx_word' id='word_1_8' title='bbox 1822 294 1880 397; x_wconf 74' lang='lat' dir='ltr'><em>ato</em></span> 
     </span>
    </p>
   </div>
   <div class='ocr_carea' id='block_1_2' title="bbox 140 444 1880 2060">
    <p class='ocr_par' dir='ltr' id='par_1_2' title="bbox 140 444 1880 1951">
     <span class='ocr_line' id='line_1_2' title="bbox 146 444 1880 541; baseline 0.013 -38"><span class='ocrx_word' id='word_1_9' title='bbox 146 458 255 514; x_wconf 80' lang='lat' dir='ltr'><em>meum,</em></span> <span class='ocrx_word' id='word_1_10' title='bbox 272 454 352 501; x_wconf 79' lang='lat' dir='ltr'><em>soror</em></span> <span class='ocrx_word' id='word_1_11' title='bbox 368 457 430 502; x_wconf 78' lang='lat' dir='ltr'><em>ntea</em></span> <span class='ocrx_word' id='word_1_12' title='bbox 442 459 555 519; x_wconf 77' lang='lat' dir='ltr'><em>sponsa,</em></span> <span class='ocrx_word' id='word_1_13' title='bbox 572 444 741 505; x_wconf 75' lang='lat' dir='ltr'><em>vindemiavi</em></span> <span class='ocrx_word' id='word_1_14' title='bbox 752 447 895 523; x_wconf 77' lang='lat' dir='ltr'><em>myrrbam</em></span> <span class='ocrx_word' id='word_1_15' title='bbox 921 463 983 504; x_wconf 81' lang='lat' dir='ltr'><em>eam</em></span> <span class='ocrx_word' id='word_1_16' title='bbox 996 448 1024 517; x_wconf 74' lang='grc' dir='ltr'>Α</span> <span class='ocrx_word' id='word_1_17' title='bbox 1038 447 1101 509; x_wconf 88' lang='lat' dir='ltr'><em>loco</em></span> <span class='ocrx_word' id='word_1_18' title='bbox 1116 452 1226 521; x_wconf 88' lang='lat' dir='ltr'><em>distet,</em></span> <span class='ocrx_word' id='word_1_19' title='bbox 1242 454 1321 525; x_wconf 88' lang='lat' dir='ltr'><em>quod</em></span> <span class='ocrx_word' id='word_1_20' title='bbox 1336 456 1387 519; x_wconf 85' lang='lat' dir='ltr'><em>illa</em></span> <span class='ocrx_word' id='word_1_21' title='bbox 1400 458 1561 526; x_wconf 77' lang='lat' dir='ltr'><em>formarum</em></span> <span class='ocrx_word' id='word_1_22' title='bbox 1589 468 1721 531; x_wconf 83' lang='lat' dir='ltr'><em>adultera</em></span> <span class='ocrx_word' id='word_1_23' title='bbox 1744 473 1792 541; x_wconf 87' lang='lat' dir='ltr'><em>sit,</em></span> <span class='ocrx_word' id='word_1_24' title='bbox 1821 470 1880 529; x_wconf 85' lang='lat' dir='ltr'><em>ista</em></span> 
     </span>
     <span class='ocr_line' id='line_1_3' title="bbox 146 534 1879 631; baseline 0.013 -41"><span class='ocrx_word' id='word_1_25' title='bbox 146 534 325 591; x_wconf 68' lang='lat' dir='ltr'><em>aromatibus</em></span> <span class='ocrx_word' id='word_1_26' title='bbox 338 536 723 610; x_wconf 79' lang='lat' dir='ltr'><em>meis,·mandacaoipaaem</em></span> <span class='ocrx_word' id='word_1_27' title='bbox 739 538 988 595; x_wconf 83' lang='lat' dir='ltr'><em>meumrammolta</em></span> <span class='ocrx_word' id='word_1_28' title='bbox 1042 542 1208 597; x_wconf 89' lang='lat' dir='ltr'><em>terrorum.</em></span> <span class='ocrx_word' id='word_1_29' title='bbox 1227 541 1379 607; x_wconf 77' lang='lat' dir='ltr'><em>Elementa</em></span> <span class='ocrx_word' id='word_1_30' title='bbox 1393 557 1531 627; x_wconf 88' lang='lat' dir='ltr'><em>concutit,</em></span> <span class='ocrx_word' id='word_1_31' title='bbox 1548 576 1628 619; x_wconf 91' lang='lat' dir='ltr'><em>mare</em></span> <span class='ocrx_word' id='word_1_32' title='bbox 1641 562 1743 631; x_wconf 85' lang='lat' dir='ltr'><em>sulcat,</em></span> <span class='ocrx_word' id='word_1_33' title='bbox 1772 550 1879 619; x_wconf 86' lang='lat' dir='ltr'><em>terram</em></span> 
     </span>
     <span class='ocr_line' id='line_1_4' title="bbox 146 624 1879 725; baseline 0.013 -46"><span class='ocrx_word' id='word_1_34' title='bbox 146 639 221 693; x_wconf 85' lang='lat' dir='ltr'><em>meo,</em></span> <span class='ocrx_word' id='word_1_35' title='bbox 236 626 264 680; x_wconf 87' lang='lat' dir='ltr'><em>et</em></span> <span class='ocrx_word' id='word_1_36' title='bbox 280 624 339 680; x_wconf 88' lang='lat' dir='ltr'><em>bibi</em></span> <span class='ocrx_word' id='word_1_37' title='bbox 352 624 449 679; x_wconf 83' lang='lat' dir='ltr'><em>uiuam</em></span> <span class='ocrx_word' id='word_1_38' title='bbox 464 641 528 681; x_wconf 86' lang='lat' dir='ltr'><em>cam</em></span> <span class='ocrx_word' id='word_1_39' title='bbox 543 627 614 683; x_wconf 82' lang='lat' dir='ltr'><em>iactr</em></span> <span class='ocrx_word' id='word_1_40' title='bbox 629 642 687 683; x_wconf 86' lang='lat' dir='ltr'><em>meo</em></span> <span class='ocrx_word' id='word_1_41' title='bbox 702 628 804 701; x_wconf 80' lang='lat' dir='ltr'><em>(ibid).</em></span> <span class='ocrx_word' id='word_1_42' title='bbox 827 628 859 683; x_wconf 91' lang='lat' dir='ltr'><em>In</em></span> <span class='ocrx_word' id='word_1_43' title='bbox 888 626 983 692; x_wconf 88' lang='lat' dir='ltr'><em>horto,</em></span> <span class='ocrx_word' id='word_1_44' title='bbox 1042 628 1154 698; x_wconf 82' lang='lat' dir='ltr'><em>effodit,</em></span> <span class='ocrx_word' id='word_1_45' title='bbox 1174 630 1289 689; x_wconf 84' lang='lat' dir='ltr'><em>omium</em></span> <span class='ocrx_word' id='word_1_46' title='bbox 1301 638 1377 696; x_wconf 85' lang='lat' dir='ltr'><em>votis</em></span> <span class='ocrx_word' id='word_1_47' title='bbox 1397 641 1506 717; x_wconf 81' lang='lat' dir='ltr'><em>fatigat,</em></span> <span class='ocrx_word' id='word_1_48' title='bbox 1523 663 1575 704; x_wconf 85' lang='lat' dir='ltr'><em>nco</em></span> <span class='ocrx_word' id='word_1_49' title='bbox 1587 667 1690 707; x_wconf 74' lang='lat' dir='ltr'><em>sereno</em></span> <span class='ocrx_word' id='word_1_50' title='bbox 1717 653 1797 725; x_wconf 77' lang='lat' dir='ltr'><em>grata</em></span> <span class='ocrx_word' id='word_1_51' title='bbox 1825 660 1879 701; x_wconf 89' lang='lat' dir='ltr'><em>nec</em></span> 
     </span>
     <span class='ocr_line' id='line_1_5' title="bbox 146 711 1878 808; baseline 0.013 -41"><span class='ocrx_word' id='word_1_52' title='bbox 146 711 205 768; x_wconf 90' lang='lat' dir='ltr'><em>hoc</em></span> <span class='ocrx_word' id='word_1_53' title='bbox 219 716 269 768; x_wconf 88' lang='lat' dir='ltr'><em>eat</em></span> <span class='ocrx_word' id='word_1_54' title='bbox 283 712 314 768; x_wconf 91' lang='lat' dir='ltr'><em>iu</em></span> <span class='ocrx_word' id='word_1_55' title='bbox 331 713 477 786; x_wconf 86' lang='lat' dir='ltr'><em>paradiso,</em></span> <span class='ocrx_word' id='word_1_56' title='bbox 491 719 538 771; x_wconf 89' lang='lat' dir='ltr'><em>est</em></span> <span class='ocrx_word' id='word_1_57' title='bbox 566 714 731 772; x_wconf 87' lang='lat' dir='ltr'><em>convivium</em></span> <span class='ocrx_word' id='word_1_58' title='bbox 759 717 906 785; x_wconf 78' lang='lat' dir='ltr'><em>Ecclesia,</em></span> <span class='ocrx_word' id='word_1_59' title='bbox 937 716 986 773; x_wconf 93' lang='lat' dir='ltr'><em>ubi</em></span> <span class='ocrx_word' id='word_1_60' title='bbox 1042 718 1158 789; x_wconf 89' lang='lat' dir='ltr'><em>nubilo,</em></span> <span class='ocrx_word' id='word_1_61' title='bbox 1177 722 1264 778; x_wconf 72' lang='lat' dir='ltr'><em>aaa</em></span> <span class='ocrx_word' id='word_1_62' title='bbox 1279 728 1453 788; x_wconf 87' lang='lat' dir='ltr'><em>condemnat</em></span> <span class='ocrx_word' id='word_1_63' title='bbox 1467 741 1625 807; x_wconf 84' lang='lat' dir='ltr'><em>proventus</em></span> <span class='ocrx_word' id='word_1_64' title='bbox 1639 756 1761 808; x_wconf 79' lang='lat' dir='ltr'><em>arianos,</em></span> <span class='ocrx_word' id='word_1_65' title='bbox 1786 738 1878 793; x_wconf 87' lang='lat' dir='ltr'><em>ictus-</em></span> 
     </span>
     <span class='ocr_line' id='line_1_6' title="bbox 145 801 1877 899; baseline 0.012 -40"><span class='ocrx_word' id='word_1_66' title='bbox 145 805 211 859; x_wconf 86' lang='lat' dir='ltr'><em>arat</em></span> <span class='ocrx_word' id='word_1_67' title='bbox 226 801 314 875; x_wconf 92' lang='lat' dir='ltr'><em>prius</em></span> <span class='ocrx_word' id='word_1_68' title='bbox 329 802 433 870; x_wconf 79' lang='lat' dir='ltr'><em>Adam,</em></span> <span class='ocrx_word' id='word_1_69' title='bbox 450 821 541 877; x_wconf 89' lang='lat' dir='ltr'><em>quam</em></span> <span class='ocrx_word' id='word_1_70' title='bbox 557 809 712 878; x_wconf 90' lang='lat' dir='ltr'><em>peccatum</em></span> <span class='ocrx_word' id='word_1_71' title='bbox 728 806 931 863; x_wconf 88' lang='lat' dir='ltr'><em>committeret.</em></span> <span class='ocrx_word' id='word_1_72' title='bbox 943 806 986 862; x_wconf 92' lang='lat' dir='ltr'><em>Ibi</em></span> <span class='ocrx_word' id='word_1_73' title='bbox 1042 813 1264 879; x_wconf 81' lang='lat' dir='ltr'><em>quaternarum</em></span> <span class='ocrx_word' id='word_1_74' title='bbox 1279 818 1384 891; x_wconf 84' lang='lat' dir='ltr'><em>arguit.</em></span> <span class='ocrx_word' id='word_1_75' title='bbox 1400 822 1456 877; x_wconf 85' lang='lat' dir='ltr'><em>Sed</em></span> <span class='ocrx_word' id='word_1_76' title='bbox 1472 822 1533 879; x_wconf 69' lang='lat' dir='ltr'><em>haec</em></span> <span class='ocrx_word' id='word_1_77' title='bbox 1548 828 1688 899; x_wconf 78' lang='lat' dir='ltr'><em>agritudo</em></span> <span class='ocrx_word' id='word_1_78' title='bbox 1703 832 1747 886; x_wconf 90' lang='lat' dir='ltr'><em>est</em></span> <span class='ocrx_word' id='word_1_79' title='bbox 1761 827 1877 887; x_wconf 81' lang='lat' dir='ltr'><em>anima,</em></span> 
     </span>
     <span class='ocr_line' id='line_1_7' title="bbox 145 891 1877 981; baseline 0.011 -33"><span class='ocrx_word' id='word_1_80' title='bbox 145 891 345 949; x_wconf 80' lang='lat' dir='ltr'><strong>recumbebat</strong></span> <span class='ocrx_word' id='word_1_81' title='bbox 371 893 427 948; x_wconf 84' lang='lat' dir='ltr'><em>Eva</em></span> <span class='ocrx_word' id='word_1_82' title='bbox 442 893 618 968; x_wconf 76' lang='lat' dir='ltr'>priusquam</span> <span class='ocrx_word' id='word_1_83' title='bbox 633 895 750 968; x_wconf 89' lang='lat' dir='ltr'><em>culpam</em></span> <span class='ocrx_word' id='word_1_84' title='bbox 766 901 876 953; x_wconf 86' lang='lat' dir='ltr'><em>crearet</em></span> <span class='ocrx_word' id='word_1_85' title='bbox 890 900 919 953; x_wconf 90' lang='lat' dir='ltr'><em>et</em></span> <span class='ocrx_word' id='word_1_86' title='bbox 933 914 985 969; x_wconf 89' lang='lat' dir='ltr'><em>ps·</em></span> <span class='ocrx_word' id='word_1_87' title='bbox 1042 916 1099 955; x_wconf 90' lang='lat' dir='ltr'><em>uon</em></span> <span class='ocrx_word' id='word_1_88' title='bbox 1115 897 1250 957; x_wconf 88' lang='lat' dir='ltr'><em>sanitas.</em></span> <span class='ocrx_word' id='word_1_89' title='bbox 1277 904 1406 981; x_wconf 84' lang='lat' dir='ltr'><em>[leuique</em></span> <span class='ocrx_word' id='word_1_90' title='bbox 1421 910 1610 973; x_wconf 78' lang='lat' dir='ltr'><em>Ecclesiastes</em></span> <span class='ocrx_word' id='word_1_91' title='bbox 1625 918 1714 975; x_wconf 89' lang='lat' dir='ltr'><em>dicit:</em></span> <span class='ocrx_word' id='word_1_92' title='bbox 1743 918 1789 973; x_wconf 78' lang='lat' dir='ltr'><em>Est</em></span> <span class='ocrx_word' id='word_1_93' title='bbox 1813 915 1877 969; x_wconf 85' lang='lat' dir='ltr'><em>taa-</em></span> 
     </span>
     <span class='ocr_line' id='line_1_8' title="bbox 145 980 1877 1071; baseline 0.009 -33"><span class='ocrx_word' id='word_1_94' title='bbox 145 984 238 1039; x_wconf 87' lang='lat' dir='ltr'><em>reret.</em></span> <span class='ocrx_word' id='word_1_95' title='bbox 254 980 299 1038; x_wconf 91' lang='lat' dir='ltr'><em>lbi</em></span> <span class='ocrx_word' id='word_1_96' title='bbox 313 980 510 1039; x_wconf 80' lang='lat' dir='ltr'><em>vindemiabis</em></span> <span class='ocrx_word' id='word_1_97' title='bbox 533 984 694 1057; x_wconf 86' lang='lat' dir='ltr'><em>myrrham,</em></span> <span class='ocrx_word' id='word_1_98' title='bbox 725 984 780 1043; x_wconf 91' lang='lat' dir='ltr'><em>hoo</em></span> <span class='ocrx_word' id='word_1_99' title='bbox 807 988 853 1043; x_wconf 88' lang='lat' dir='ltr'><em>est</em></span> <span class='ocrx_word' id='word_1_100' title='bbox 879 985 986 1042; x_wconf 81' lang='lat' dir='ltr'><em>Christi</em></span> <span class='ocrx_word' id='word_1_101' title='bbox 1039 1006 1108 1061; x_wconf 77' lang='lat' dir='ltr'><em>paor</em></span> <span class='ocrx_word' id='word_1_102' title='bbox 1123 991 1315 1063; x_wconf 79' lang='lat' dir='ltr'><em>mairasqaem</em></span> <span class='ocrx_word' id='word_1_103' title='bbox 1330 998 1390 1054; x_wconf 86' lang='lat' dir='ltr'><em>vidi</em></span> <span class='ocrx_word' id='word_1_104' title='bbox 1404 1000 1455 1056; x_wconf 85' lang='lat' dir='ltr'><em>sub</em></span> <span class='ocrx_word' id='word_1_105' title='bbox 1478 1004 1543 1071; x_wconf 79' lang='lat' dir='ltr'><em>solo,</em></span> <span class='ocrx_word' id='word_1_106' title='bbox 1567 1004 1678 1063; x_wconf 80' lang='lat' dir='ltr'><em>divitias</em></span> <span class='ocrx_word' id='word_1_107' title='bbox 1699 1002 1877 1065; x_wconf 65' lang='lat' dir='ltr'><em>custodietis</em></span> 
     </span>
     <span class='ocr_line' id='line_1_9' title="bbox 145 1072 1877 1167; baseline 0.009 -37"><span class='ocrx_word' id='word_1_108' title='bbox 145 1072 340 1146; x_wconf 87' lang='lat' dir='ltr'><em>sepulturam</em></span> <span class='ocrx_word' id='word_1_109' title='bbox 354 1093 362 1143; x_wconf 84' lang='lat'><em>3</em></span> <span class='ocrx_word' id='word_1_110' title='bbox 374 1077 406 1130; x_wconf 88' lang='lat' dir='ltr'><em>ut</em></span> <span class='ocrx_word' id='word_1_111' title='bbox 417 1073 738 1147; x_wconf 88' lang='lat' dir='ltr'><em>consepultuscumillo</em></span> <span class='ocrx_word' id='word_1_112' title='bbox 745 1094 796 1151; x_wconf 91' lang='lat' dir='ltr'><em>per</em></span> <span class='ocrx_word' id='word_1_113' title='bbox 804 1078 985 1153; x_wconf 84' lang='lat' dir='ltr'><em>baptismum</em></span> <span class='ocrx_word' id='word_1_114' title='bbox 1039 1080 1146 1136; x_wconf 87' lang='lat' dir='ltr'><em>matam</em></span> <span class='ocrx_word' id='word_1_115' title='bbox 1161 1082 1387 1153; x_wconf 79' lang='lat' dir='ltr'><em>possidentisoas</em></span> <span class='ocrx_word' id='word_1_116' title='bbox 1403 1090 1499 1161; x_wconf 78' lang='lat' dir='ltr'><em>(Ereta.</em></span> <span class='ocrx_word' id='word_1_117' title='bbox 1516 1109 1540 1161; x_wconf 82' lang='lat' dir='ltr'><em>v,</em></span> <span class='ocrx_word' id='word_1_118' title='bbox 1559 1095 1613 1167; x_wconf 85' lang='grc'>12).</span> <span class='ocrx_word' id='word_1_119' title='bbox 1636 1098 1671 1153; x_wconf 83' lang='lat' dir='ltr'><em>ut</em></span> <span class='ocrx_word' id='word_1_120' title='bbox 1694 1108 1798 1166; x_wconf 87' lang='lat' dir='ltr'><em>supra:</em></span> <span class='ocrx_word' id='word_1_121' title='bbox 1823 1089 1877 1158; x_wconf 82' lang='lat' dir='ltr'><em>Qut</em></span> 
     </span>
     <span class='ocr_line' id='line_1_10' title="bbox 144 1163 1874 1254; baseline 0.009 -35"><span class='ocrx_word' id='word_1_122' title='bbox 144 1164 333 1230; x_wconf 86' lang='lat' dir='ltr'><em>inmortem,</em></span> <span class='ocrx_word' id='word_1_123' title='bbox 350 1163 603 1237; x_wconf 79' lang='lat' dir='ltr'><strong>quemadmodum</strong></span> <span class='ocrx_word' id='word_1_124' title='bbox 620 1163 669 1221; x_wconf 87' lang='lat' dir='ltr'><em>ille</em></span> <span class='ocrx_word' id='word_1_125' title='bbox 689 1166 814 1223; x_wconf 83' lang='lat' dir='ltr'><em>surrexit</em></span> <span class='ocrx_word' id='word_1_126' title='bbox 841 1185 876 1225; x_wconf 83' lang='lat' dir='ltr'><em>ex</em></span> <span class='ocrx_word' id='word_1_127' title='bbox 904 1187 984 1228; x_wconf 88' lang='lat' dir='ltr'><em>mor·</em></span> <span class='ocrx_word' id='word_1_128' title='bbox 1039 1166 1135 1239; x_wconf 78' lang='lat' dir='ltr'><em>ditipit</em></span> <span class='ocrx_word' id='word_1_129' title='bbox 1167 1174 1328 1241; x_wconf 74' lang='lat' dir='ltr'><em>argere-tam,</em></span> <span class='ocrx_word' id='word_1_130' title='bbox 1343 1192 1398 1233; x_wconf 82' lang='lat' dir='ltr'><em>non</em></span> <span class='ocrx_word' id='word_1_131' title='bbox 1423 1179 1570 1237; x_wconf 78' lang='lat' dir='ltr'><em>satiabitur</em></span> <span class='ocrx_word' id='word_1_132' title='bbox 1595 1186 1707 1254; x_wconf 78' lang='lat' dir='ltr'><em>arpenta</em></span> <span class='ocrx_word' id='word_1_133' title='bbox 1733 1178 1812 1251; x_wconf 84' lang='lat' dir='ltr'><em>(ibid.</em></span> <span class='ocrx_word' id='word_1_134' title='bbox 1836 1176 1874 1247; x_wconf 87' lang='grc'><em>9).</em></span> 
     </span>
     <span class='ocr_line' id='line_1_11' title="bbox 144 1251 1875 1347; baseline 0.01 -38"><span class='ocrx_word' id='word_1_135' title='bbox 144 1252 219 1317; x_wconf 84' lang='lat' dir='ltr'><em>tuis,</em></span> <span class='ocrx_word' id='word_1_136' title='bbox 235 1254 268 1307; x_wconf 88' lang='lat' dir='ltr'><em>et</em></span> <span class='ocrx_word' id='word_1_137' title='bbox 283 1255 316 1307; x_wconf 87' lang='lat' dir='ltr'><em>tu</em></span> <span class='ocrx_word' id='word_1_138' title='bbox 340 1267 489 1324; x_wconf 79' lang='lat' dir='ltr'>resurgas,</span> <span class='ocrx_word' id='word_1_139' title='bbox 515 1251 558 1307; x_wconf 91' lang='lat' dir='ltr'><em>Ibi</em></span> <span class='ocrx_word' id='word_1_140' title='bbox 582 1254 776 1312; x_wconf 89' lang='lat' dir='ltr'><em>manducabis</em></span> <span class='ocrx_word' id='word_1_141' title='bbox 799 1273 905 1329; x_wconf 86' lang='lat' dir='ltr'><em>paoem</em></span> <span class='ocrx_word' id='word_1_142' title='bbox 934 1260 984 1333; x_wconf 92' lang='lat' dir='ltr'><em>qui</em></span> <span class='ocrx_word' id='word_1_143' title='bbox 1039 1256 1093 1313; x_wconf 84' lang='lat' dir='ltr'><em>ut:</em></span> <span class='ocrx_word' id='word_1_144' title='bbox 1108 1256 1165 1313; x_wconf 85' lang='lat' dir='ltr'><em>Nea</em></span> <span class='ocrx_word' id='word_1_145' title='bbox 1179 1260 1223 1315; x_wconf 87' lang='lat' dir='ltr'><em>est</em></span> <span class='ocrx_word' id='word_1_146' title='bbox 1245 1261 1308 1331; x_wconf 78' lang='lat' dir='ltr'><em>finis</em></span> <span class='ocrx_word' id='word_1_147' title='bbox 1322 1268 1514 1339; x_wconf 80' lang='lat' dir='ltr'><em>acquisitionis</em></span> <span class='ocrx_word' id='word_1_148' title='bbox 1523 1286 1616 1329; x_wconf 85' lang='lat' dir='ltr'><em>eoram</em></span> <span class='ocrx_word' id='word_1_149' title='bbox 1630 1268 1807 1347; x_wconf 77' lang='lat' dir='ltr'><em>(Barnabas,</em></span> <span class='ocrx_word' id='word_1_150' title='bbox 1819 1264 1875 1337; x_wconf 79' lang='lat' dir='ltr'><em>ta).</em></span> 
     </span>
     <span class='ocr_line' id='line_1_12' title="bbox 144 1339 1876 1430; baseline 0.008 -30"><span class='ocrx_word' id='word_1_151' title='bbox 144 1342 377 1419; x_wconf 73' lang='lat' dir='ltr'><em>confirmatam</em></span> <span class='ocrx_word' id='word_1_152' title='bbox 400 1340 539 1399; x_wconf 89' lang='lat' dir='ltr'><em>hominis.</em></span> <span class='ocrx_word' id='word_1_153' title='bbox 557 1339 614 1398; x_wconf 87' lang='lat' dir='ltr'><em>Mel</em></span> <span class='ocrx_word' id='word_1_154' title='bbox 628 1342 772 1416; x_wconf 79' lang='lat' dir='ltr'><em>gustabis,</em></span> <span class='ocrx_word' id='word_1_155' title='bbox 787 1360 845 1418; x_wconf 90' lang='lat' dir='ltr'><em>quo</em></span> <span class='ocrx_word' id='word_1_156' title='bbox 866 1348 984 1405; x_wconf 91' lang='lat' dir='ltr'><em>tuorum</em></span> <span class='ocrx_word' id='word_1_157' title='bbox 1039 1344 1070 1400; x_wconf 88' lang='lat' dir='ltr'><em>Si</em></span> <span class='ocrx_word' id='word_1_158' title='bbox 1085 1346 1197 1418; x_wconf 80' lang='lat' dir='ltr'><em>queris</em></span> <span class='ocrx_word' id='word_1_159' title='bbox 1213 1348 1377 1423; x_wconf 78' lang='lat' dir='ltr'><em>thesauros,</em></span> <span class='ocrx_word' id='word_1_160' title='bbox 1396 1357 1494 1430; x_wconf 81' lang='lat' dir='ltr'><em>accipe</em></span> <span class='ocrx_word' id='word_1_161' title='bbox 1508 1358 1670 1419; x_wconf 79' lang='lat' dir='ltr'><em>invisibiles</em></span> <span class='ocrx_word' id='word_1_162' title='bbox 1695 1363 1724 1414; x_wconf 90' lang='lat' dir='ltr'><em>et</em></span> <span class='ocrx_word' id='word_1_163' title='bbox 1745 1353 1876 1413; x_wconf 86' lang='lat' dir='ltr'><em>occultos</em></span> 
     </span>
     <span class='ocr_line' id='line_1_13' title="bbox 143 1429 1876 1520; baseline 0.007 -31"><span class='ocrx_word' id='word_1_164' title='bbox 143 1431 306 1490; x_wconf 74' lang='lat' dir='ltr'><em>dulcescat</em></span> <span class='ocrx_word' id='word_1_165' title='bbox 320 1433 438 1485; x_wconf 89' lang='lat' dir='ltr'><em>meatus</em></span> <span class='ocrx_word' id='word_1_166' title='bbox 453 1429 593 1486; x_wconf 88' lang='lat' dir='ltr'><em>saucium.</em></span> <span class='ocrx_word' id='word_1_167' title='bbox 608 1429 716 1487; x_wconf 89' lang='lat' dir='ltr'><em>Vinum</em></span> <span class='ocrx_word' id='word_1_168' title='bbox 733 1432 817 1489; x_wconf 90' lang='lat' dir='ltr'><em>bibes</em></span> <span class='ocrx_word' id='word_1_169' title='bbox 832 1434 984 1493; x_wconf 90' lang='lat' dir='ltr'><em>cumlacte</em></span> <span class='ocrx_word' id='word_1_170' title='bbox 1039 1447 1114 1503; x_wconf 82' lang='lat' dir='ltr'><em>quos</em></span> <span class='ocrx_word' id='word_1_171' title='bbox 1129 1431 1160 1488; x_wconf 91' lang='lat' dir='ltr'><em>in</em></span> <span class='ocrx_word' id='word_1_172' title='bbox 1178 1434 1245 1492; x_wconf 80' lang='lat' dir='ltr'><em>cmii</em></span> <span class='ocrx_word' id='word_1_173' title='bbox 1257 1439 1422 1506; x_wconf 87' lang='lat' dir='ltr'><em>altissimis,</em></span> <span class='ocrx_word' id='word_1_174' title='bbox 1447 1460 1505 1500; x_wconf 91' lang='lat' dir='ltr'><em>nou</em></span> <span class='ocrx_word' id='word_1_175' title='bbox 1521 1464 1595 1520; x_wconf 90' lang='lat' dir='ltr'><em>quos</em></span> <span class='ocrx_word' id='word_1_176' title='bbox 1611 1451 1640 1507; x_wconf 89' lang='lat' dir='ltr'><em>in</em></span> <span class='ocrx_word' id='word_1_177' title='bbox 1657 1454 1803 1505; x_wconf 86' lang='lat' dir='ltr'><em>terrarum</em></span> <span class='ocrx_word' id='word_1_178' title='bbox 1828 1460 1876 1501; x_wconf 88' lang='lat' dir='ltr'><em>ve-</em></span> 
     </span>
     <span class='ocr_line' id='line_1_14' title="bbox 143 1516 1877 1607; baseline 0.009 -30"><span class='ocrx_word' id='word_1_179' title='bbox 143 1521 351 1579; x_wconf 86' lang='lat' dir='ltr'><em>hocestcum</em></span> <span class='ocrx_word' id='word_1_180' title='bbox 381 1516 535 1591; x_wconf 89' lang='lat' dir='ltr'><em>splendore</em></span> <span class='ocrx_word' id='word_1_181' title='bbox 561 1522 590 1575; x_wconf 92' lang='lat' dir='ltr'><em>et</em></span> <span class='ocrx_word' id='word_1_182' title='bbox 605 1520 791 1579; x_wconf 88' lang='lat' dir='ltr'><em>sinceritate:</em></span> <span class='ocrx_word' id='word_1_183' title='bbox 817 1522 877 1579; x_wconf 87' lang='lat' dir='ltr'><em>sive</em></span> <span class='ocrx_word' id='word_1_184' title='bbox 905 1527 984 1598; x_wconf 90' lang='lat' dir='ltr'><em>quod</em></span> <span class='ocrx_word' id='word_1_185' title='bbox 1038 1520 1248 1595; x_wconf 87' lang='lat' dir='ltr'><em>nisrequiras.</em></span> <span class='ocrx_word' id='word_1_186' title='bbox 1265 1528 1333 1585; x_wconf 82' lang='lat' dir='ltr'><em>Esto</em></span> <span class='ocrx_word' id='word_1_187' title='bbox 1359 1548 1473 1605; x_wconf 88' lang='lat' dir='ltr'><em>pauper</em></span> <span class='ocrx_word' id='word_1_188' title='bbox 1501 1534 1617 1607; x_wconf 89' lang='lat' dir='ltr'><em>spiritu,</em></span> <span class='ocrx_word' id='word_1_189' title='bbox 1647 1539 1677 1593; x_wconf 90' lang='lat' dir='ltr'><em>et</em></span> <span class='ocrx_word' id='word_1_190' title='bbox 1706 1532 1765 1589; x_wconf 91' lang='lat' dir='ltr'><em>cris</em></span> <span class='ocrx_word' id='word_1_191' title='bbox 1796 1531 1877 1593; x_wconf 88' lang='lat' dir='ltr'><em>dives</em></span> 
     </span>
     <span class='ocr_line' id='line_1_15' title="bbox 142 1606 1877 1691; baseline 0.009 -26"><span class='ocrx_word' id='word_1_192' title='bbox 142 1627 221 1679; x_wconf 88' lang='lat' dir='ltr'><em>pura</em></span> <span class='ocrx_word' id='word_1_193' title='bbox 238 1606 419 1683; x_wconf 85' lang='lat' dir='ltr'><em>simplicitas</em></span> <span class='ocrx_word' id='word_1_194' title='bbox 435 1608 494 1675; x_wconf 89' lang='lat' dir='ltr'><em>sit;</em></span> <span class='ocrx_word' id='word_1_195' title='bbox 510 1608 570 1665; x_wconf 88' lang='lat' dir='ltr'><em>sive</em></span> <span class='ocrx_word' id='word_1_196' title='bbox 586 1610 665 1683; x_wconf 86' lang='lat' dir='ltr'><em>quod</em></span> <span class='ocrx_word' id='word_1_197' title='bbox 675 1610 864 1668; x_wconf 88' lang='lat' dir='ltr'><em>immaculata</em></span> <span class='ocrx_word' id='word_1_198' title='bbox 878 1614 983 1686; x_wconf 89' lang='lat' dir='ltr'><em>gratia,</em></span> <span class='ocrx_word' id='word_1_199' title='bbox 1038 1608 1241 1686; x_wconf 80' lang='lat' dir='ltr'><em>qualicunque</em></span> <span class='ocrx_word' id='word_1_200' title='bbox 1257 1632 1366 1687; x_wconf 84' lang='lat' dir='ltr'><em>censu3</em></span> <span class='ocrx_word' id='word_1_201' title='bbox 1382 1619 1454 1691; x_wconf 89' lang='lat' dir='ltr'><em>quia</em></span> <span class='ocrx_word' id='word_1_202' title='bbox 1469 1637 1526 1677; x_wconf 90' lang='lat' dir='ltr'><em>uon</em></span> <span class='ocrx_word' id='word_1_203' title='bbox 1541 1623 1571 1681; x_wconf 88' lang='lat' dir='ltr'><em>io</em></span> <span class='ocrx_word' id='word_1_204' title='bbox 1588 1620 1774 1684; x_wconf 86' lang='lat' dir='ltr'><em>abundantia</em></span> <span class='ocrx_word' id='word_1_205' title='bbox 1804 1620 1877 1681; x_wconf 86' lang='lat' dir='ltr'><em>divi·</em></span> 
     </span>
     <span class='ocr_line' id='line_1_16' title="bbox 142 1695 1876 1775; baseline 0.013 -25"><span class='ocrx_word' id='word_1_206' title='bbox 142 1698 261 1773; x_wconf 75' lang='lat' dir='ltr'><em>quaein</em></span> <span class='ocrx_word' id='word_1_207' title='bbox 292 1695 501 1761; x_wconf 84' lang='lat' dir='ltr'><em>remissionem</em></span> <span class='ocrx_word' id='word_1_208' title='bbox 530 1698 660 1754; x_wconf 89' lang='lat' dir='ltr'><em>sumitur</em></span> <span class='ocrx_word' id='word_1_209' title='bbox 687 1704 893 1772; x_wconf 88' lang='lat' dir='ltr'><em>peccatorum;</em></span> <span class='ocrx_word' id='word_1_210' title='bbox 923 1702 984 1759; x_wconf 75' lang='lat' dir='ltr'><em>eive</em></span> <span class='ocrx_word' id='word_1_211' title='bbox 1038 1696 1148 1754; x_wconf 87' lang='lat' dir='ltr'><em>tiaram</em></span> <span class='ocrx_word' id='word_1_212' title='bbox 1169 1701 1286 1759; x_wconf 86' lang='lat' dir='ltr'><em>vitaest</em></span> <span class='ocrx_word' id='word_1_213' title='bbox 1315 1706 1457 1775; x_wconf 90' lang='lat' dir='ltr'><em>bominis,</em></span> <span class='ocrx_word' id='word_1_214' title='bbox 1486 1711 1536 1766; x_wconf 91' lang='lat' dir='ltr'><em>scd</em></span> <span class='ocrx_word' id='word_1_215' title='bbox 1567 1712 1597 1769; x_wconf 87' lang='lat' dir='ltr'><em>in</em></span> <span class='ocrx_word' id='word_1_216' title='bbox 1625 1714 1735 1769; x_wconf 89' lang='lat' dir='ltr'><em>virtute</em></span> <span class='ocrx_word' id='word_1_217' title='bbox 1761 1710 1876 1771; x_wconf 83' lang='lat' dir='ltr'><em>aalide.</em></span> 
     </span>
     <span class='ocr_line' id='line_1_17' title="bbox 141 1784 1879 1873; baseline 0.01 -28"><span class='ocrx_word' id='word_1_218' title='bbox 141 1789 224 1863; x_wconf 84' lang='lat' dir='ltr'><em>quod</em></span> <span class='ocrx_word' id='word_1_219' title='bbox 242 1784 387 1861; x_wconf 88' lang='lat' dir='ltr'><em>parvulos</em></span> <span class='ocrx_word' id='word_1_220' title='bbox 403 1785 611 1843; x_wconf 88' lang='lat' dir='ltr'><em>consolationis</em></span> <span class='ocrx_word' id='word_1_221' title='bbox 626 1804 686 1843; x_wconf 81' lang='lat' dir='ltr'><em>sua</em></span> <span class='ocrx_word' id='word_1_222' title='bbox 706 1786 794 1844; x_wconf 89' lang='lat' dir='ltr'><em>lactet</em></span> <span class='ocrx_word' id='word_1_223' title='bbox 817 1789 981 1861; x_wconf 85' lang='lat' dir='ltr'><em>uberibus;</em></span> <span class='ocrx_word' id='word_1_224' title='bbox 1039 1784 1268 1847; x_wconf 69' lang='lat' dir='ltr'><em>lutuledlvitiae</em></span> <span class='ocrx_word' id='word_1_225' title='bbox 1293 1810 1396 1850; x_wconf 81' lang='lat' dir='ltr'><em>verum</em></span> <span class='ocrx_word' id='word_1_226' title='bbox 1422 1794 1541 1855; x_wconf 82' lang='lat' dir='ltr'><em>divitem</em></span> <span class='ocrx_word' id='word_1_227' title='bbox 1570 1802 1689 1873; x_wconf 84' lang='lat' dir='ltr'><em>facient,</em></span> <span class='ocrx_word' id='word_1_228' title='bbox 1719 1798 1746 1856; x_wconf 79' lang='lat' dir='ltr'><em>si</em></span> <span class='ocrx_word' id='word_1_229' title='bbox 1778 1798 1819 1856; x_wconf 75' lang='lat' dir='ltr'><em>sis</em></span> <span class='ocrx_word' id='word_1_230' title='bbox 1848 1800 1879 1863; x_wconf 80' lang='lat' dir='ltr'><em>in</em></span> 
     </span>
     <span class='ocr_line' id='line_1_18' title="bbox 140 1872 1238 1951; baseline 0.002 -17"><span class='ocrx_word' id='word_1_231' title='bbox 140 1882 186 1949; x_wconf 90' lang='lat' dir='ltr'><em>ut,</em></span> <span class='ocrx_word' id='word_1_232' title='bbox 202 1875 350 1935; x_wconf 83' lang='lat' dir='ltr'><em>ablactati</em></span> <span class='ocrx_word' id='word_1_233' title='bbox 367 1875 397 1931; x_wconf 91' lang='lat' dir='ltr'><em>in</em></span> <span class='ocrx_word' id='word_1_234' title='bbox 422 1874 545 1944; x_wconf 86' lang='lat' dir='ltr'><em>deliciis,</em></span> <span class='ocrx_word' id='word_1_235' title='bbox 559 1876 589 1931; x_wconf 91' lang='lat' dir='ltr'><em>iu</em></span> <span class='ocrx_word' id='word_1_236' title='bbox 605 1876 819 1949; x_wconf 83' lang='lat' dir='ltr'><em>plenitudinem</em></span> <span class='ocrx_word' id='word_1_237' title='bbox 849 1880 982 1951; x_wconf 83' lang='lat' dir='ltr'><em>perlecta</em></span> <span class='ocrx_word' id='word_1_238' title='bbox 1036 1872 1131 1933; x_wconf 85' lang='lat' dir='ltr'><em>Deum</em></span> <span class='ocrx_word' id='word_1_239' title='bbox 1147 1878 1238 1936; x_wconf 82' lang='lat' dir='ltr'><em>dives.</em></span> 
     </span>
    </p>

    <p class='ocr_par' dir='ltr' id='par_1_3' title="bbox 140 1964 1549 2060">
     <span class='ocr_line' id='line_1_19' title="bbox 140 1964 1549 2060; baseline 0.003 -36"><span class='ocrx_word' id='word_1_240' title='bbox 140 1966 242 2024; x_wconf 79' lang='lat' dir='ltr'><em>atatis</em></span> <span class='ocrx_word' id='word_1_241' title='bbox 257 1964 443 2021; x_wconf 88' lang='lat' dir='ltr'><em>adolescant.</em></span> <span class='ocrx_word' id='word_1_242' title='bbox 460 1964 589 2021; x_wconf 88' lang='lat' dir='ltr'><em>Succede</em></span> <span class='ocrx_word' id='word_1_243' title='bbox 603 1982 671 2039; x_wconf 86' lang='lat' dir='ltr'><em>ergo</em></span> <span class='ocrx_word' id='word_1_244' title='bbox 686 1966 716 2021; x_wconf 92' lang='lat' dir='ltr'><em>iu</em></span> <span class='ocrx_word' id='word_1_245' title='bbox 731 1965 786 2022; x_wconf 93' lang='lat' dir='ltr'><em>hoc</em></span> <span class='ocrx_word' id='word_1_246' title='bbox 805 1966 982 2027; x_wconf 71' lang='lat' dir='ltr'><em>cenuvium.</em></span> <span class='ocrx_word' id='word_1_247' title='bbox 1357 1999 1477 2057; x_wconf 57' lang='lat' dir='ltr'>CAPUT</span> <span class='ocrx_word' id='word_1_248' title='bbox 1500 2002 1549 2060; x_wconf 44' lang='lat' dir='ltr'><em>VI·</em></span> 
     </span>
    </p>
   </div>
   <div class='ocr_carea' id='block_1_3' title="bbox 139 2052 1881 2243">
    <p class='ocr_par' dir='ltr' id='par_1_4' title="bbox 139 2052 1881 2243">
     <span class='ocr_line' id='line_1_20' title="bbox 139 2052 1881 2179; baseline 0.002 -66"><span class='ocrx_word' id='word_1_249' title='bbox 139 2063 187 2113; x_wconf 79' lang='lat' dir='ltr'><em>An</em></span> <span class='ocrx_word' id='word_1_250' title='bbox 204 2054 322 2113; x_wconf 88' lang='lat' dir='ltr'><em>metuis</em></span> <span class='ocrx_word' id='word_1_251' title='bbox 336 2070 374 2111; x_wconf 89' lang='lat' dir='ltr'><em>ne</em></span> <span class='ocrx_word' id='word_1_252' title='bbox 390 2052 543 2153; x_wconf 80' lang='lat' dir='ltr'><em>augustior</em></span> <span class='ocrx_word' id='word_1_253' title='bbox 557 2052 664 2111; x_wconf 90' lang='lat' dir='ltr'><em>domus</em></span> <span class='ocrx_word' id='word_1_254' title='bbox 690 2058 719 2110; x_wconf 91' lang='lat' dir='ltr'><em>et</em></span> <span class='ocrx_word' id='word_1_255' title='bbox 732 2055 830 2112; x_wconf 88' lang='lat' dir='ltr'><em>brevis</em></span> <span class='ocrx_word' id='word_1_256' title='bbox 858 2057 981 2113; x_wconf 85' lang='lat' dir='ltr'><em>convivii</em></span> <span class='ocrx_word' id='word_1_257' title='bbox 1040 2080 1172 2165; x_wconf 47' lang='lat' dir='ltr'><em>pingam</em></span> <span class='ocrx_word' id='word_1_258' title='bbox 1182 2084 1273 2141; x_wconf 51' lang='lat' dir='ltr'><em>,puppo</em></span> <span class='ocrx_word' id='word_1_259' title='bbox 1288 2095 1313 2143; x_wconf 54' lang='grc' dir='ltr'><em>α</em></span> <span class='ocrx_word' id='word_1_260' title='bbox 1329 2088 1425 2145; x_wconf 58' lang='lat' dir='ltr'><strong><em>labore</em></strong></span> <span class='ocrx_word' id='word_1_261' title='bbox 1439 2100 1608 2164; x_wconf 84' lang='lat' dir='ltr'><em>comparari.</em></span> <span class='ocrx_word' id='word_1_262' title='bbox 1625 2100 1678 2157; x_wconf 60' lang='lat' dir='ltr'><em>Hoc</em></span> <span class='ocrx_word' id='word_1_263' title='bbox 1694 2101 1808 2173; x_wconf 48' lang='lat' dir='ltr'><em>mogi,</em></span> <span class='ocrx_word' id='word_1_264' title='bbox 1832 2108 1881 2179; x_wconf 60' lang='lat' dir='ltr'><em>qm.</em></span> 
     </span>
     <span class='ocr_line' id='line_1_21' title="bbox 139 2141 1879 2243; baseline 0.019 -39"><span class='ocrx_word' id='word_1_265' title='bbox 139 2147 228 2205; x_wconf 79' lang='lat' dir='ltr'><em>neus</em></span> <span class='ocrx_word' id='word_1_266' title='bbox 243 2150 274 2203; x_wconf 88' lang='lat' dir='ltr'><em>te</em></span> <span class='ocrx_word' id='word_1_267' title='bbox 304 2143 543 2216; x_wconf 73' lang='lat' dir='ltr'><em>compunctio</em></span> <span class='ocrx_word' id='word_1_268' title='bbox 568 2141 667 2211; x_wconf 85' lang='lat' dir='ltr'><em>Israel,</em></span> <span class='ocrx_word' id='word_1_269' title='bbox 691 2160 780 2216; x_wconf 91' lang='lat' dir='ltr'><em>quam</em></span> <span class='ocrx_word' id='word_1_270' title='bbox 802 2161 909 2217; x_wconf 85' lang='lat' dir='ltr'><em>magun</em></span> <span class='ocrx_word' id='word_1_271' title='bbox 938 2151 983 2203; x_wconf 89' lang='lat' dir='ltr'><em>est</em></span> <span class='ocrx_word' id='word_1_272' title='bbox 1068 2161 1224 2223; x_wconf 74' lang='lat' dir='ltr'><em>prioratum</em></span> <span class='ocrx_word' id='word_1_273' title='bbox 1239 2158 1269 2211; x_wconf 85' lang='lat' dir='ltr'><em>in</em></span> <span class='ocrx_word' id='word_1_274' title='bbox 1280 2159 1398 2228; x_wconf 74' lang='lat' dir='ltr'><em>fratrem</em></span> <span class='ocrx_word' id='word_1_275' title='bbox 1409 2160 1525 2235; x_wconf 82' lang='lat' dir='ltr'><em>adeptus</em></span> <span class='ocrx_word' id='word_1_276' title='bbox 1548 2177 1601 2235; x_wconf 82' lang='lat' dir='ltr'><em>est,</em></span> <span class='ocrx_word' id='word_1_277' title='bbox 1622 2172 1761 2243; x_wconf 83' lang='lat' dir='ltr'><em>probatur</em></span> <span class='ocrx_word' id='word_1_278' title='bbox 1786 2192 1879 2237; x_wconf 82' lang='lat' dir='ltr'><em>caem-</em></span> 
     </span>
    </p>
   </div>
   <div class='ocr_carea' id='block_1_4' title="bbox 117 2224 1880 5513">
    <p class='ocr_par' dir='ltr' id='par_1_5' title="bbox 117 2224 1880 5513">
     <span class='ocr_line' id='line_1_22' title="bbox 140 2224 1880 2315; baseline 0.01 -22"><span class='ocrx_word' id='word_1_279' title='bbox 140 2237 255 2293; x_wconf 86' lang='lat' dir='ltr'><em>domus</em></span> <span class='ocrx_word' id='word_1_280' title='bbox 269 2230 441 2297; x_wconf 87' lang='lat' dir='ltr'><em>domini,&#39;et</em></span> <span class='ocrx_word' id='word_1_281' title='bbox 455 2231 558 2305; x_wconf 88' lang='lat' dir='ltr'><em>ingens</em></span> <span class='ocrx_word' id='word_1_282' title='bbox 573 2229 656 2287; x_wconf 87' lang='lat' dir='ltr'><em>locus</em></span> <span class='ocrx_word' id='word_1_283' title='bbox 670 2232 868 2305; x_wconf 85' lang='lat' dir='ltr'><em>possessionis</em></span> <span class='ocrx_word' id='word_1_284' title='bbox 895 2234 979 2305; x_wconf 88' lang='lat' dir='ltr'><em>ejust</em></span> <span class='ocrx_word' id='word_1_285' title='bbox 1071 2224 1308 2311; x_wconf 51' lang='lat' dir='ltr'><em>ploittmtiiiffl</em></span> <span class='ocrx_word' id='word_1_286' title='bbox 1336 2230 1369 2285; x_wconf 65' lang='lat' dir='ltr'><em>ii</em></span> <span class='ocrx_word' id='word_1_287' title='bbox 1395 2232 1546 2306; x_wconf 50' lang='lat' dir='ltr'><strong><em>Abraham,</em></strong></span> <span class='ocrx_word' id='word_1_288' title='bbox 1583 2238 1679 2315; x_wconf 61' lang='lat' dir='ltr'><em>mitit,</em></span> <span class='ocrx_word' id='word_1_289' title='bbox 1711 2263 1748 2303; x_wconf 84' lang='lat' dir='ltr'><em>aa</em></span> <span class='ocrx_word' id='word_1_290' title='bbox 1782 2250 1880 2311; x_wconf 81' lang='lat' dir='ltr'><em>iisdem</em></span> 
     </span>
     <span class='ocr_line' id='line_1_23' title="bbox 143 2292 1529 2399; baseline 0.006 -22"><span class='ocrx_word' id='word_1_291' title='bbox 143 2325 286 2399; x_wconf 80' lang='lat' dir='ltr'><em>Magnus,</em></span> <span class='ocrx_word' id='word_1_292' title='bbox 307 2323 338 2377; x_wconf 89' lang='lat' dir='ltr'><em>et</em></span> <span class='ocrx_word' id='word_1_293' title='bbox 352 2337 412 2376; x_wconf 92' lang='lat' dir='ltr'><em>non</em></span> <span class='ocrx_word' id='word_1_294' title='bbox 428 2318 517 2377; x_wconf 89' lang='lat' dir='ltr'><em>habet</em></span> <span class='ocrx_word' id='word_1_295' title='bbox 532 2318 632 2387; x_wconf 83' lang='lat' dir='ltr'><em>finem,</em></span> <span class='ocrx_word' id='word_1_296' title='bbox 655 2317 731 2375; x_wconf 88' lang='lat' dir='ltr'><em>altus</em></span> <span class='ocrx_word' id='word_1_297' title='bbox 759 2323 788 2377; x_wconf 89' lang='lat' dir='ltr'><em>et</em></span> <span class='ocrx_word' id='word_1_298' title='bbox 816 2320 981 2379; x_wconf 91' lang='lat' dir='ltr'><em>immensus</em></span> <span class='ocrx_word' id='word_1_299' title='bbox 1072 2292 1177 2351; x_wconf 55' lang='lat' dir='ltr'><em>dum</em></span> <span class='ocrx_word' id='word_1_300' title='bbox 1190 2298 1327 2368; x_wconf 49' lang='lat' dir='ltr'><em>flamm</em></span> <span class='ocrx_word' id='word_1_301' title='bbox 1339 2310 1529 2374; x_wconf 57' lang='lat' dir='ltr'><em>mmmmm·</em></span> 
     </span>
     <span class='ocr_line' id='line_1_24' title="bbox 143 2408 1877 2503; baseline 0.023 -42"><span class='ocrx_word' id='word_1_302' title='bbox 143 2416 282 2488; x_wconf 66' lang='lat' dir='ltr'><em>(namen.</em></span> <span class='ocrx_word' id='word_1_303' title='bbox 297 2428 343 2479; x_wconf 85' lang='lat'><em>111,</em></span> <span class='ocrx_word' id='word_1_304' title='bbox 353 2412 400 2477; x_wconf 71' lang='lat'><em>24,</em></span> <span class='ocrx_word' id='word_1_305' title='bbox 413 2408 470 2483; x_wconf 85' lang='lat'><em>25).</em></span> <span class='ocrx_word' id='word_1_306' title='bbox 488 2408 530 2465; x_wconf 91' lang='lat' dir='ltr'><em>lbi</em></span> <span class='ocrx_word' id='word_1_307' title='bbox 546 2408 666 2465; x_wconf 87' lang='lat' dir='ltr'><em>luerunt</em></span> <span class='ocrx_word' id='word_1_308' title='bbox 692 2408 828 2483; x_wconf 87' lang='lat' dir='ltr'><em>gigantes</em></span> <span class='ocrx_word' id='word_1_309' title='bbox 855 2408 909 2479; x_wconf 92' lang='lat' dir='ltr'><em>illi,</em></span> <span class='ocrx_word' id='word_1_310' title='bbox 930 2411 980 2483; x_wconf 88' lang='lat' dir='ltr'><em>qui</em></span> <span class='ocrx_word' id='word_1_311' title='bbox 1073 2408 1118 2464; x_wconf 83' lang='lat'><em>22.</em></span> <span class='ocrx_word' id='word_1_312' title='bbox 1135 2410 1252 2467; x_wconf 76' lang='lat' dir='ltr'><em>Audisti</em></span> <span class='ocrx_word' id='word_1_313' title='bbox 1281 2414 1443 2490; x_wconf 86' lang='lat' dir='ltr'><em>voluptatis</em></span> <span class='ocrx_word' id='word_1_314' title='bbox 1468 2426 1620 2499; x_wconf 79' lang='lat' dir='ltr'><em>mysteria,</em></span> <span class='ocrx_word' id='word_1_315' title='bbox 1650 2432 1763 2493; x_wconf 86' lang='lat' dir='ltr'><em>audisti</em></span> <span class='ocrx_word' id='word_1_316' title='bbox 1789 2440 1877 2503; x_wconf 84' lang='lat' dir='ltr'><em>etiam</em></span> 
     </span>
     <span class='ocr_line' id='line_1_25' title="bbox 141 2496 1877 2607; baseline 0.017 -46"><span class='ocrx_word' id='word_1_317' title='bbox 141 2505 179 2562; x_wconf 90' lang='lat' dir='ltr'><em>ab</em></span> <span class='ocrx_word' id='word_1_318' title='bbox 195 2502 286 2560; x_wconf 88' lang='lat' dir='ltr'><em>initio</em></span> <span class='ocrx_word' id='word_1_319' title='bbox 300 2501 423 2558; x_wconf 86' lang='lat' dir='ltr'><em>luerunt</em></span> <span class='ocrx_word' id='word_1_320' title='bbox 436 2501 551 2555; x_wconf 87' lang='lat' dir='ltr'><em>statura</em></span> <span class='ocrx_word' id='word_1_321' title='bbox 564 2514 674 2573; x_wconf 89' lang='lat' dir='ltr'><em>magua</em></span> <span class='ocrx_word' id='word_1_322' title='bbox 694 2498 819 2556; x_wconf 87' lang='lat' dir='ltr'><em>scientes</em></span> <span class='ocrx_word' id='word_1_323' title='bbox 847 2498 980 2571; x_wconf 87' lang='lat' dir='ltr'><em>pralium</em></span> <span class='ocrx_word' id='word_1_324' title='bbox 1035 2496 1186 2568; x_wconf 74' lang='lat' dir='ltr'><em>copiarum</em></span> <span class='ocrx_word' id='word_1_325' title='bbox 1203 2504 1369 2561; x_wconf 79' lang='lat' dir='ltr'><em>nostrarum</em></span> <span class='ocrx_word' id='word_1_326' title='bbox 1386 2524 1521 2583; x_wconf 87' lang='lat' dir='ltr'><em>munera,</em></span> <span class='ocrx_word' id='word_1_327' title='bbox 1539 2532 1761 2591; x_wconf 87' lang='lat' dir='ltr'><em>quuaegouou</em></span> <span class='ocrx_word' id='word_1_328' title='bbox 1779 2534 1877 2607; x_wconf 90' lang='lat' dir='ltr'><em>supel-</em></span> 
     </span>
     <span class='ocr_line' id='line_1_26' title="bbox 140 2582 1875 2680; baseline 0.01 -29"><span class='ocrx_word' id='word_1_329' title='bbox 140 2595 205 2651; x_wconf 87' lang='lat' dir='ltr'><em>Nou</em></span> <span class='ocrx_word' id='word_1_330' title='bbox 222 2586 555 2661; x_wconf 86' lang='lat' dir='ltr'><em>bosalegitDominus,</em></span> <span class='ocrx_word' id='word_1_331' title='bbox 572 2585 981 2661; x_wconf 85' lang='lat' dir='ltr'><em>etmeritononelegit,quia</em></span> <span class='ocrx_word' id='word_1_332' title='bbox 1034 2582 1331 2664; x_wconf 78' lang='lat' dir='ltr'><em>lectilicpcriaudas‚¹</em></span> <span class='ocrx_word' id='word_1_333' title='bbox 1349 2596 1400 2651; x_wconf 89' lang='lat' dir='ltr'><em>sed</em></span> <span class='ocrx_word' id='word_1_334' title='bbox 1431 2601 1587 2676; x_wconf 75' lang='lat' dir='ltr'><em>scripturas</em></span> <span class='ocrx_word' id='word_1_335' title='bbox 1616 2610 1704 2668; x_wconf 89' lang='lat' dir='ltr'><em>nudis</em></span> <span class='ocrx_word' id='word_1_336' title='bbox 1727 2624 1875 2680; x_wconf 89' lang='lat' dir='ltr'><em>sermoni.</em></span> 
     </span>
     <span class='ocr_line' id='line_1_27' title="bbox 139 2671 1873 2788; baseline 0.016 -50"><span class='ocrx_word' id='word_1_337' title='bbox 139 2681 294 2757; x_wconf 77' lang='lat' dir='ltr'><em>prelium,</em></span> <span class='ocrx_word' id='word_1_338' title='bbox 311 2694 373 2735; x_wconf 89' lang='lat' dir='ltr'><em>non</em></span> <span class='ocrx_word' id='word_1_339' title='bbox 388 2692 488 2750; x_wconf 90' lang='lat' dir='ltr'><em>pacem</em></span> <span class='ocrx_word' id='word_1_340' title='bbox 505 2674 646 2732; x_wconf 87' lang='lat' dir='ltr'><em>sciebant.</em></span> <span class='ocrx_word' id='word_1_341' title='bbox 663 2674 698 2731; x_wconf 81' lang='lat' dir='ltr'><em>ut</em></span> <span class='ocrx_word' id='word_1_342' title='bbox 723 2675 789 2731; x_wconf 87' lang='lat' dir='ltr'><em>ideo</em></span> <span class='ocrx_word' id='word_1_343' title='bbox 815 2680 847 2731; x_wconf 91' lang='lat' dir='ltr'><em>tu</em></span> <span class='ocrx_word' id='word_1_344' title='bbox 877 2692 979 2748; x_wconf 86' lang='lat' dir='ltr'><em>pacem</em></span> <span class='ocrx_word' id='word_1_345' title='bbox 1033 2671 1091 2730; x_wconf 84' lang='lat' dir='ltr'><em>bus</em></span> <span class='ocrx_word' id='word_1_346' title='bbox 1106 2676 1364 2753; x_wconf 82' lang='lat' dir='ltr'><em>demonstrandas,</em></span> <span class='ocrx_word' id='word_1_347' title='bbox 1380 2690 1497 2761; x_wconf 86' lang='lat' dir='ltr'><em>putavi;</em></span> <span class='ocrx_word' id='word_1_348' title='bbox 1511 2697 1544 2749; x_wconf 90' lang='lat' dir='ltr'><em>ut</em></span> <span class='ocrx_word' id='word_1_349' title='bbox 1559 2695 1765 2769; x_wconf 87' lang='lat' dir='ltr'><em>suaipsaluce</em></span> <span class='ocrx_word' id='word_1_350' title='bbox 1782 2711 1873 2788; x_wconf 66' lang='lat' dir='ltr'><em>fulge</em></span> 
     </span>
     <span class='ocr_line' id='line_1_28' title="bbox 140 2764 1869 2863; baseline 0.021 -38"><span class='ocrx_word' id='word_1_351' title='bbox 140 2774 236 2843; x_wconf 82' lang='lat' dir='ltr'><em>disce,</em></span> <span class='ocrx_word' id='word_1_352' title='bbox 252 2776 289 2826; x_wconf 88' lang='lat' dir='ltr'><em>ut</em></span> <span class='ocrx_word' id='word_1_353' title='bbox 303 2766 422 2842; x_wconf 83' lang='lat' dir='ltr'><em>eligaris</em></span> <span class='ocrx_word' id='word_1_354' title='bbox 437 2783 455 2822; x_wconf 89' lang='lat' dir='ltr'><em>a</em></span> <span class='ocrx_word' id='word_1_355' title='bbox 469 2765 537 2821; x_wconf 87' lang='lat' dir='ltr'><em>Deo.</em></span> <span class='ocrx_word' id='word_1_356' title='bbox 553 2764 609 2821; x_wconf 87' lang='lat' dir='ltr'><em>Sed</em></span> <span class='ocrx_word' id='word_1_357' title='bbox 639 2781 675 2821; x_wconf 91' lang='lat' dir='ltr'><em>ne</em></span> <span class='ocrx_word' id='word_1_358' title='bbox 703 2764 777 2821; x_wconf 84' lang='lat' dir='ltr'><em>torte</em></span> <span class='ocrx_word' id='word_1_359' title='bbox 796 2765 978 2838; x_wconf 90' lang='lat' dir='ltr'><em>incomptam</em></span> <span class='ocrx_word' id='word_1_360' title='bbox 1034 2768 1111 2833; x_wconf 86' lang='lat' dir='ltr'><em>rent,</em></span> <span class='ocrx_word' id='word_1_361' title='bbox 1123 2771 1152 2822; x_wconf 91' lang='lat' dir='ltr'><em>et</em></span> <span class='ocrx_word' id='word_1_362' title='bbox 1168 2784 1203 2824; x_wconf 80' lang='lat' dir='ltr'><em>ex</em></span> <span class='ocrx_word' id='word_1_363' title='bbox 1219 2784 1250 2824; x_wconf 90' lang='lat' dir='ltr'><em>se</em></span> <span class='ocrx_word' id='word_1_364' title='bbox 1264 2768 1335 2842; x_wconf 83' lang='lat' dir='ltr'><em>ipsa</em></span> <span class='ocrx_word' id='word_1_365' title='bbox 1350 2790 1452 2835; x_wconf 87' lang='lat' dir='ltr'><em>vocem</em></span> <span class='ocrx_word' id='word_1_366' title='bbox 1470 2782 1637 2841; x_wconf 87' lang='lat' dir='ltr'><em>emitterent</em></span> <span class='ocrx_word' id='word_1_367' title='bbox 1657 2790 1705 2846; x_wconf 85' lang='lat' dir='ltr'><em>sui</em></span> <span class='ocrx_word' id='word_1_368' title='bbox 1733 2794 1869 2863; x_wconf 86' lang='lat' dir='ltr'><em>invicem.</em></span> 
     </span>
     <span class='ocr_line' id='line_1_29' title="bbox 143 2850 1869 2955; baseline 0.009 -33"><span class='ocrx_word' id='word_1_369' title='bbox 143 2864 255 2921; x_wconf 84' lang='lat' dir='ltr'><em>domus</em></span> <span class='ocrx_word' id='word_1_370' title='bbox 271 2854 511 2933; x_wconf 88' lang='lat' dir='ltr'><em>magnitudinem</em></span> <span class='ocrx_word' id='word_1_371' title='bbox 527 2858 623 2926; x_wconf 91' lang='lat' dir='ltr'><em>putes,</em></span> <span class='ocrx_word' id='word_1_372' title='bbox 637 2857 666 2909; x_wconf 92' lang='lat' dir='ltr'><em>et</em></span> <span class='ocrx_word' id='word_1_373' title='bbox 684 2852 844 2922; x_wconf 81' lang='lat' dir='ltr'><em>diversoria</em></span> <span class='ocrx_word' id='word_1_374' title='bbox 871 2858 899 2909; x_wconf 92' lang='lat' dir='ltr'><em>te</em></span> <span class='ocrx_word' id='word_1_375' title='bbox 928 2872 978 2913; x_wconf 88' lang='lat' dir='ltr'><em>co·</em></span> <span class='ocrx_word' id='word_1_376' title='bbox 1033 2850 1134 2925; x_wconf 85' lang='lat' dir='ltr'><em>Neque</em></span> <span class='ocrx_word' id='word_1_377' title='bbox 1149 2856 1229 2913; x_wconf 90' lang='lat' dir='ltr'><em>enim</em></span> <span class='ocrx_word' id='word_1_378' title='bbox 1246 2857 1289 2913; x_wconf 87' lang='lat' dir='ltr'><em>sol</em></span> <span class='ocrx_word' id='word_1_379' title='bbox 1306 2865 1333 2916; x_wconf 90' lang='lat' dir='ltr'><em>et</em></span> <span class='ocrx_word' id='word_1_380' title='bbox 1348 2861 1424 2922; x_wconf 92' lang='lat' dir='ltr'><em>luna</em></span> <span class='ocrx_word' id='word_1_381' title='bbox 1447 2868 1605 2947; x_wconf 84' lang='lat' dir='ltr'><em>interprete</em></span> <span class='ocrx_word' id='word_1_382' title='bbox 1634 2876 1783 2955; x_wconf 81' lang='lat' dir='ltr'><em>indigent.</em></span> <span class='ocrx_word' id='word_1_383' title='bbox 1813 2894 1869 2952; x_wconf 66' lang='lat' dir='ltr'><em>Ha.</em></span> 
     </span>
     <span class='ocr_line' id='line_1_30' title="bbox 140 2940 1869 3045; baseline 0.007 -32"><span class='ocrx_word' id='word_1_384' title='bbox 140 2954 283 3013; x_wconf 82' lang='lat' dir='ltr'><em>lumnntu</em></span> <span class='ocrx_word' id='word_1_385' title='bbox 303 2947 466 3006; x_wconf 88' lang='lat' dir='ltr'><em>delectent:</em></span> <span class='ocrx_word' id='word_1_386' title='bbox 496 2942 644 3016; x_wconf 87' lang='lat' dir='ltr'><em>sapientia</em></span> <span class='ocrx_word' id='word_1_387' title='bbox 669 2942 822 2999; x_wconf 79' lang='lat' dir='ltr'><em>edificavit</em></span> <span class='ocrx_word' id='word_1_388' title='bbox 845 2942 901 2999; x_wconf 88' lang='lat' dir='ltr'><em>sibi</em></span> <span class='ocrx_word' id='word_1_389' title='bbox 926 2944 977 3001; x_wconf 90' lang='lat' dir='ltr'><em>do·</em></span> <span class='ocrx_word' id='word_1_390' title='bbox 1031 2940 1104 2998; x_wconf 88' lang='lat' dir='ltr'><em>beat</em></span> <span class='ocrx_word' id='word_1_391' title='bbox 1118 2944 1307 3019; x_wconf 84' lang='lat' dir='ltr'><em>interpretem</em></span> <span class='ocrx_word' id='word_1_392' title='bbox 1325 2949 1470 3025; x_wconf 85' lang='lat' dir='ltr'><em>fulgorem</em></span> <span class='ocrx_word' id='word_1_393' title='bbox 1487 2960 1533 3019; x_wconf 91' lang='lat' dir='ltr'><em>sui</em></span> <span class='ocrx_word' id='word_1_394' title='bbox 1549 2961 1682 3039; x_wconf 89' lang='lat' dir='ltr'><em>luminis,</em></span> <span class='ocrx_word' id='word_1_395' title='bbox 1699 2987 1762 3045; x_wconf 79' lang='lat' dir='ltr'><em>quo</em></span> <span class='ocrx_word' id='word_1_396' title='bbox 1790 2984 1869 3044; x_wconf 61' lang='lat' dir='ltr'><em>totus</em></span> 
     </span>
     <span class='ocr_line' id='line_1_31' title="bbox 142 3030 1868 3135; baseline 0.016 -38"><span class='ocrx_word' id='word_1_397' title='bbox 142 3062 239 3113; x_wconf 87' lang='lat' dir='ltr'><em>mum,</em></span> <span class='ocrx_word' id='word_1_398' title='bbox 256 3044 288 3098; x_wconf 93' lang='lat' dir='ltr'><em>et</em></span> <span class='ocrx_word' id='word_1_399' title='bbox 303 3035 388 3095; x_wconf 87' lang='lat' dir='ltr'><em>iulsit</em></span> <span class='ocrx_word' id='word_1_400' title='bbox 402 3034 457 3108; x_wconf 83' lang='lat'>(21)</span> <span class='ocrx_word' id='word_1_401' title='bbox 470 3032 624 3089; x_wconf 88' lang='lat' dir='ltr'><em>columnas</em></span> <span class='ocrx_word' id='word_1_402' title='bbox 650 3036 772 3103; x_wconf 86' lang='lat' dir='ltr'><em>septem.</em></span> <span class='ocrx_word' id='word_1_403' title='bbox 795 3033 860 3105; x_wconf 92' lang='lat' dir='ltr'><em>lpse</em></span> <span class='ocrx_word' id='word_1_404' title='bbox 888 3032 976 3090; x_wconf 87' lang='lat' dir='ltr'><em>ctiam</em></span> <span class='ocrx_word' id='word_1_405' title='bbox 1032 3030 1163 3104; x_wconf 86' lang='lat' dir='ltr'><em>repletus</em></span> <span class='ocrx_word' id='word_1_406' title='bbox 1179 3034 1259 3091; x_wconf 89' lang='lat' dir='ltr'><em>orbis</em></span> <span class='ocrx_word' id='word_1_407' title='bbox 1275 3041 1328 3093; x_wconf 92' lang='lat' dir='ltr'><em>cst.</em></span> <span class='ocrx_word' id='word_1_408' title='bbox 1347 3038 1408 3099; x_wconf 88' lang='lat' dir='ltr'><em>Illis</em></span> <span class='ocrx_word' id='word_1_409' title='bbox 1427 3046 1604 3109; x_wconf 84' lang='lat' dir='ltr'><em>illuminatio</em></span> <span class='ocrx_word' id='word_1_410' title='bbox 1633 3061 1678 3112; x_wconf 85' lang='lat' dir='ltr'><em>est</em></span> <span class='ocrx_word' id='word_1_411' title='bbox 1705 3061 1783 3125; x_wconf 83' lang='lat' dir='ltr'><em>fidas</em></span> <span class='ocrx_word' id='word_1_412' title='bbox 1805 3072 1868 3135; x_wconf 67' lang='lat' dir='ltr'><em>sina</em></span> 
     </span>
     <span class='ocr_line' id='line_1_32' title="bbox 141 3116 1866 3234; baseline 0.015 -45"><span class='ocrx_word' id='word_1_413' title='bbox 141 3132 293 3193; x_wconf 89' lang='lat' dir='ltr'><em>Dominus</em></span> <span class='ocrx_word' id='word_1_414' title='bbox 308 3126 398 3184; x_wconf 79' lang='lat' dir='ltr'><em>lesus</em></span> <span class='ocrx_word' id='word_1_415' title='bbox 419 3120 529 3179; x_wconf 89' lang='lat' dir='ltr'><em>multas</em></span> <span class='ocrx_word' id='word_1_416' title='bbox 561 3118 730 3177; x_wconf 88' lang='lat' dir='ltr'><em>mansiones</em></span> <span class='ocrx_word' id='word_1_417' title='bbox 753 3121 832 3193; x_wconf 90' lang='lat' dir='ltr'><em>apud</em></span> <span class='ocrx_word' id='word_1_418' title='bbox 860 3120 975 3179; x_wconf 87' lang='lat' dir='ltr'><em>Patrem</em></span> <span class='ocrx_word' id='word_1_419' title='bbox 1031 3116 1138 3192; x_wconf 81' lang='lat' dir='ltr'><em>indice,</em></span> <span class='ocrx_word' id='word_1_420' title='bbox 1156 3126 1303 3195; x_wconf 67' lang='lat' dir='ltr'><em>quedam,</em></span> <span class='ocrx_word' id='word_1_421' title='bbox 1319 3132 1351 3183; x_wconf 81' lang='lat' dir='ltr'><em>ut</em></span> <span class='ocrx_word' id='word_1_422' title='bbox 1365 3128 1406 3188; x_wconf 82' lang='lat' dir='ltr'><em>ita</em></span> <span class='ocrx_word' id='word_1_423' title='bbox 1422 3134 1529 3209; x_wconf 90' lang='lat' dir='ltr'><em>dicam,</em></span> <span class='ocrx_word' id='word_1_424' title='bbox 1549 3140 1686 3202; x_wconf 86' lang='lat' dir='ltr'><em>intestata</em></span> <span class='ocrx_word' id='word_1_425' title='bbox 1699 3152 1788 3213; x_wconf 85' lang='lat' dir='ltr'><em>testis</em></span> <span class='ocrx_word' id='word_1_426' title='bbox 1803 3176 1866 3234; x_wconf 74' lang='lat' dir='ltr'><em>qua</em></span> 
     </span>
     <span class='ocr_line' id='line_1_33' title="bbox 143 3184 1865 3307; baseline 0.012 -34"><span class='ocrx_word' id='word_1_427' title='bbox 143 3240 233 3280; x_wconf 76' lang='lat' dir='ltr'><em>suum</em></span> <span class='ocrx_word' id='word_1_428' title='bbox 266 3233 335 3275; x_wconf 87' lang='lat' dir='ltr'><em>csse</em></span> <span class='ocrx_word' id='word_1_429' title='bbox 364 3211 575 3270; x_wconf 89' lang='lat' dir='ltr'><em>commemorat</em></span> <span class='ocrx_word' id='word_1_430' title='bbox 602 3210 691 3278; x_wconf 82' lang='lat' dir='ltr'><em>(toan.</em></span> <span class='ocrx_word' id='word_1_431' title='bbox 716 3227 774 3265; x_wconf 78' lang='lat' dir='ltr'><em>xiv.</em></span> <span class='ocrx_word' id='word_1_432' title='bbox 797 3206 836 3282; x_wconf 66' lang='grc' dir='ltr'><em>ἓ).</em></span> <span class='ocrx_word' id='word_1_433' title='bbox 861 3210 893 3266; x_wconf 90' lang='lat' dir='ltr'><em>ln</em></span> <span class='ocrx_word' id='word_1_434' title='bbox 922 3184 1013 3269; x_wconf 79' lang='lat' dir='ltr'><em>bacC</em></span> <span class='ocrx_word' id='word_1_435' title='bbox 1032 3207 1128 3267; x_wconf 88' lang='lat' dir='ltr'><em>alieno</em></span> <span class='ocrx_word' id='word_1_436' title='bbox 1144 3229 1202 3268; x_wconf 89' lang='lat' dir='ltr'><em>noo</em></span> <span class='ocrx_word' id='word_1_437' title='bbox 1217 3212 1329 3287; x_wconf 89' lang='lat' dir='ltr'><em>indiget</em></span> <span class='ocrx_word' id='word_1_438' title='bbox 1343 3222 1524 3297; x_wconf 88' lang='lat' dir='ltr'><em>testimonio,</em></span> <span class='ocrx_word' id='word_1_439' title='bbox 1541 3235 1574 3287; x_wconf 91' lang='lat' dir='ltr'><em>ut</em></span> <span class='ocrx_word' id='word_1_440' title='bbox 1587 3232 1684 3291; x_wconf 90' lang='lat' dir='ltr'><em>subito</em></span> <span class='ocrx_word' id='word_1_441' title='bbox 1699 3255 1732 3295; x_wconf 90' lang='lat' dir='ltr'><em>se</em></span> <span class='ocrx_word' id='word_1_442' title='bbox 1749 3248 1865 3307; x_wconf 80' lang='lat' dir='ltr'><em>univer.</em></span> 
     </span>
     <span class='ocr_line' id='line_1_34' title="bbox 142 3298 1863 3411; baseline 0.015 -44"><span class='ocrx_word' id='word_1_443' title='bbox 142 3330 214 3387; x_wconf 87' lang='lat' dir='ltr'><em>ergo</em></span> <span class='ocrx_word' id='word_1_444' title='bbox 229 3311 323 3366; x_wconf 89' lang='lat' dir='ltr'><em>domo</em></span> <span class='ocrx_word' id='word_1_445' title='bbox 338 3300 504 3377; x_wconf 85' lang='lat' dir='ltr'><em>epulaberis</em></span> <span class='ocrx_word' id='word_1_446' title='bbox 514 3298 619 3355; x_wconf 76' lang='lat' dir='ltr'><em>anime</em></span> <span class='ocrx_word' id='word_1_447' title='bbox 630 3298 721 3365; x_wconf 85' lang='lat' dir='ltr'><em>cibos,</em></span> <span class='ocrx_word' id='word_1_448' title='bbox 733 3302 879 3373; x_wconf 87' lang='lat' dir='ltr'><em>potusque</em></span> <span class='ocrx_word' id='word_1_449' title='bbox 898 3316 977 3357; x_wconf 88' lang='lat' dir='ltr'><em>men·</em></span> <span class='ocrx_word' id='word_1_450' title='bbox 1032 3315 1135 3356; x_wconf 83' lang='lat' dir='ltr'><em>sorum</em></span> <span class='ocrx_word' id='word_1_451' title='bbox 1151 3300 1243 3357; x_wconf 89' lang='lat' dir='ltr'><em>oculis</em></span> <span class='ocrx_word' id='word_1_452' title='bbox 1259 3304 1392 3365; x_wconf 83' lang='lat' dir='ltr'><em>effundit.</em></span> <span class='ocrx_word' id='word_1_453' title='bbox 1411 3312 1473 3373; x_wconf 90' lang='lat' dir='ltr'><em>Non</em></span> <span class='ocrx_word' id='word_1_454' title='bbox 1485 3336 1553 3393; x_wconf 88' lang='lat' dir='ltr'><em>ergo</em></span> <span class='ocrx_word' id='word_1_455' title='bbox 1569 3322 1746 3386; x_wconf 86' lang='lat' dir='ltr'><em>nuntiantur</em></span> <span class='ocrx_word' id='word_1_456' title='bbox 1775 3353 1863 3411; x_wconf 86' lang='lat' dir='ltr'><em>opera</em></span> 
     </span>
     <span class='ocr_line' id='line_1_35' title="bbox 139 3387 1863 3487; baseline 0.016 -33"><span class='ocrx_word' id='word_1_457' title='bbox 139 3388 695 3471; x_wconf 84' lang='lat' dir='ltr'><em>tis;utpoateanonesurias,neque</em></span> <span class='ocrx_word' id='word_1_458' title='bbox 722 3387 806 3444; x_wconf 84' lang='lat' dir='ltr'><em>sitias</em></span> <span class='ocrx_word' id='word_1_459' title='bbox 832 3405 974 3461; x_wconf 89' lang='lat' dir='ltr'><em>unquam.</em></span> <span class='ocrx_word' id='word_1_460' title='bbox 1031 3392 1142 3457; x_wconf 87' lang='lat' dir='ltr'><em>nostra,</em></span> <span class='ocrx_word' id='word_1_461' title='bbox 1159 3390 1210 3445; x_wconf 86' lang='lat' dir='ltr'><em>sed</em></span> <span class='ocrx_word' id='word_1_462' title='bbox 1226 3390 1364 3463; x_wconf 84' lang='lat' dir='ltr'><em>clamant,</em></span> <span class='ocrx_word' id='word_1_463' title='bbox 1381 3404 1456 3461; x_wconf 88' lang='lat' dir='ltr'><em>etse</em></span> <span class='ocrx_word' id='word_1_464' title='bbox 1471 3406 1697 3479; x_wconf 85' lang='lat' dir='ltr'><em>ipsanuntiunt.</em></span> <span class='ocrx_word' id='word_1_465' title='bbox 1723 3420 1800 3483; x_wconf 87' lang='lat' dir='ltr'><em>Sane</em></span> <span class='ocrx_word' id='word_1_466' title='bbox 1831 3433 1863 3487; x_wconf 80' lang='lat' dir='ltr'><em>ut</em></span> 
     </span>
     <span class='ocr_line' id='line_1_36' title="bbox 141 3477 1860 3579; baseline 0.01 -31"><span class='ocrx_word' id='word_1_467' title='bbox 141 3488 297 3560; x_wconf 84' lang='lat' dir='ltr'><em>Quieuim</em></span> <span class='ocrx_word' id='word_1_468' title='bbox 312 3478 765 3550; x_wconf 87' lang='lat' dir='ltr'><em>manducat,mauducotusque</em></span> <span class='ocrx_word' id='word_1_469' title='bbox 789 3478 826 3532; x_wconf 91' lang='lat' dir='ltr'><em>ad</em></span> <span class='ocrx_word' id='word_1_470' title='bbox 855 3477 975 3536; x_wconf 83' lang='lat' dir='ltr'><em>satieta—</em></span> <span class='ocrx_word' id='word_1_471' title='bbox 1031 3478 1418 3549; x_wconf 88' lang='lat' dir='ltr'><em>etbocquodlaboriosum</em></span> <span class='ocrx_word' id='word_1_472' title='bbox 1451 3493 1479 3549; x_wconf 88' lang='lat' dir='ltr'><em>in</em></span> <span class='ocrx_word' id='word_1_473' title='bbox 1510 3499 1617 3557; x_wconf 88' lang='lat' dir='ltr'><em>nostris</em></span> <span class='ocrx_word' id='word_1_474' title='bbox 1647 3494 1775 3579; x_wconf 83' lang='lat' dir='ltr'><em>ducitur,</em></span> <span class='ocrx_word' id='word_1_475' title='bbox 1803 3534 1860 3575; x_wconf 88' lang='lat' dir='ltr'><em>nou</em></span> 
     </span>
     <span class='ocr_line' id='line_1_37' title="bbox 140 3564 1847 3662; baseline 0.01 -25"><span class='ocrx_word' id='word_1_476' title='bbox 140 3586 220 3641; x_wconf 89' lang='lat' dir='ltr'><em>tem:</em></span> <span class='ocrx_word' id='word_1_477' title='bbox 237 3582 267 3635; x_wconf 90' lang='lat' dir='ltr'><em>et</em></span> <span class='ocrx_word' id='word_1_478' title='bbox 280 3573 332 3648; x_wconf 92' lang='lat' dir='ltr'><em>qui</em></span> <span class='ocrx_word' id='word_1_479' title='bbox 348 3571 431 3638; x_wconf 90' lang='lat' dir='ltr'><em>bibit,</em></span> <span class='ocrx_word' id='word_1_480' title='bbox 448 3567 594 3641; x_wconf 88' lang='lat' dir='ltr'><em>usquead</em></span> <span class='ocrx_word' id='word_1_481' title='bbox 614 3564 784 3622; x_wconf 88' lang='lat' dir='ltr'><em>ebrietatem</em></span> <span class='ocrx_word' id='word_1_482' title='bbox 799 3564 884 3623; x_wconf 91' lang='lat' dir='ltr'><em>bibit.</em></span> <span class='ocrx_word' id='word_1_483' title='bbox 1030 3568 1211 3638; x_wconf 75' lang='lat' dir='ltr'><em>preteream,</em></span> <span class='ocrx_word' id='word_1_484' title='bbox 1240 3567 1313 3627; x_wconf 83' lang='lat' dir='ltr'><em>fides</em></span> <span class='ocrx_word' id='word_1_485' title='bbox 1337 3573 1471 3649; x_wconf 84' lang='lat' dir='ltr'><em>exigitur,</em></span> <span class='ocrx_word' id='word_1_486' title='bbox 1502 3586 1635 3645; x_wconf 85' lang='lat' dir='ltr'><em>studium</em></span> <span class='ocrx_word' id='word_1_487' title='bbox 1662 3590 1847 3662; x_wconf 67' lang='lat' dir='ltr'><em>desideratur</em></span> 
     </span>
     <span class='ocr_line' id='line_1_38' title="bbox 181 3648 1857 3751; baseline 0.011 -31"><span class='ocrx_word' id='word_1_488' title='bbox 181 3671 227 3727; x_wconf 85' lang='lat'><em>20.</em></span> <span class='ocrx_word' id='word_1_489' title='bbox 244 3665 304 3725; x_wconf 81' lang='lat' dir='ltr'><em>Sed</em></span> <span class='ocrx_word' id='word_1_490' title='bbox 324 3663 385 3719; x_wconf 85' lang='lat' dir='ltr'><em>bac</em></span> <span class='ocrx_word' id='word_1_491' title='bbox 399 3658 525 3716; x_wconf 89' lang='lat' dir='ltr'><em>ebrietas</em></span> <span class='ocrx_word' id='word_1_492' title='bbox 540 3649 687 3730; x_wconf 84' lang='lat' dir='ltr'><em>pudicitia</em></span> <span class='ocrx_word' id='word_1_493' title='bbox 702 3658 801 3711; x_wconf 89' lang='lat' dir='ltr'><em>custos</em></span> <span class='ocrx_word' id='word_1_494' title='bbox 830 3659 899 3713; x_wconf 88' lang='lat' dir='ltr'><em>est:</em></span> <span class='ocrx_word' id='word_1_495' title='bbox 925 3656 976 3713; x_wconf 91' lang='lat' dir='ltr'><em>illo</em></span> <span class='ocrx_word' id='word_1_496' title='bbox 1031 3653 1107 3710; x_wconf 84' lang='lat' dir='ltr'><em>iactu</em></span> <span class='ocrx_word' id='word_1_497' title='bbox 1121 3660 1303 3727; x_wconf 82' lang='lat' dir='ltr'><em>queruntur.</em></span> <span class='ocrx_word' id='word_1_498' title='bbox 1321 3658 1371 3716; x_wconf 89' lang='lat' dir='ltr'><em>His</em></span> <span class='ocrx_word' id='word_1_499' title='bbox 1384 3665 1464 3722; x_wconf 91' lang='lat' dir='ltr'><em>enim</em></span> <span class='ocrx_word' id='word_1_500' title='bbox 1480 3671 1574 3730; x_wconf 86' lang='lat' dir='ltr'><em>tribus</em></span> <span class='ocrx_word' id='word_1_501' title='bbox 1600 3676 1744 3741; x_wconf 85' lang='lat' dir='ltr'><em>Dominus</em></span> <span class='ocrx_word' id='word_1_502' title='bbox 1770 3648 1857 3751; x_wconf 45' lang='lat' dir='ltr'><em>iesus,</em></span> 
     </span>
     <span class='ocr_line' id='line_1_39' title="bbox 138 3742 1853 3850; baseline 0.011 -32"><span class='ocrx_word' id='word_1_503' title='bbox 138 3760 205 3818; x_wconf 77' lang='lat' dir='ltr'><em>vini</em></span> <span class='ocrx_word' id='word_1_504' title='bbox 221 3754 351 3815; x_wconf 87' lang='lat' dir='ltr'><em>ebrietas</em></span> <span class='ocrx_word' id='word_1_505' title='bbox 366 3751 459 3806; x_wconf 85' lang='lat' dir='ltr'><em>lomes</em></span> <span class='ocrx_word' id='word_1_506' title='bbox 473 3745 616 3813; x_wconf 89' lang='lat' dir='ltr'><em>libidinis,</em></span> <span class='ocrx_word' id='word_1_507' title='bbox 632 3759 689 3816; x_wconf 91' lang='lat' dir='ltr'><em>quo</em></span> <span class='ocrx_word' id='word_1_508' title='bbox 705 3760 757 3817; x_wconf 90' lang='lat' dir='ltr'><em>per</em></span> <span class='ocrx_word' id='word_1_509' title='bbox 770 3759 874 3802; x_wconf 89' lang='lat' dir='ltr'><em>carues</em></span> <span class='ocrx_word' id='word_1_510' title='bbox 888 3762 976 3820; x_wconf 86' lang='lat' dir='ltr'><em>vapc·</em></span> <span class='ocrx_word' id='word_1_511' title='bbox 1031 3742 1193 3801; x_wconf 89' lang='lat' dir='ltr'><em>devotionis</em></span> <span class='ocrx_word' id='word_1_512' title='bbox 1209 3742 1344 3803; x_wconf 83' lang='lat' dir='ltr'><em>bumana</em></span> <span class='ocrx_word' id='word_1_513' title='bbox 1361 3750 1459 3811; x_wconf 87' lang='lat' dir='ltr'><em>oiilcia</em></span> <span class='ocrx_word' id='word_1_514' title='bbox 1473 3758 1605 3819; x_wconf 85' lang='lat' dir='ltr'><em>definivit</em></span> <span class='ocrx_word' id='word_1_515' title='bbox 1620 3765 1739 3827; x_wconf 88' lang='lat' dir='ltr'><em>diceus:</em></span> <span class='ocrx_word' id='word_1_516' title='bbox 1756 3776 1853 3850; x_wconf 86' lang='lat' dir='ltr'><em>Petite,</em></span> 
     </span>
     <span class='ocr_line' id='line_1_40' title="bbox 140 3832 1854 3933; baseline 0.006 -24"><span class='ocrx_word' id='word_1_517' title='bbox 140 3853 253 3909; x_wconf 81' lang='lat' dir='ltr'><em>rantur</em></span> <span class='ocrx_word' id='word_1_518' title='bbox 277 3843 394 3899; x_wconf 85' lang='lat' dir='ltr'><em>interna</em></span> <span class='ocrx_word' id='word_1_519' title='bbox 420 3838 544 3901; x_wconf 82' lang='lat' dir='ltr'><em>viscera,</em></span> <span class='ocrx_word' id='word_1_520' title='bbox 571 3832 689 3891; x_wconf 88' lang='lat' dir='ltr'><em>animus</em></span> <span class='ocrx_word' id='word_1_521' title='bbox 713 3833 849 3907; x_wconf 88' lang='lat' dir='ltr'><em>ignescit,</em></span> <span class='ocrx_word' id='word_1_522' title='bbox 876 3835 977 3894; x_wconf 88' lang='lat' dir='ltr'><em>anima</em></span> <span class='ocrx_word' id='word_1_523' title='bbox 1030 3838 1057 3891; x_wconf 91' lang='lat' dir='ltr'><em>et</em></span> <span class='ocrx_word' id='word_1_524' title='bbox 1071 3834 1270 3892; x_wconf 80' lang='lat' dir='ltr'><em>dabituroobis</em></span> <span class='ocrx_word' id='word_1_525' title='bbox 1286 3854 1292 3891; x_wconf 92' lang='lat'>:</span> <span class='ocrx_word' id='word_1_526' title='bbox 1309 3842 1435 3910; x_wconf 72' lang='lat' dir='ltr'><em>quarite,</em></span> <span class='ocrx_word' id='word_1_527' title='bbox 1449 3849 1655 3908; x_wconf 74' lang='lat' dir='ltr'><em>atinaerietis:</em></span> <span class='ocrx_word' id='word_1_528' title='bbox 1680 3860 1799 3933; x_wconf 83' lang='lat' dir='ltr'><em>pulsate,</em></span> <span class='ocrx_word' id='word_1_529' title='bbox 1827 3874 1854 3924; x_wconf 79' lang='lat' dir='ltr'><em>et</em></span> 
     </span>
     <span class='ocr_line' id='line_1_41' title="bbox 141 3921 1853 4011; baseline 0.008 -16"><span class='ocrx_word' id='word_1_530' title='bbox 141 3938 293 3999; x_wconf 79' lang='lat' dir='ltr'><em>exuritur.</em></span> <span class='ocrx_word' id='word_1_531' title='bbox 322 3932 422 3988; x_wconf 80' lang='lat' dir='ltr'><em>Savus</em></span> <span class='ocrx_word' id='word_1_532' title='bbox 455 3922 612 3981; x_wconf 89' lang='lat' dir='ltr'><em>criminum</em></span> <span class='ocrx_word' id='word_1_533' title='bbox 637 3922 777 3979; x_wconf 91' lang='lat' dir='ltr'><em>stimulus</em></span> <span class='ocrx_word' id='word_1_534' title='bbox 804 3921 895 3981; x_wconf 90' lang='lat' dir='ltr'><em>libido</em></span> <span class='ocrx_word' id='word_1_535' title='bbox 921 3930 975 4003; x_wconf 79' lang='lat' dir='ltr'><em>est,</em></span> <span class='ocrx_word' id='word_1_536' title='bbox 1031 3924 1259 3997; x_wconf 81' lang='lat' dir='ltr'><em>aperiatnraobis</em></span> <span class='ocrx_word' id='word_1_537' title='bbox 1280 3926 1383 3999; x_wconf 79' lang='lat' dir='ltr'><em>(narrt.</em></span> <span class='ocrx_word' id='word_1_538' title='bbox 1412 3947 1462 4002; x_wconf 86' lang='lat' dir='ltr'><em>vn,</em></span> <span class='ocrx_word' id='word_1_539' title='bbox 1491 3936 1529 4008; x_wconf 84' lang='grc'><em>7),</em></span> <span class='ocrx_word' id='word_1_540' title='bbox 1560 3938 1594 3995; x_wconf 80' lang='lat' dir='ltr'><em>ut</em></span> <span class='ocrx_word' id='word_1_541' title='bbox 1619 3942 1696 3999; x_wconf 85' lang='lat' dir='ltr'><em>inira</em></span> <span class='ocrx_word' id='word_1_542' title='bbox 1721 3962 1727 4001; x_wconf 94' lang='lat'><strong>:</strong></span> <span class='ocrx_word' id='word_1_543' title='bbox 1759 3950 1853 4011; x_wconf 77' lang='lat' dir='ltr'><em>Omnis</em></span> 
     </span>
     <span class='ocr_line' id='line_1_42' title="bbox 131 4012 1852 4109; baseline 0.006 -29"><span class='ocrx_word' id='word_1_544' title='bbox 131 4046 202 4102; x_wconf 74' lang='lat' dir='ltr'><em>qua</em></span> <span class='ocrx_word' id='word_1_545' title='bbox 219 4036 376 4096; x_wconf 87' lang='lat' dir='ltr'><em>nunquam</em></span> <span class='ocrx_word' id='word_1_546' title='bbox 390 4030 509 4083; x_wconf 84' lang='lat' dir='ltr'><em>manere</em></span> <span class='ocrx_word' id='word_1_547' title='bbox 533 4013 667 4086; x_wconf 89' lang='lat' dir='ltr'><em>quietum</em></span> <span class='ocrx_word' id='word_1_548' title='bbox 688 4012 800 4085; x_wconf 88' lang='lat' dir='ltr'><em>patitur</em></span> <span class='ocrx_word' id='word_1_549' title='bbox 828 4014 964 4072; x_wconf 81' lang='lat' dir='ltr'><em>allectum</em></span> <span class='ocrx_word' id='word_1_550' title='bbox 1030 4030 1095 4084; x_wconf 80' lang='lat' dir='ltr'><em>erpo</em></span> <span class='ocrx_word' id='word_1_551' title='bbox 1110 4013 1248 4085; x_wconf 74' lang='lat' dir='ltr'><em>priuauit</em></span> <span class='ocrx_word' id='word_1_552' title='bbox 1263 4016 1344 4071; x_wconf 85' lang='lat' dir='ltr'><em>verba</em></span> <span class='ocrx_word' id='word_1_553' title='bbox 1361 4034 1423 4074; x_wconf 79' lang='lat' dir='ltr'><em>osea</em></span> <span class='ocrx_word' id='word_1_554' title='bbox 1446 4020 1514 4095; x_wconf 74' lang='lat' dir='ltr'><em>bac,</em></span> <span class='ocrx_word' id='word_1_555' title='bbox 1545 4031 1572 4082; x_wconf 86' lang='lat' dir='ltr'><em>at</em></span> <span class='ocrx_word' id='word_1_556' title='bbox 1594 4030 1661 4101; x_wconf 71' lang='lat' dir='ltr'><em>iacit</em></span> <span class='ocrx_word' id='word_1_557' title='bbox 1683 4048 1726 4105; x_wconf 89' lang='lat' dir='ltr'><em>ea,</em></span> <span class='ocrx_word' id='word_1_558' title='bbox 1750 4038 1852 4109; x_wconf 59' lang='lat' dir='ltr'><em>§inritis</em></span> 
     </span>
     <span class='ocr_line' id='line_1_43' title="bbox 133 4101 1438 4180; baseline -0.005 -10"><span class='ocrx_word' id='word_1_559' title='bbox 133 4120 228 4174; x_wconf 84' lang='lat' dir='ltr'><em>nocte</em></span> <span class='ocrx_word' id='word_1_560' title='bbox 243 4114 346 4180; x_wconf 75' lang='lat' dir='ltr'><em>fervet,</em></span> <span class='ocrx_word' id='word_1_561' title='bbox 361 4106 410 4164; x_wconf 89' lang='lat' dir='ltr'><em>die</em></span> <span class='ocrx_word' id='word_1_562' title='bbox 425 4102 543 4162; x_wconf 80' lang='lat' dir='ltr'><em>anhelat</em></span> <span class='ocrx_word' id='word_1_563' title='bbox 560 4102 620 4168; x_wconf 85' lang='lat' dir='ltr'><em>,dc</em></span> <span class='ocrx_word' id='word_1_564' title='bbox 634 4116 749 4159; x_wconf 83' lang='lat' dir='ltr'><em>mmmo</em></span> <span class='ocrx_word' id='word_1_565' title='bbox 764 4101 882 4171; x_wconf 83' lang='lat' dir='ltr'><em>excitat,</em></span> <span class='ocrx_word' id='word_1_566' title='bbox 898 4104 977 4178; x_wconf 69' lang='lat' dir='ltr'><em>ane}</em></span> <span class='ocrx_word' id='word_1_567' title='bbox 1031 4105 1139 4159; x_wconf 84' lang='lat' dir='ltr'><em>estviro</em></span> <span class='ocrx_word' id='word_1_568' title='bbox 1154 4104 1274 4175; x_wconf 75' lang='lat' dir='ltr'><em>sopierat</em></span> <span class='ocrx_word' id='word_1_569' title='bbox 1289 4104 1368 4175; x_wconf 82' lang='lat' dir='ltr'><em>(ibid.</em></span> <span class='ocrx_word' id='word_1_570' title='bbox 1381 4110 1438 4179; x_wconf 75' lang='lat'><em>24).</em></span> 
     </span>
     <span class='ocr_line' id='line_1_44' title="bbox 130 4188 1850 4285; baseline 0.009 -28"><span class='ocrx_word' id='word_1_571' title='bbox 130 4206 220 4281; x_wconf 81' lang='lat' dir='ltr'><em>gotio</em></span> <span class='ocrx_word' id='word_1_572' title='bbox 236 4198 366 4267; x_wconf 87' lang='lat' dir='ltr'><em>abducit,</em></span> <span class='ocrx_word' id='word_1_573' title='bbox 383 4194 528 4252; x_wconf 87' lang='lat' dir='ltr'><em>aratione</em></span> <span class='ocrx_word' id='word_1_574' title='bbox 539 4193 666 4261; x_wconf 81' lang='lat' dir='ltr'><em>revocat,</em></span> <span class='ocrx_word' id='word_1_575' title='bbox 681 4188 777 4245; x_wconf 85' lang='lat' dir='ltr'><em>aufert</em></span> <span class='ocrx_word' id='word_1_576' title='bbox 804 4191 973 4279; x_wconf 51' lang='lat' dir='ltr'><em>consiliam,</em></span> <span class='ocrx_word' id='word_1_577' title='bbox 1065 4192 1110 4249; x_wconf 84' lang='lat'><em>23.</em></span> <span class='ocrx_word' id='word_1_578' title='bbox 1126 4192 1192 4249; x_wconf 84' lang='lat' dir='ltr'><em>Haec</em></span> <span class='ocrx_word' id='word_1_579' title='bbox 1208 4192 1258 4265; x_wconf 89' lang='lat' dir='ltr'><em>qui</em></span> <span class='ocrx_word' id='word_1_580' title='bbox 1269 4193 1398 4251; x_wconf 88' lang='lat' dir='ltr'><em>studiose</em></span> <span class='ocrx_word' id='word_1_581' title='bbox 1414 4197 1502 4257; x_wconf 90' lang='lat' dir='ltr'><em>luerit</em></span> <span class='ocrx_word' id='word_1_582' title='bbox 1514 4210 1696 4277; x_wconf 83' lang='lat' dir='ltr'><em>prosecutus,</em></span> <span class='ocrx_word' id='word_1_583' title='bbox 1707 4212 1850 4285; x_wconf 84' lang='lat' dir='ltr'><em>primatus</em></span> 
     </span>
     <span class='ocr_line' id='line_1_45' title="bbox 129 4278 1851 4379; baseline 0.004 -27"><span class='ocrx_word' id='word_1_584' title='bbox 129 4285 442 4359; x_wconf 83' lang='lat' dir='ltr'><em>amanteeinquietat,</em></span> <span class='ocrx_word' id='word_1_585' title='bbox 460 4282 559 4355; x_wconf 87' lang='lat' dir='ltr'><em>lapsos</em></span> <span class='ocrx_word' id='word_1_586' title='bbox 580 4278 712 4346; x_wconf 86' lang='lat' dir='ltr'><em>inclinat,</em></span> <span class='ocrx_word' id='word_1_587' title='bbox 734 4279 825 4337; x_wconf 86' lang='lat' dir='ltr'><em>castis</em></span> <span class='ocrx_word' id='word_1_588' title='bbox 852 4280 975 4339; x_wconf 89' lang='lat' dir='ltr'><em>insidia·</em></span> <span class='ocrx_word' id='word_1_589' title='bbox 1029 4280 1239 4339; x_wconf 84' lang='lat' dir='ltr'><em>benedictionis</em></span> <span class='ocrx_word' id='word_1_590' title='bbox 1255 4282 1386 4356; x_wconf 87' lang='lat' dir='ltr'><em>accipiet,</em></span> <span class='ocrx_word' id='word_1_591' title='bbox 1403 4287 1476 4343; x_wconf 86' lang='lat' dir='ltr'><em>sicut</em></span> <span class='ocrx_word' id='word_1_592' title='bbox 1493 4292 1658 4361; x_wconf 86' lang='lat' dir='ltr'><em>patriarcha</em></span> <span class='ocrx_word' id='word_1_593' title='bbox 1671 4296 1772 4373; x_wconf 86' lang='lat' dir='ltr'><em>Jacob,</em></span> <span class='ocrx_word' id='word_1_594' title='bbox 1799 4308 1851 4379; x_wconf 86' lang='lat' dir='ltr'><em>qui</em></span> 
     </span>
     <span class='ocr_line' id='line_1_46' title="bbox 125 4368 1850 4455; baseline 0.013 -26"><span class='ocrx_word' id='word_1_595' title='bbox 125 4388 196 4453; x_wconf 66' lang='lat' dir='ltr'><em>fur,</em></span> <span class='ocrx_word' id='word_1_596' title='bbox 206 4376 355 4455; x_wconf 83' lang='lat' dir='ltr'><em>-potieudo</em></span> <span class='ocrx_word' id='word_1_597' title='bbox 365 4373 540 4437; x_wconf 79' lang='lat' dir='ltr'><em>inflammat,</em></span> <span class='ocrx_word' id='word_1_598' title='bbox 549 4383 665 4443; x_wconf 88' lang='lat' dir='ltr'><em>usuque</em></span> <span class='ocrx_word' id='word_1_599' title='bbox 676 4368 855 4426; x_wconf 81' lang='lat' dir='ltr'><em>accenditur.</em></span> <span class='ocrx_word' id='word_1_600' title='bbox 868 4369 973 4428; x_wconf 89' lang='lat' dir='ltr'><em>Nullus</em></span> <span class='ocrx_word' id='word_1_601' title='bbox 1028 4370 1209 4429; x_wconf 89' lang='lat' dir='ltr'><em>continentia</em></span> <span class='ocrx_word' id='word_1_602' title='bbox 1222 4372 1250 4425; x_wconf 90' lang='lat' dir='ltr'><em>et</em></span> <span class='ocrx_word' id='word_1_603' title='bbox 1265 4371 1321 4427; x_wconf 84' lang='lat' dir='ltr'><em>fide</em></span> <span class='ocrx_word' id='word_1_604' title='bbox 1333 4371 1531 4433; x_wconf 84' lang='lat' dir='ltr'><em>humanarum</em></span> <span class='ocrx_word' id='word_1_605' title='bbox 1546 4382 1742 4455; x_wconf 85' lang='lat' dir='ltr'><em>supplantavit</em></span> <span class='ocrx_word' id='word_1_606' title='bbox 1763 4396 1850 4452; x_wconf 82' lang='lat' dir='ltr'><em>vesti·</em></span> 
     </span>
     <span class='ocr_line' id='line_1_47' title="bbox 125 4456 1851 4547; baseline 0.01 -26"><span class='ocrx_word' id='word_1_607' title='bbox 125 4468 287 4547; x_wconf 67' lang='lat' dir='ltr'><em>peccandi</em></span> <span class='ocrx_word' id='word_1_608' title='bbox 315 4464 432 4533; x_wconf 87' lang='lat' dir='ltr'><em>modus,</em></span> <span class='ocrx_word' id='word_1_609' title='bbox 456 4464 487 4517; x_wconf 87' lang='lat' dir='ltr'><em>et</em></span> <span class='ocrx_word' id='word_1_610' title='bbox 514 4456 700 4530; x_wconf 79' lang='lat' dir='ltr'><em>inexplebilis</em></span> <span class='ocrx_word' id='word_1_611' title='bbox 726 4456 871 4515; x_wconf 81' lang='lat' dir='ltr'><em>scelerum</em></span> <span class='ocrx_word' id='word_1_612' title='bbox 899 4458 970 4529; x_wconf 88' lang='lat' dir='ltr'><em>sitit,</em></span> <span class='ocrx_word' id='word_1_613' title='bbox 1027 4460 1076 4533; x_wconf 88' lang='lat' dir='ltr'><em>gin</em></span> <span class='ocrx_word' id='word_1_614' title='bbox 1090 4458 1272 4534; x_wconf 87' lang='lat' dir='ltr'><em>passionum.</em></span> <span class='ocrx_word' id='word_1_615' title='bbox 1297 4460 1354 4515; x_wconf 86' lang='lat' dir='ltr'><em>istc</em></span> <span class='ocrx_word' id='word_1_616' title='bbox 1369 4460 1428 4518; x_wconf 89' lang='lat' dir='ltr'><em>ait:</em></span> <span class='ocrx_word' id='word_1_617' title='bbox 1445 4466 1662 4529; x_wconf 78' lang='lat' dir='ltr'><em>Misericordiam</em></span> <span class='ocrx_word' id='word_1_618' title='bbox 1682 4479 1738 4535; x_wconf 80' lang='lat' dir='ltr'><em>orei</em></span> <span class='ocrx_word' id='word_1_619' title='bbox 1755 4480 1851 4541; x_wconf 81' lang='lat' dir='ltr'><em>babuit</em></span> 
     </span>
     <span class='ocr_line' id='line_1_48' title="bbox 128 4544 1850 4638; baseline 0.002 -19"><span class='ocrx_word' id='word_1_620' title='bbox 128 4544 452 4619; x_wconf 72' lang='lat' dir='ltr'><em>niei&#39;morteamantis</em></span> <span class='ocrx_word' id='word_1_621' title='bbox 475 4546 605 4620; x_wconf 76' lang='lat' dir='ltr'><em>exangui</em></span> <span class='ocrx_word' id='word_1_622' title='bbox 622 4562 681 4603; x_wconf 89' lang='lat' dir='ltr'><em>nou</em></span> <span class='ocrx_word' id='word_1_623' title='bbox 710 4550 816 4619; x_wconf 83' lang='lat' dir='ltr'><em>potest.</em></span> <span class='ocrx_word' id='word_1_624' title='bbox 845 4548 877 4603; x_wconf 79' lang='lat' dir='ltr'><em>ut</em></span> <span class='ocrx_word' id='word_1_625' title='bbox 903 4547 1103 4621; x_wconf 75' lang='lat' dir='ltr'><em>ideoDDeas,</em></span> <span class='ocrx_word' id='word_1_626' title='bbox 1120 4549 1308 4605; x_wconf 81' lang='lat' dir='ltr'><em>etsuatmibi</em></span> <span class='ocrx_word' id='word_1_627' title='bbox 1326 4552 1419 4607; x_wconf 84' lang='lat' dir='ltr'><em>omnia</em></span> <span class='ocrx_word' id='word_1_628' title='bbox 1449 4554 1525 4625; x_wconf 84' lang='lat' dir='ltr'><em>(Gen.</em></span> <span class='ocrx_word' id='word_1_629' title='bbox 1557 4576 1656 4631; x_wconf 81' lang='lat' dir='ltr'><em>xxxin,</em></span> <span class='ocrx_word' id='word_1_630' title='bbox 1684 4564 1740 4638; x_wconf 84' lang='lat' dir='ltr'><em>lt).</em></span> <span class='ocrx_word' id='word_1_631' title='bbox 1770 4569 1850 4628; x_wconf 77' lang='lat' dir='ltr'><em>Hane</em></span> 
     </span>
     <span class='ocr_line' id='line_1_49' title="bbox 125 4636 1849 4730; baseline 0.005 -23"><span class='ocrx_word' id='word_1_632' title='bbox 125 4652 173 4707; x_wconf 84' lang='lat' dir='ltr'><em>ait</em></span> <span class='ocrx_word' id='word_1_633' title='bbox 186 4644 352 4720; x_wconf 78' lang='lat' dir='ltr'><em>Apostolus</em></span> <span class='ocrx_word' id='word_1_634' title='bbox 364 4660 372 4698; x_wconf 73' lang='grc' dir='ltr'><em>τ</em></span> <span class='ocrx_word' id='word_1_635' title='bbox 386 4641 481 4712; x_wconf 71' lang='lat' dir='ltr'><em>Fugite</em></span> <span class='ocrx_word' id='word_1_636' title='bbox 491 4636 704 4711; x_wconf 67' lang='lat' dir='ltr'><em>[ammodum</em></span> <span class='ocrx_word' id='word_1_637' title='bbox 717 4636 742 4707; x_wconf 83' lang='lat'><em>(1</em></span> <span class='ocrx_word' id='word_1_638' title='bbox 754 4638 816 4693; x_wconf 84' lang='lat' dir='ltr'><em>Gar.</em></span> <span class='ocrx_word' id='word_1_639' title='bbox 834 4652 873 4703; x_wconf 84' lang='lat' dir='ltr'><em>vr,</em></span> <span class='ocrx_word' id='word_1_640' title='bbox 903 4637 966 4709; x_wconf 73' lang='lat'><em>18),</em></span> <span class='ocrx_word' id='word_1_641' title='bbox 1022 4639 1124 4712; x_wconf 83' lang='lat' dir='ltr'><em>itaque</em></span> <span class='ocrx_word' id='word_1_642' title='bbox 1141 4636 1373 4695; x_wconf 85' lang='lat' dir='ltr'><em>misericordiam</em></span> <span class='ocrx_word' id='word_1_643' title='bbox 1385 4658 1438 4697; x_wconf 90' lang='lat' dir='ltr'><em>nos</em></span> <span class='ocrx_word' id='word_1_644' title='bbox 1454 4643 1521 4715; x_wconf 85' lang='lat' dir='ltr'><em>fide,</em></span> <span class='ocrx_word' id='word_1_645' title='bbox 1539 4648 1637 4706; x_wconf 85' lang='lat' dir='ltr'><em>studio</em></span> <span class='ocrx_word' id='word_1_646' title='bbox 1653 4654 1849 4730; x_wconf 87' lang='lat' dir='ltr'><em>operibusque</em></span> 
     </span>
     <span class='ocr_line' id='line_1_50' title="bbox 124 4724 1847 4817; baseline 0.003 -22"><span class='ocrx_word' id='word_1_647' title='bbox 124 4744 164 4796; x_wconf 88' lang='lat' dir='ltr'><em>ut</em></span> <span class='ocrx_word' id='word_1_648' title='bbox 179 4734 282 4793; x_wconf 84' lang='lat' dir='ltr'><em>veloci</em></span> <span class='ocrx_word' id='word_1_649' title='bbox 296 4734 367 4807; x_wconf 81' lang='lat' dir='ltr'><em>toga</em></span> <span class='ocrx_word' id='word_1_650' title='bbox 380 4735 523 4801; x_wconf 64' lang='lat' dir='ltr'><em>uuquam</em></span> <span class='ocrx_word' id='word_1_651' title='bbox 539 4724 794 4783; x_wconf 80' lang='lat' dir='ltr'><em>iuriosadomina</em></span> <span class='ocrx_word' id='word_1_652' title='bbox 821 4725 968 4787; x_wconf 79' lang='lat' dir='ltr'><em>declinare</em></span> <span class='ocrx_word' id='word_1_653' title='bbox 1022 4743 1200 4793; x_wconf 86' lang='lat' dir='ltr'><em>mereamur,</em></span> <span class='ocrx_word' id='word_1_654' title='bbox 1217 4724 1325 4799; x_wconf 89' lang='lat' dir='ltr'><em>quibua</em></span> <span class='ocrx_word' id='word_1_655' title='bbox 1340 4727 1504 4805; x_wconf 89' lang='lat' dir='ltr'><em>disciplinis</em></span> <span class='ocrx_word' id='word_1_656' title='bbox 1527 4734 1638 4794; x_wconf 88' lang='lat' dir='ltr'><em>invenit</em></span> <span class='ocrx_word' id='word_1_657' title='bbox 1667 4740 1755 4797; x_wconf 89' lang='lat' dir='ltr'><em>lsrael</em></span> <span class='ocrx_word' id='word_1_658' title='bbox 1780 4760 1847 4817; x_wconf 83' lang='lat' dir='ltr'><em>gra·</em></span> 
     </span>
     <span class='ocr_line' id='line_1_51' title="bbox 123 4813 1846 4890; baseline 0.005 -9"><span class='ocrx_word' id='word_1_659' title='bbox 123 4824 295 4889; x_wconf 71' lang='lat' dir='ltr'><em>sevitiam,</em></span> <span class='ocrx_word' id='word_1_660' title='bbox 311 4826 340 4879; x_wconf 89' lang='lat' dir='ltr'><em>et</em></span> <span class='ocrx_word' id='word_1_661' title='bbox 353 4824 428 4877; x_wconf 83' lang='lat' dir='ltr'><em>tetro</em></span> <span class='ocrx_word' id='word_1_662' title='bbox 443 4816 562 4874; x_wconf 84' lang='lat' dir='ltr'><em>servitio</em></span> <span class='ocrx_word' id='word_1_663' title='bbox 574 4814 652 4873; x_wconf 83' lang='lat' dir='ltr'><em>exire</em></span> <span class='ocrx_word' id='word_1_664' title='bbox 664 4814 823 4887; x_wconf 88' lang='lat' dir='ltr'><em>possimus.</em></span> <span class='ocrx_word' id='word_1_665' title='bbox 1021 4814 1092 4871; x_wconf 84' lang='lat' dir='ltr'><em>tium</em></span> <span class='ocrx_word' id='word_1_666' title='bbox 1109 4815 1171 4884; x_wconf 89' lang='lat' dir='ltr'><em>Dei,</em></span> <span class='ocrx_word' id='word_1_667' title='bbox 1187 4818 1215 4871; x_wconf 90' lang='lat' dir='ltr'><em>ct</em></span> <span class='ocrx_word' id='word_1_668' title='bbox 1230 4813 1389 4890; x_wconf 87' lang='lat' dir='ltr'><em>peripsam</em></span> <span class='ocrx_word' id='word_1_669' title='bbox 1415 4820 1525 4878; x_wconf 89' lang='lat' dir='ltr'><em>omnia.</em></span> <span class='ocrx_word' id='word_1_670' title='bbox 1555 4824 1616 4880; x_wconf 92' lang='lat' dir='ltr'><em>Nou</em></span> <span class='ocrx_word' id='word_1_671' title='bbox 1646 4828 1723 4884; x_wconf 89' lang='lat' dir='ltr'><em>enim</em></span> <span class='ocrx_word' id='word_1_672' title='bbox 1743 4832 1846 4889; x_wconf 87' lang='lat' dir='ltr'><em>mundi</em></span> 
     </span>
     <span class='ocr_line' id='line_1_52' title="bbox 161 4903 1845 4993; baseline -0.002 -26"><span class='ocrx_word' id='word_1_673' title='bbox 161 4917 220 4972; x_wconf 79' lang='lat'><em>21.</em></span> <span class='ocrx_word' id='word_1_674' title='bbox 238 4912 312 4967; x_wconf 81' lang='lat' dir='ltr'><em>Nam</em></span> <span class='ocrx_word' id='word_1_675' title='bbox 326 4909 398 4982; x_wconf 87' lang='lat' dir='ltr'><em>quid</em></span> <span class='ocrx_word' id='word_1_676' title='bbox 412 4908 450 4963; x_wconf 90' lang='lat' dir='ltr'><em>de</em></span> <span class='ocrx_word' id='word_1_677' title='bbox 464 4904 585 4962; x_wconf 69' lang='lat' dir='ltr'><em>anantio</em></span> <span class='ocrx_word' id='word_1_678' title='bbox 599 4904 705 4973; x_wconf 89' lang='lat' dir='ltr'><em>dicam,</em></span> <span class='ocrx_word' id='word_1_679' title='bbox 726 4903 887 4961; x_wconf 84' lang='lat' dir='ltr'><em>insatiabili</em></span> <span class='ocrx_word' id='word_1_680' title='bbox 916 4922 966 4980; x_wconf 86' lang='lat' dir='ltr'><em>pe·</em></span> <span class='ocrx_word' id='word_1_681' title='bbox 1021 4905 1111 4977; x_wconf 82' lang='lat' dir='ltr'><em>hujus</em></span> <span class='ocrx_word' id='word_1_682' title='bbox 1126 4904 1235 4978; x_wconf 89' lang='lat' dir='ltr'><em>copias,</em></span> <span class='ocrx_word' id='word_1_683' title='bbox 1251 4905 1301 4962; x_wconf 87' lang='lat' dir='ltr'><em>sed</em></span> <span class='ocrx_word' id='word_1_684' title='bbox 1316 4906 1457 4964; x_wconf 87' lang='lat' dir='ltr'><em>virtutum</em></span> <span class='ocrx_word' id='word_1_685' title='bbox 1473 4910 1643 4983; x_wconf 82' lang='lat' dir='ltr'><em>disciplinas</em></span> <span class='ocrx_word' id='word_1_686' title='bbox 1658 4913 1713 4970; x_wconf 86' lang='lat' dir='ltr'><em>sibi</em></span> <span class='ocrx_word' id='word_1_687' title='bbox 1735 4932 1845 4993; x_wconf 84' lang='lat' dir='ltr'><em>suppa.</em></span> 
     </span>
     <span class='ocr_line' id='line_1_53' title="bbox 121 4990 1844 5078; baseline 0.005 -23"><span class='ocrx_word' id='word_1_688' title='bbox 121 5003 233 5063; x_wconf 64' lang='lat' dir='ltr'><em>eunio</em></span> <span class='ocrx_word' id='word_1_689' title='bbox 247 4999 420 5073; x_wconf 82' lang='lat' dir='ltr'><em>eupiditate,</em></span> <span class='ocrx_word' id='word_1_690' title='bbox 434 5000 465 5051; x_wconf 90' lang='lat' dir='ltr'><em>et</em></span> <span class='ocrx_word' id='word_1_691' title='bbox 479 4994 607 5067; x_wconf 79' lang='lat' dir='ltr'><em>quadum</em></span> <span class='ocrx_word' id='word_1_692' title='bbox 622 4991 688 5049; x_wconf 83' lang='lat' dir='ltr'><em>nris</em></span> <span class='ocrx_word' id='word_1_693' title='bbox 703 4990 966 5067; x_wconf 84' lang='lat' dir='ltr'><em>libidiuc,quequo</em></span> <span class='ocrx_word' id='word_1_694' title='bbox 1020 4996 1082 5051; x_wconf 91' lang='lat' dir='ltr'><em>tere</em></span> <span class='ocrx_word' id='word_1_695' title='bbox 1096 4992 1251 5069; x_wconf 89' lang='lat' dir='ltr'><em>gaudebat.</em></span> <span class='ocrx_word' id='word_1_696' title='bbox 1268 4994 1327 5053; x_wconf 84' lang='lat' dir='ltr'><em>llas</em></span> <span class='ocrx_word' id='word_1_697' title='bbox 1353 4996 1438 5054; x_wconf 87' lang='lat' dir='ltr'><em>nobis</em></span> <span class='ocrx_word' id='word_1_698' title='bbox 1466 4999 1681 5057; x_wconf 85' lang='lat' dir='ltr'><em>substituamus</em></span> <span class='ocrx_word' id='word_1_699' title='bbox 1703 5002 1844 5078; x_wconf 83' lang='lat' dir='ltr'><em>heredes,</em></span> 
     </span>
     <span class='ocr_line' id='line_1_54' title="bbox 119 5077 1844 5169; baseline 0.005 -25"><span class='ocrx_word' id='word_1_700' title='bbox 119 5092 225 5169; x_wconf 77' lang='lat' dir='ltr'><em>plura</em></span> <span class='ocrx_word' id='word_1_701' title='bbox 239 5077 405 5155; x_wconf 69' lang='lat' dir='ltr'><em>abstulerit,</em></span> <span class='ocrx_word' id='word_1_702' title='bbox 421 5100 455 5141; x_wconf 86' lang='lat' dir='ltr'><em>ao</em></span> <span class='ocrx_word' id='word_1_703' title='bbox 469 5082 565 5155; x_wconf 85' lang='lat' dir='ltr'><em>magia</em></span> <span class='ocrx_word' id='word_1_704' title='bbox 579 5080 699 5155; x_wconf 89' lang='lat' dir='ltr'><em>inopem</em></span> <span class='ocrx_word' id='word_1_705' title='bbox 714 5097 779 5138; x_wconf 84' lang='lat' dir='ltr'><em>esec</em></span> <span class='ocrx_word' id='word_1_706' title='bbox 792 5099 825 5139; x_wconf 90' lang='lat' dir='ltr'><em>se</em></span> <span class='ocrx_word' id='word_1_707' title='bbox 849 5082 966 5140; x_wconf 80' lang='lat' dir='ltr'><em>crediti</em></span> <span class='ocrx_word' id='word_1_708' title='bbox 1021 5102 1096 5157; x_wconf 88' lang='lat' dir='ltr'><em>quas</em></span> <span class='ocrx_word' id='word_1_709' title='bbox 1111 5089 1230 5141; x_wconf 83' lang='lat' dir='ltr'><em>sanctus</em></span> <span class='ocrx_word' id='word_1_710' title='bbox 1245 5084 1393 5141; x_wconf 87' lang='lat' dir='ltr'><em>Abraham</em></span> <span class='ocrx_word' id='word_1_711' title='bbox 1408 5085 1436 5141; x_wconf 92' lang='lat' dir='ltr'><em>io</em></span> <span class='ocrx_word' id='word_1_712' title='bbox 1453 5086 1534 5143; x_wconf 86' lang='lat' dir='ltr'><em>Isaac</em></span> <span class='ocrx_word' id='word_1_713' title='bbox 1548 5088 1675 5145; x_wconf 86' lang='lat' dir='ltr'><em>filiosuo</em></span> <span class='ocrx_word' id='word_1_714' title='bbox 1690 5088 1844 5153; x_wconf 88' lang='lat' dir='ltr'><em>substituit</em></span> 
     </span>
     <span class='ocr_line' id='line_1_55' title="bbox 121 5166 1843 5247; baseline 0.002 -11"><span class='ocrx_word' id='word_1_715' title='bbox 121 5174 403 5242; x_wconf 75' lang='lat' dir='ltr'><em>omnibusiunida,</em></span> <span class='ocrx_word' id='word_1_716' title='bbox 414 5166 471 5242; x_wconf 81' lang='lat' dir='ltr'><em>sibi</em></span> <span class='ocrx_word' id='word_1_717' title='bbox 485 5170 561 5238; x_wconf 87' lang='lat' dir='ltr'><em>vilis,</em></span> <span class='ocrx_word' id='word_1_718' title='bbox 573 5170 602 5227; x_wconf 90' lang='lat' dir='ltr'><em>in</em></span> <span class='ocrx_word' id='word_1_719' title='bbox 616 5171 965 5245; x_wconf 84' lang='lat' dir='ltr'><em>summisdivitiisinops,</em></span> <span class='ocrx_word' id='word_1_720' title='bbox 1020 5171 1088 5239; x_wconf 89' lang='lat' dir='ltr'><em>sibi,</em></span> <span class='ocrx_word' id='word_1_721' title='bbox 1104 5188 1219 5229; x_wconf 88' lang='lat' dir='ltr'><em>omnem</em></span> <span class='ocrx_word' id='word_1_722' title='bbox 1234 5188 1355 5245; x_wconf 90' lang='lat' dir='ltr'><em>operum</em></span> <span class='ocrx_word' id='word_1_723' title='bbox 1378 5190 1498 5230; x_wconf 90' lang='lat' dir='ltr'><em>suorum</em></span> <span class='ocrx_word' id='word_1_724' title='bbox 1527 5174 1670 5247; x_wconf 89' lang='lat' dir='ltr'><em>deputans</em></span> <span class='ocrx_word' id='word_1_725' title='bbox 1693 5178 1843 5241; x_wconf 79' lang='lat' dir='ltr'><em>heredita-</em></span> 
     </span>
     <span class='ocr_line' id='line_1_56' title="bbox 120 5260 1842 5335; baseline -0.007 -7"><span class='ocrx_word' id='word_1_726' title='bbox 120 5270 243 5328; x_wconf 63' lang='lat' dir='ltr'><em>auxta</em></span> <span class='ocrx_word' id='word_1_727' title='bbox 259 5262 486 5335; x_wconf 84' lang='lat' dir='ltr'><em>extenuatquod</em></span> <span class='ocrx_word' id='word_1_728' title='bbox 506 5274 596 5317; x_wconf 85' lang='lat' dir='ltr'><em>censu</em></span> <span class='ocrx_word' id='word_1_729' title='bbox 620 5260 760 5317; x_wconf 85' lang='lat' dir='ltr'><em>abundat.</em></span> <span class='ocrx_word' id='word_1_730' title='bbox 785 5260 889 5318; x_wconf 89' lang='lat' dir='ltr'><em>Nullus</em></span> <span class='ocrx_word' id='word_1_731' title='bbox 916 5278 960 5318; x_wconf 86' lang='lat' dir='ltr'><em>ra·</em></span> <span class='ocrx_word' id='word_1_732' title='bbox 1020 5263 1078 5317; x_wconf 90' lang='lat' dir='ltr'><em>tem</em></span> <span class='ocrx_word' id='word_1_733' title='bbox 1095 5260 1218 5334; x_wconf 85' lang='lat' dir='ltr'><em>sapienti</em></span> <span class='ocrx_word' id='word_1_734' title='bbox 1232 5262 1351 5333; x_wconf 78' lang='lat' dir='ltr'><em>ctJusto</em></span> <span class='ocrx_word' id='word_1_735' title='bbox 1366 5260 1438 5333; x_wconf 91' lang='lat' dir='ltr'><em>viro,</em></span> <span class='ocrx_word' id='word_1_736' title='bbox 1454 5278 1507 5318; x_wconf 91' lang='lat' dir='ltr'><em>uec</em></span> <span class='ocrx_word' id='word_1_737' title='bbox 1522 5262 1615 5319; x_wconf 90' lang='lat' dir='ltr'><em>ullum</em></span> <span class='ocrx_word' id='word_1_738' title='bbox 1640 5266 1693 5335; x_wconf 83' lang='lat' dir='ltr'><em>jue</em></span> <span class='ocrx_word' id='word_1_739' title='bbox 1721 5268 1842 5329; x_wconf 83' lang='lat' dir='ltr'><em>heredi.</em></span> 
     </span>
     <span class='ocr_line' id='line_1_57' title="bbox 119 5348 1840 5433; baseline 0.003 -21"><span class='ocrx_word' id='word_1_740' title='bbox 119 5356 238 5433; x_wconf 82' lang='lat' dir='ltr'><em>piendi</em></span> <span class='ocrx_word' id='word_1_741' title='bbox 259 5354 376 5422; x_wconf 84' lang='lat' dir='ltr'><em>modos,</em></span> <span class='ocrx_word' id='word_1_742' title='bbox 399 5351 452 5408; x_wconf 92' lang='lat' dir='ltr'><em>ubi</em></span> <span class='ocrx_word' id='word_1_743' title='bbox 475 5349 558 5407; x_wconf 88' lang='lat' dir='ltr'><em>nulla</em></span> <span class='ocrx_word' id='word_1_744' title='bbox 585 5364 724 5407; x_wconf 88' lang='lat' dir='ltr'><em>mensura</em></span> <span class='ocrx_word' id='word_1_745' title='bbox 742 5349 889 5421; x_wconf 88' lang='lat' dir='ltr'><em>cupiendi.</em></span> <span class='ocrx_word' id='word_1_746' title='bbox 916 5350 964 5407; x_wconf 84' lang='lat' dir='ltr'><em>Sic</em></span> <span class='ocrx_word' id='word_1_747' title='bbox 1018 5348 1127 5406; x_wconf 90' lang='lat' dir='ltr'><em>tarium</em></span> <span class='ocrx_word' id='word_1_748' title='bbox 1143 5348 1256 5407; x_wconf 89' lang='lat' dir='ltr'><em>ancillis</em></span> <span class='ocrx_word' id='word_1_749' title='bbox 1271 5348 1315 5405; x_wconf 80' lang='lat' dir='ltr'><em>vel</em></span> <span class='ocrx_word' id='word_1_750' title='bbox 1331 5348 1503 5405; x_wconf 83' lang='lat' dir='ltr'><em>ancillarum</em></span> <span class='ocrx_word' id='word_1_751' title='bbox 1525 5349 1594 5408; x_wconf 85' lang='lat' dir='ltr'><em>tiliis</em></span> <span class='ocrx_word' id='word_1_752' title='bbox 1623 5352 1840 5433; x_wconf 87' lang='lat' dir='ltr'><em>derelinquens,</em></span> 
     </span>
     <span class='ocr_line' id='line_1_58' title="bbox 117 5437 1840 5513; baseline 0 -11"><span class='ocrx_word' id='word_1_753' title='bbox 117 5444 457 5508; x_wconf 84' lang='lat' dir='ltr'><em>inflammatauimum,</em></span> <span class='ocrx_word' id='word_1_754' title='bbox 474 5437 518 5496; x_wconf 84' lang='lat' dir='ltr'><em>sic</em></span> <span class='ocrx_word' id='word_1_755' title='bbox 530 5439 599 5513; x_wconf 88' lang='lat' dir='ltr'><em>igne</em></span> <span class='ocrx_word' id='word_1_756' title='bbox 611 5438 765 5511; x_wconf 82' lang='lat' dir='ltr'><em>subposuit</em></span> <span class='ocrx_word' id='word_1_757' title='bbox 775 5443 897 5506; x_wconf 90' lang='lat' dir='ltr'><em>eum,ut</em></span> <span class='ocrx_word' id='word_1_758' title='bbox 908 5438 964 5497; x_wconf 90' lang='lat' dir='ltr'><em>hcc</em></span> <span class='ocrx_word' id='word_1_759' title='bbox 1017 5439 1070 5497; x_wconf 87' lang='lat' dir='ltr'><em>sed</em></span> <span class='ocrx_word' id='word_1_760' title='bbox 1097 5437 1301 5496; x_wconf 89' lang='lat' dir='ltr'><em>tautummodo</em></span> <span class='ocrx_word' id='word_1_761' title='bbox 1330 5438 1495 5495; x_wconf 88' lang='lat' dir='ltr'><em>donationis</em></span> <span class='ocrx_word' id='word_1_762' title='bbox 1522 5456 1657 5500; x_wconf 88' lang='lat' dir='ltr'><em>munera.</em></span> <span class='ocrx_word' id='word_1_763' title='bbox 1706 5448 1840 5507; x_wconf 71' lang='lat' dir='ltr'><em>Perfecta</em></span> 
     </span>
    </p>
   </div>
   <div class='ocr_carea' id='block_1_5' title="bbox 117 5578 1845 5730">
    <p class='ocr_par' dir='ltr' id='par_1_6' title="bbox 117 5578 1845 5730">
     <span class='ocr_line' id='line_1_59' title="bbox 156 5578 1840 5665; baseline 0.004 -21"><span class='ocrx_word' id='word_1_764' title='bbox 156 5590 212 5663; x_wconf 82' lang='lat'><em>(21</em></span> <span class='ocrx_word' id='word_1_765' title='bbox 247 5585 335 5654; x_wconf 78' lang='lat' dir='ltr'><em>uait,</em></span> <span class='ocrx_word' id='word_1_766' title='bbox 350 5588 375 5640; x_wconf 80' lang='lat' dir='ltr'><em>et</em></span> <span class='ocrx_word' id='word_1_767' title='bbox 403 5584 527 5655; x_wconf 77' lang='lat' dir='ltr'><em>scripsit.</em></span> <span class='ocrx_word' id='word_1_768' title='bbox 553 5581 635 5651; x_wconf 82' lang='lat' dir='ltr'><em>Mes,</em></span> <span class='ocrx_word' id='word_1_769' title='bbox 660 5584 692 5641; x_wconf 76' lang='lat' dir='ltr'><em>tt</em></span> <span class='ocrx_word' id='word_1_770' title='bbox 718 5582 806 5654; x_wconf 75' lang='lat' dir='ltr'><em>subit.</em></span> <span class='ocrx_word' id='word_1_771' title='bbox 826 5581 935 5658; x_wconf 88' lang='lat' dir='ltr'><em>Nempe</em></span> <span class='ocrx_word' id='word_1_772' title='bbox 962 5600 996 5640; x_wconf 84' lang='lat' dir='ltr'><em>ex</em></span> <span class='ocrx_word' id='word_1_773' title='bbox 1015 5581 1086 5641; x_wconf 83' lang='lat' dir='ltr'><em>LXX</em></span> <span class='ocrx_word' id='word_1_774' title='bbox 1126 5583 1259 5655; x_wconf 72' lang='lat' dir='ltr'><em>interpr,</em></span> <span class='ocrx_word' id='word_1_775' title='bbox 1297 5580 1346 5637; x_wconf 90' lang='lat' dir='ltr'><em>ubi</em></span> <span class='ocrx_word' id='word_1_776' title='bbox 1388 5578 1497 5656; x_wconf 86' lang='lat' dir='ltr'><em>legitur</em></span> <span class='ocrx_word' id='word_1_777' title='bbox 1523 5595 1565 5643; x_wconf 75' lang='lat' dir='ltr'><em>sat</em></span> <span class='ocrx_word' id='word_1_778' title='bbox 1590 5592 1705 5661; x_wconf 69' lang='lat' dir='ltr'><em>intonsa</em></span> <span class='ocrx_word' id='word_1_779' title='bbox 1734 5600 1840 5665; x_wconf 68' lang='grc' dir='ltr'><em>στύλους</em></span> 
     </span>
     <span class='ocr_line' id='line_1_60' title="bbox 117 5656 1845 5730; baseline -0.01 -14"><span class='ocrx_word' id='word_1_780' title='bbox 117 5668 204 5725; x_wconf 58' lang='lat' dir='ltr'><em>ned.</em></span> <span class='ocrx_word' id='word_1_781' title='bbox 254 5656 326 5730; x_wconf 70' lang='lat' dir='ltr'><em>aig,</em></span> <span class='ocrx_word' id='word_1_782' title='bbox 340 5658 379 5713; x_wconf 81' lang='lat' dir='ltr'><em>Et</em></span> <span class='ocrx_word' id='word_1_783' title='bbox 393 5656 508 5726; x_wconf 71' lang='lat' dir='ltr'><em>amitit,</em></span> <span class='ocrx_word' id='word_1_784' title='bbox 531 5656 586 5712; x_wconf 87' lang='lat' dir='ltr'><em>etc.</em></span> <span class='ocrx_word' id='word_1_785' title='bbox 843 5662 850 5677; x_wconf 82' lang='lat'>’</span> <span class='ocrx_word' id='word_1_786' title='bbox 1843 5724 1845 5728; x_wconf 20' lang='grc' dir='ltr'>Ι</span> 
     </span>
    </p>
   </div>
   <div class='ocr_carea' id='block_1_6' title="bbox 0 0 2084 6184">
    <p class='ocr_par' dir='ltr' id='par_1_7' title="bbox 0 0 2084 6184">
     <span class='ocr_line' id='line_1_61' title="bbox 0 0 2084 6184; baseline 0 0"><span class='ocrx_word' id='word_1_787' title='bbox 0 0 2084 6184; x_wconf 95' lang='lat' dir='ltr'><em> </em></span> 
     </span>
    </p>
   </div>
  </div>
 </body>
</html>
