4159 6184
165 338 230 405 ate
808 333 1082 403 numuuaaou
1103 336 1180 403 als.
1200 336 1238 401 V.
1689 359 1691 362 ·
1814 326 1875 396 330

166 470 309 531 stitutum
342 458 479 546 affligam,
497 473 540 529 “ot
566 472 648 527 tauto
675 468 822 528 honorant
849 471 992 529 examine.
1008 474 1034 539 Α
1052 472 1151 538 mella,
1166 477 1195 528 et
1208 472 1319 529 intexta
1341 472 1463 532 floribus
1487 471 1592 533 horrea
1612 473 1727 531 nectare
1746 460 1874 541 quodam

167 560 649 631 Rexautemnouaorteducitur3
666 560 736 634 quia
762 560 791 616 in
816 565 893 618 sorte
908 577 994 617 even·
1049 560 1234 617 distendere?
1263 562 1371 619 Garnae
1405 578 1507 620 omnes
1542 567 1653 621 certare
1678 562 1714 617 de
1742 570 1874 622 munere,

167 656 220 709 tus
244 654 299 720 eet,
316 666 376 706 non
395 651 549 723 judicium,
565 655 594 707 et
614 666 690 723 sepo
713 650 910 707 irrationabili
926 666 995 707 casu
1051 648 1125 706 olias
1140 649 1292 723 invigilare
1305 651 1462 722 querendo
1488 652 1608 721 victum,
1624 651 1696 707 alias
1717 645 1875 704 sollicitam

168 740 259 797 sortis
273 738 446 797 melioribus
459 738 579 795 ultimus
598 739 725 812 quisque
749 739 904 811 prefertur
920 756 927 796 :
944 756 996 795 ne·
1050 736 1156 794 castris
1169 738 1308 795 adhibere
1321 740 1495 809 custodiam,
1512 740 1586 798 alias
1598 742 1713 797 futuros
1726 734 1877 808 explorare

168 846 227 903 que
241 829 386 902 imperite
402 828 596 884 multitudinis
618 827 730 901 vulgari
751 828 880 884 clamore
895 828 996 901 signa·-
1051 827 1173 895 imbres,
1189 830 1219 883 et
1246 828 1391 900 speculari
1416 844 1578 886 concursus
1603 829 1738 893 nubium,
1755 822 1828 880 alias
1842 821 1879 875 de

163 922 231 987 tur,
246 930 309 991 que
326 934 384 973 non
401 917 502 973 merita
516 917 630 973 virtutis
645 917 792 990 expendit,
803 932 857 972 nec
872 916 998 990 publicae
1051 915 1175 971 floribus
1190 932 1272 972 ceras
1287 915 1482 989 fingerealias
1497 935 1593 974 rorem
1609 918 1741 972 infusum
1757 911 1880 969 floribus

169 1005 307 1063 utilitatis
321 1004 519 1063 emolumenta
533 1006 665 1073 rimatur,
683 1006 733 1061 sed
750 1005 927 1062 mobilitatis
943 1023 996 1061 nu·
1052 1020 1102 1059 ore
1116 1002 1268 1077 colligere3
1284 1003 1395 1060 nullam
1411 1009 1509 1062 tamen
1525 1005 1629 1062 alienis
1645 1000 1782 1059 insidiari
1799 1000 1883 1057 labo·

169 1099 216 1151 tat
229 1094 339 1151 incerto
356 1111 364 1149 ι
380 1110 473 1167 neque
488 1094 635 1168 privilegio
651 1094 850 1151 successionis
865 1098 894 1150 et
914 1110 1000 1168 gene·
1053 1093 1146 1159 ribus,
1161 1097 1191 1147 et
1205 1097 1290 1165 rapto
1305 1092 1393 1149 vitam
1410 1110 1539 1166 querere
1554 1111 1562 1151 ε
1579 1098 1667 1166 atque
1681 1091 1797 1147 utinam
1817 1105 1883 1161 rap·

167 1184 213 1240 ris
240 1182 390 1257 regalibus
415 1183 527 1239 thronis
554 1184 675 1251 insidet3
701 1183 851 1255 siquidem
876 1182 999 1255 ignarus
1053 1184 1150 1237 torum
1176 1181 1299 1248 insidias
1322 1196 1380 1237 non
1403 1182 1552 1239 timerent.
1576 1182 1673 1237 Habet
1694 1184 1796 1236 tamen
1825 1178 1885 1251 spi·
1962 1172 1967 1179 ’

157 1270 295 1345 publicae
311 1270 765 1344 conversationis,caulusatque
781 1271 919 1327 eruditus
935 1287 1000 1327 esse
1054 1269 1120 1325 cula
1148 1286 1212 1336 sua,
1236 1273 1266 1324 et
1293 1270 1369 1326 inter
1398 1268 1485 1327 mella
1515 1271 1646 1326 fundunt
1674 1285 1834 1338 uenenum,
1860 1267 1886 1324 si

166 1378 227 1418 nou
242 1360 365 1433 poterit.
381 1360 460 1417 Adde
474 1360 654 1418 adulationes
669 1365 758 1433 atqua
782 1360 918 1427 deliciae,
935 1376 999 1432 qua
1054 1357 1164 1414 fuerint
1200 1357 1351 1427 lacessita,
1395 1359 1568 1432 animasque
1610 1361 1729 1431 ponunt
1761 1358 1792 1413 in
1824 1356 1890 1413 vul·

156 1449 405 1508 tonerisinolltre
430 1450 561 1506 etatibus
584 1449 628 1506 vel
653 1467 717 1507 acre
740 1450 898 1521 ingenium
914 1464 999 1503 aner·
1054 1463 1122 1502 nere
1158 1447 1262 1502 ardore
1294 1447 1438 1504 vindicte.
1469 1448 1545 1521 Ergo
1578 1447 1689 1503 mediis
1723 1452 1888 1504 castrorum

154 1554 235 1595 aare
250 1540 484 1594 consueverunt:
508 1544 567 1594 lum
594 1537 795 1594 institutiones
819 1536 998 1609 spadonum,
1052 1534 1179 1590 vallibus
1194 1534 1365 1592 humorille
1387 1536 1463 1593 roris
1486 1536 1669 1603 infunditur,
1687 1535 1892 1609 paulatimque

166 1642 299 1701 quorum
314 1625 445 1699 plerique
467 1643 520 1683 suc
544 1627 638 1701 magis
658 1626 794 1699 questui,
820 1642 912 1697 quam
933 1625 999 1681 usui
1053 1638 1193 1695 processu
1220 1624 1361 1695 temporis
1384 1623 1414 1680 in
1439 1625 1527 1681 mella
1556 1624 1686 1698 cogitur,
1708 1640 1777 1680 cum
1806 1624 1894 1684 lberit

166 1714 288 1791 publico
324 1715 455 1771 animum
479 1714 555 1789 regis
578 1714 729 1771 inclinant.
759 1714 876 1787 Apibus
901 1717 998 1769 autem
1054 1709 1186 1784 liquidus
1215 1712 1252 1767 ab
1280 1713 1408 1781 exordio,
1439 1717 1467 1768 et
1500 1712 1607 1769 coalitu
1638 1727 1714 1768 cere
1741 1712 1811 1784 (33),
1841 1714 1892 1771 flo-

166 1802 446 1862 raxnaturaeolan's
467 1802 609 1861 formatur
631 1802 815 1877 insignibus;
833 1802 1180 1902 utmagni-Brumque
1209 1800 1297 1855 odore
1325 1800 1454 1874 fragrare
1483 1800 1582 1857 mellis
1620 1801 1731 1873 incipit
1766 1802 1892 1859 suavita·

163 1892 274 1951 tudine
299 1892 430 1965 corporis
453 1896 568 1967 prestet
590 1894 620 1949 et
643 1893 756 1964 specie;
779 1896 846 1948 tum
871 1890 949 1965 quod
970 1890 1000 1947 in
1055 1890 1125 1943 tem.
1876 1914 1880 1919 ·

168 1999 238 2056 rego
256 1980 644 2055 ,precipuumestmorum
669 1979 910 2037 mansuetudine.
926 1979 1000 2035 Nam
1088 1976 1133 2031 ⁷0.
1159 1975 1263 2033 Merito
1291 1977 1374 2049 quasi
1399 1977 1508 2033 bonam
1538 1976 1711 2050 operariam
1741 1974 1895 2050 Scriptura

168 2071 227 2128 etsi
242 2070 333 2127 babet
347 2068 488 2137 aculeum,
503 2074 602 2127 tamen
618 2086 652 2126 ao
667 2086 727 2125 non
741 2069 839 2125 utitur
854 2069 889 2123 ad
906 2067 1000 2123 nadi-
1055 2080 1139 2137 apem
1168 2064 1307 2137 predicat
1333 2066 1434 2122 dicens
1464 2083 1471 2122 :
1504 2066 1574 2123 Vade
1600 2066 1638 2122 ad
1674 2082 1765 2138 apem,
1782 2068 1807 2121 et
1830 2067 1893 2125 uide

170 2160 311 2215 candum.
328 2158 401 2213 Sunt
415 2157 491 2213 enim
506 2158 584 2231 leges
599 2162 713 2214 naturae
737 2174 796 2213 non
818 2155 934 2228 scriptae
949 2155 1001 2211 lit·
1055 2152 1186 2225 puonwdo
1213 2155 1343 2225 operaria
1369 2162 1417 2209 eat.
1448 2153 1645 2226 operationem
1676 2168 1783 2227 qaoque
1810 2170 1894 2227 quam

170 2247 254 2314 teris,
271 2246 322 2303 aad
348 2246 494 2320 impresse
518 2247 651 2303 moribus
668 2263 675 2301 ε
693 2250 726 2302 ut
740 2245 867 2301 lanioras
890 2244 950 2299 sint
965 2244 1001 2299 ad
1054 2242 1239 2297 uenerabilem
1259 2246 1398 2298 mercatur
1424 2242 1491 2315 (34),
1517 2244 1597 2316 cajeta
1622 2242 1748 2298 laborem
1771 2258 1847 2317 repes
1869 2250 1896 2302 et

173 2334 423 2409 puniendum,qui
438 2335 654 2392 maximam
674 2338 821 2407 potestate
837 2332 1000 2406 potiuntur.
1054 2330 1203 2386 medioeres
1230 2331 1267 2386 ad
1292 2333 1410 2388 saluam
1431 2336 1557 2387 sumunt.
1573 2332 1742 2403 Appetibilia
1762 2335 1838 2390 enim
1856 2338 1897 2392 ert

170 2424 237 2480 Sed
252 2428 280 2480 ct
299 2438 365 2497 apes
388 2422 443 2479 ille
467 2439 531 2496 que
555 2440 613 2480 non
637 2420 874 2495 obtemperarint
888 2420 1002 2494 legibus
1055 2419 1181 2474 omnious
1206 2422 1232 2474 et
1258 2421 1335 2475 clara
1361 2420 1418 2491 (35)
1440 2420 1536 2491 (Prae.
1551 2436 1594 2488 vr,
1619 2420 1693 2491 6-8).
1719 2422 1810 2481 Audis
1824 2424 1897 2498 quid

177 2512 259 2585 regis
280 2512 428 2585 paenitenti
451 2512 695 2569 condemnatione
719 2528 750 2568 se
775 2509 938 2578 muletant3
970 2513 1003 2565 ut
1056 2506 1134 2563 dieat
1150 2508 1313 2580 prophetat
1326 2507 1417 2564 Mittit
1432 2507 1541 2581 utique
1565 2512 1594 2564 te
1618 2514 1654 2566 ut
1681 2511 1900 2586 apiculaeillius

165 2600 384 2657 immoriantur
397 2600 487 2657 aculei
509 2601 555 2657 sui
580 2602 714 2657 vulnere.
740 2599 821 2666 Quod
846 2598 1001 2655 Persarum
1056 2595 1190 2666 sequaris
1219 2595 1398 2668 exemplum,
1416 2595 1554 2656 imiteris
1582 2601 1788 2672 operationem.
1805 2604 1901 2663 Vides

173 2688 277 2763 populi
299 2688 441 2762 hodieque
466 2706 580 2747 seruare
607 2690 749 2745 dicuntur
766 2706 772 2745 :
789 2691 824 2744 ut
846 2703 898 2759 pro
923 2704 1002 2743 com·
1057 2700 1146 2757 quam
1162 2682 1319 2753 laboriosa,
1338 2700 1427 2756 quam
1451 2691 1551 2756 grata
1573 2689 1620 2748 sit.
1638 2692 1760 2754 Fructus
1775 2698 1841 2772 ejus
1863 2696 1903 2757 ab

172 2774 259 2835 missi
272 2778 428 2851 pretio'ipsi
442 2780 471 2835 in
488 2796 518 2836 se
534 2778 659 2852 propriae
685 2777 791 2833 mortis
806 2782 1003 2849 exsequantur
1056 2771 1193 2829 omnibus
1209 2773 1403 2840 desideratur,
1419 2775 1447 2828 et
1473 2778 1637 2855 quaeritur,
1653 2803 1705 2847 neo
1720 2806 1771 2863 pro
1794 2806 1904 2865 perso-

172 2866 362 2923 sententiam.
377 2868 476 2939 ltaque
491 2866 563 2923 nulli
577 2868 621 2923 sic
636 2881 736 2939 regem
752 2864 820 2937 (31),
836 2881 893 2921 noa
908 2866 1001 2924 Persa
1057 2878 1162 2918 narum
1182 2862 1352 2919 diversitate
1375 2862 1587 2927 discernitur:
1603 2877 1653 2934 sed
1669 2879 1827 2940 indiscreta
1852 2886 1901 2944 gui

172 2954 226 3028 qui
255 2954 441 3028 grauissimas
468 2956 498 3011 in
526 2952 664 3012 subditos
689 2954 801 3009 babent
824 2951 913 3026 leges,
944 2972 1001 3012 non
1056 2950 1150 3025 gratia
1182 2951 1302 3023 regibus
1338 2949 1448 3025 puriter
1481 2968 1524 3012 ac
1561 2968 1757 3031 mediocribus
1791 2977 1899 3050 equali

171 3043 252 3112 ludi,
269 3060 326 3099 aon
350 3042 448 3116 populi
462 3045 665 3101 Sarmatarum
693 3044 776 3097 tanta
800 3046 910 3113 quanta
933 3060 1002 3117 apes
1056 3038 1198 3096 suavitate
1226 3040 1376 3099 dulcescit.
1418 3038 1478 3095 Neo
1520 3048 1618 3112 salum
1657 3061 1797 3135 voluptati
1844 3070 1895 3127 sed

164 3131 336 3189 ¹reverentia
350 3130 506 3188 deuotionis
520 3132 693 3198 obseruant;
719 3132 753 3186 ut
777 3126 1000 3202 nullaee'domi-
1055 3129 1145 3185 etiam
1160 3128 1248 3185 saluti
1274 3133 1336 3198 est;
1362 3129 1461 3185 lauces
1488 3134 1631 3201 obdulcat
1668 3155 1696 3207 et
1720 3111 1809 3212 curat,
1829 3159 1893 3214 vul·

173 3222 232 3277 bus
244 3220 323 3275 exire
338 3220 473 3289 audeant,
488 3238 546 3277 non
562 3220 592 3276 in
606 3217 724 3293 aliquos
740 3218 856 3290 prodire
871 3220 928 3293 (32)
949 3203 1036 3294 per-C
1056 3231 1137 3284 nera,
1165 3216 1289 3275 internis
1318 3233 1434 3292 quoque
1471 3188 1726 3295 medicamentum
1763 3241 1893 3303 infundit

173 3312 249 3377 atus,
268 3306 323 3364 nisi
338 3324 387 3365 rex
400 3308 487 3366 fuerit
501 3310 595 3382 primo
611 3322 763 3381 egressus,
775 3310 803 3362 et
817 3306 930 3365 volatus
943 3310 999 3366 sibi
1054 3305 1212 3362 ulceribus.
1241 3309 1342 3381 ltaque
1370 3306 1448 3363 108
1476 3324 1546 3369 oum
1578 3320 1618 3375 sit
1655 3323 1774 3385 infirma
1804 3333 1891 3389 roba.

170 3394 365 3454 vindicaverit
376 3396 581 3471 principatum.
1054 3410 1086 3450 re
1101 3391 1176 3466 apis,
1191 3395 1288 3452 valida
1301 3400 1346 3453 est
1359 3395 1458 3468 vigore
1471 3400 1623 3471 sapientie
1638 3414 1667 3467 et
1683 3428 1782 3471 amore
1796 3418 1888 3475 virtu.

207 3486 254 3543 63.
268 3488 423 3543 Processus
452 3490 548 3543 aulem
576 3488 623 3542 est
652 3500 706 3559 per
733 3498 803 3538 rura
828 3484 999 3561 redolentia,
1054 3483 1103 3539 tis.

169 3575 224 3632 ubi
238 3574 404 3631 inhalantes
416 3574 492 3631 horti
509 3574 642 3641 floribus,
654 3570 707 3629 ubi
723 3570 839 3644 lugiens
855 3574 934 3631 rivus
949 3594 1001 3649 per
1089 3570 1134 3626 fl.
1155 3570 1286 3643 Denique
1314 3588 1413 3644 regem
1441 3590 1529 3633 suum
1558 3598 1679 3641 summa
1706 3592 1889 3660 protectione

171 3662 318 3737 maurina,
334 3662 383 3719 ubi
398 3678 511 3719 amaena
525 3660 659 3736 riparum
676 3678 683 3716 ε
706 3658 766 3715 illic
784 3656 872 3717 ludus
895 3661 1000 3723 alacris
1053 3658 1224 3726 defendunt,
1241 3663 1270 3715 θῑ
1293 3661 1385 3733 petire
1399 3678 1452 3733 pro
1467 3680 1501 3719 00
1515 3667 1675 3737 pulchrum
1700 3679 1815 3745 putant,
1839 3682 1887 3735 [ῃ.

166 3751 346 3826 juventutis,
360 3750 418 3807 illic
441 3754 603 3825 campestre
627 3748 810 3814 exercitium,
830 3749 890 3807 illic
915 3769 999 3811 oura—
1054 3746 1162 3806 columi
1187 3762 1254 3821 rege
1277 3747 1413 3805 nesciunt
1436 3754 1552 3811 mutare
1573 3758 1731 3830 judicium,
1757 3770 1886 3824 mentem

169 3858 239 3897 ram
256 3839 399 3896 remissio.
412 3840 491 3913 Opus
515 3841 613 3914 ipsum
642 3854 743 3903 suave,
760 3838 796 3893 da
816 3838 947 3911 floribus,
964 3844 999 3901 de
1054 3836 1361 3905 inflectere:amissa,
1385 3837 1474 3895 fldem
1498 3844 1882 3910 servandimunerisdere-

167 3927 273 3985 herbis
287 3925 421 3983 dulcibus
439 3928 613 3985 fundamina
637 3930 803 3983 castrorum
829 3928 924 4000 prima
947 3948 998 4005 pa·
1053 3924 1201 4000 linquunt,
1218 3924 1391 3999 atqueipse
1420 3944 1476 3984 sua
1501 3931 1591 3989 mella
1618 3933 1780 4006 diripiunt;
1805 3942 1883 4011 quad

169 4020 294 4073 uantur.
309 4014 382 4079 Quid
397 4016 473 4072 enim
501 4016 580 4073 aliud
605 4020 650 4073 est
673 4014 769 4083 favus,
786 4014 843 4072 nisi
863 4020 997 4089 quaedam
1053 4016 1145 4088 isqui
1162 4014 1360 4088 principatum
1389 4014 1494 4073 habuit
1516 4021 1659 4088 muneris,
1684 4021 1883 4099 iuteremptus

167 4106 337 4161 meorum
359 4104 491 4177 speciest
515 4105 644 4179 Denique
672 4106 709 4161 ab
740 4102 788 4160 his
819 4098 999 4180 praesepibus
1053 4108 1107 4161 est.

166 4196 263 4265 'rapum
279 4190 363 4248 lacus
378 4196 502 4249 arcetur.
517 4193 587 4257 Quae
601 4198 699 4249 castra
714 4192 858 4265 quadrata
881 4198 997 4255 tantum
1087 4194 1132 4249 72·
1150 4193 1248 4265 ltaque
1263 4208 1331 4249 cum
1346 4210 1414 4252 aves
1429 4194 1491 4251 aliae
1504 4197 1553 4253 vix
1567 4199 1597 4255 iu
1614 4216 1692 4256 auno
1708 4201 1797 4257 edant
1820 4204 1881 4258 sin-

169 4281 300 4354 possunt
312 4278 420 4337 babere
439 4281 511 4337 artis
538 4286 566 4337 et
589 4281 701 4355 gratiae,
721 4286 864 4353 quantum
889 4282 997 4343 habent
1052 4280 1137 4355 gulos
1152 4282 1239 4351 letus,
1256 4298 1325 4354 apes
1341 4282 1474 4354 geminos
1501 4292 1610 4356 areant,
1626 4292 1655 4344 et
1669 4288 1779 4361 duplici
1797 4297 1881 4349 cete-

168 4370 268 4425 crates
295 4368 436 4438 favorum,
463 4369 493 4425 in
522 4370 631 4443 qulbus
657 4370 779 4425 minute
805 4386 839 4427 ac
867 4374 998 4431 rotunde
1052 4370 1094 4427 ris
1109 4369 1284 4428 fecunditate
1300 4373 1534 4445 praeponderant.

166 4454 285 4513 cellulae
315 4457 492 4514 cannamone
520 4458 566 4514 sui
592 4458 716 4514 invicem
741 4458 909 4517 iaciuntur?
927 4461 998 4526 Quis
1356 4494 1472 4554 CAPUT
1494 4500 1569 4556 ,(ΧΠ

165 4544 349 4647 mmmm
372 4562 420 4603 ⁰³⁵
442 4547 542 4603 dmm
565 4544 727 4647 h‚⁰¹⁸g⁰ni⁸
752 4546 803 4603 ΜΕ
824 4549 1035 4637 οΘΙΙΠΙΜΗῙῘῙΙ)
1054 4583 1181 4641 Volatiiia
1194 4599 1245 4638 aar
1258 4583 1389 4640 caemar
1411 4586 1541 4645 volantia
1559 4606 1594 4645 su
1616 4606 1648 4646 er
1672 4595 1781 4647 terram
1797 4609 1881 4649 secus

165 4632 466 4693 indiscretalalernm
482 4634 649 4708 equalitate
660 4652 880 4709 componerem
894 4643 998 4699 tenues
1090 4656 1309 4711 firmamentum
1338 4655 1412 4712 00211,
1446 4659 1532 4733 ,pm
1565 4606 1666 4718 ibfdem
1698 4662 1731 4718 p,
1758 4681 1791 4719 ,a
1819 4678 1881 4735 w

164 4724 248 4780 inter
265 4722 419 4780 domorum
447 4728 529 4796 septa
556 4741 636 4782 ceras
666 4725 856 4798 suspendere,
888 4729 997 4803 stipare
1088 4727 1245 4783 obseruator
1274 4728 1304 4781 in
1331 4728 1441 4795 auitas,
1474 4734 1596 4803 corporis
1628 4733 1794 4791 diversitate.
1824 4738 1879 4789 Po·

205 4854 338 4940 (dilvet.
353 4856 423 4941 edit.
439 4856 532 4931 ltoqae
558 4860 632 4914 nulli
660 4860 731 4915 ciam
752 4876 828 4929 repas
850 4864 998 4921 Persarum
1087 4862 1143 4936 (33)
1166 4860 1237 4917 uss.
1262 4862 1406 4933 nonnulli,
1432 4869 1459 4921 et
1485 4868 1590 4922 nutrito
1618 4874 1644 4923 et
1669 4866 1768 4922 coalito
1793 4882 1876 4937 cerae,

166 4932 227 4983 tam
255 4944 441 4998 procerrimae.
465 4970 472 4983 .
496 4970 502 4982 .
525 4972 531 4983 .
552 4934 658 4986 tantam
679 4938 897 5005 quantamopes.
924 4936 994 4993 llss.
1051 4939 1106 4992 etc.

166 4996 295 5083 aliquot,¹
322 4998 413 5071 troque
435 5000 509 5055 naiti
532 5002 572 5056 aia
594 5016 685 5073 repam
712 5018 768 5058 con
797 5008 925 5089 persequi
952 5008 995 5064 vel
1086 5005 1142 5079 (dl)
1167 5008 1250 5084 Rom
1275 5002 1356 5074 edit,
1380 5008 1564 5065 uenerabilem
1583 5010 1668 5131 (facit.
1694 5007 1806 5078 Nempe
1831 5024 1877 5065 se·

162 5084 305 5143 maeque.
329 5112 336 5125 .
359 5113 365 5127 .
388 5110 395 5126 .
422 5080 537 5139 tamara,
567 5077 709 5143 quantam.
727 5074 795 5133 ,Sed
832 5078 996 5135 scribarum
1050 5084 1119 5135 cata
1143 5076 1214 5133 LXX
1239 5079 1345 5147 interp.
1362 5079 1523 5135 secundum
1548 5092 1580 5131 cc
1604 5077 1676 5133 icem
1702 5077 1877 5136 Vaticanum

165 5156 252 5197 error
283 5146 336 5223 est¹
361 5158 450 5215 quam
476 5142 526 5199 alii
556 5150 584 5199 et
614 5145 696 5200 Ram.
727 5144 796 5200 edit.
826 5148 994 5206 restituunt.
1051 5148 1307 5212 etflorentinum,
1324 5146 1374 5201 ubi
1398 5146 1515 5220 legitur,
1530 5153 1642 5205 ecclesa.
1659 5146 1728 5203 Alie
1752 5148 1822 5205 edit.
1848 5157 1878 5207 et

165 5212 312 5297 Ceterum
329 5210 401 5269 illud
416 5228 432 5270 e
447 5212 466 5269 l.
481 5230 510 5269 nv
524 5213 617 5285 Georp.
634 5214 725 5273 voluit
740 5216 783 5271 vir
798 5222 917 5275 sanctus
928 5220 994 5277 imi·
1051 5237 1154 5279 omnes
1169 5236 1241 5276 mss.
1264 5259 1270 5273 .
1293 5258 1300 5271 .
1316 5222 1454 5275 narrator
1467 5240 1478 5275 .·
1493 5219 1657 5276 secundum
1668 5218 1812 5276 Veretum
1828 5236 1876 5277 co·

166 5288 237 5340 tfll'l·
1050 5294 1155 5359 dicem,
1171 5291 1233 5358 ubi,
1247 5298 1416 5365 ἔμποριύιται.

1165 5365 1296 5428 Quatucr
1323 5378 1407 5429 mss,
1436 5362 1528 5417 atara.
1557 5360 1614 5417 Alii
1643 5365 1672 5419 et
1697 5362 1780 5429 edit..
1798 5363 1876 5419 clara

1148 5438 1253 5507 nterp.,
1270 5438 1385 5502 ἐπίδοξος.
1400 5434 1507 5489 Totum
1531 5430 1628 5489 locum
1657 5450 1715 5490 ms.
1732 5436 1809 5490 Gen.
1835 5434 1877 5490 ita

196 5524 219 5574 0
240 5528 358 5575 gem,
1049 5507 1175 5584 exhibet,
1189 5503 1269 5559 cade.
1292 5542 1299 5557 .
1321 5546 1328 5560 .
1350 5509 1375 5560 et
1389 5505 1449 5577 ejas
1462 5504 1574 5561 imitare
1587 5507 1785 5578 operationem.
1812 5505 1877 5578 Ope·

527 5641 533 5655 ,
1048 5580 1183 5637 rationem
1196 5588 1314 5646 normae
1332 5591 1415 5650 qaam
1432 5577 1617 5634 umerabilem
1638 5580 1778 5638 mercatur
1798 5591 1874 5649 opes,

199 5639 260 5715 (30)
277 5639 345 5699 flod.
362 5640 435 5700 bene
450 5641 545 5713 multa,
556 5657 613 5699 aaa
626 5643 732 5717 aliquos
744 5643 832 5701 adire.
1048 5652 1137 5725 mjae,
1152 5648 1206 5706 etc.

196 5400 330 5515 {rama
342 5413 433 5467 regem
447 5414 502 5473 non
515 5399 552 5451 rie
567 5400 703 5465 AEgyptus,
719 5403 746 5451 et
757 5401 852 5466 ingens
1049 5364 1146 5493 Lffi

218 5476 238 5574 ζ
267 5474 290 5521 a,
306 5474 356 5513 nea
369 5462 463 5527 popula
477 5462 644 5522 Parthorum,
661 5462 810 5515 autllfedus
825 5466 963 5532 Hydaspes
