4159 6184
176 315 178 322 ’
244 315 303 374 687

971 317 1003 376 S.
1027 315 1212 379 attollenti
1860 333 1925 395 ιιι.

244 443 341 500 omnis
354 442 500 516 potentia,
517 443 594 516 quod
608 445 666 518 regi
682 445 801 502 calicem
817 447 913 503 dabat.
926 447 991 502 Haec
1006 446 1065 520 glo·
1080 449 1106 515 A
1122 448 1298 522 loquebatur
1311 453 1411 510 dicens
1422 455 1459 511 ad
1479 471 1566 511 eum:
1597 479 1612 505 a
1629 456 1740 512 Memor
1752 461 1807 515 esto
1818 477 1860 533 per
1871 469 1905 522 te·

244 533 287 589 ria
302 531 393 602 illius,
409 531 470 588 heac
485 533 702 607 magnificentia
717 534 747 589 in
765 533 819 589 hoc
848 534 955 592 seculo
973 552 979 590 :
1010 536 1065 591 hac

242 621 432 678 defraudatus
446 622 563 679 dolebat
578 641 585 692 ;
603 621 670 678 huic
685 624 815 680 redditus
848 625 1075 698 gratulabatur„

241 708 297 768 Sed
311 710 369 768 hoo
381 711 529 768 somnium
545 715 598 779 est,
615 715 643 767 et
675 713 772 768 omnis
805 711 935 786 patentia
965 712 1063 769 saeculi

242 800 401 870 somnium,
418 817 476 856 aon
491 801 598 856 veritas
613 803 668 857 est.
691 801 820 874 Denique
835 817 886 874 per
914 801 1063 858 somnium

240 890 314 947 vidit
328 889 408 946 reddi
423 890 619 962 principatum
637 906 734 947 suum.
749 891 784 946 Et
813 890 903 947 isaias
922 890 994 947 dicit
1024 891 1066 945 ita

241 993 307 1034 esse
324 977 495 1048 hujusmodi
510 978 656 1046 homines,
671 979 721 1051 qui
736 979 766 1034 ia
782 978 836 1035 hoc
851 978 957 1035 seculo
973 978 1065 1035 delec-

240 1069 341 1123 tantur
354 1067 493 1124 secundis
508 1068 605 1137 rebus,
621 1067 697 1124 sicut
716 1068 767 1140 qui
783 1069 812 1123 in
841 1067 952 1124 somnis
980 1085 1064 1123 maa·

241 1155 330 1212 ducat
342 1159 372 1212 et
387 1156 470 1213 bibit.
487 1155 603 1213 videtur
622 1156 678 1212 sibi
707 1158 771 1213 cibo
801 1162 853 1212 aut
881 1160 962 1230 potu,
992 1157 1064 1212 dom

241 1244 360 1314 dormit,
376 1244 480 1318 repleri
498 1261 504 1300 :
522 1245 573 1300 sad
588 1261 657 1301 oum
672 1243 861 1318 evigilaverit,
877 1245 981 1317 incipit
994 1261 1064 1300 esu·

241 1333 300 1389 rire
313 1333 442 1406 amplius
458 1351 465 1402 3
482 1338 510 1390 et
524 1337 577 1389 tun
593 1333 749 1407 cintelligit
769 1350 858 1406 quam
888 1333 986 1389 inanis
1014 1332 1065 1388 ille

242 1422 323 1479 cibus
343 1427 373 1479 et
396 1427 482 1494 potus
517 1422 602 1478 fuerit
629 1422 804 1478 somniantis
832 1423 886 1493 (lac
914 1440 990 1486 xxix,
1011 1423 1062 1494 Sl:

241 1511 284 1567 sic
300 1511 348 1583 qui
365 1511 474 1567 dormit
487 1511 514 1566 ia
544 1511 599 1566 hoc
629 1510 745 1576 eraculo,
780 1527 831 1565 nec
864 1511 965 1566 orarios
997 1528 1064 1582 apc-

240 1601 278 1656 rit
306 1601 510 1672 admysleriu
538 1600 644 1668 divina,
676 1600 805 1671 quandiu
835 1617 938 1655 somna
962 1615 1064 1672 grava·

240 1693 288 1744 tur
302 1690 442 1762 corporis,
458 1693 542 1762 putat
557 1688 682 1760 alicujus
697 1689 837 1744 momenti
846 1703 910 1744 esse
922 1688 996 1743 hacc
1012 1705 1064 1743 sea-

1121 537 1290 610 metipsum,
1308 563 1323 590 a
1339 541 1393 597 hoc
1408 546 1463 608 cst,
1478 541 1626 598 vel-officii
1641 542 1684 598 tui
1713 549 1908 620 comtemplatio·

1120 627 1240 698 nequid
1256 629 1385 686 audieris
1401 632 1561 688 recantare.
1578 632 1634 688 Sed
1658 631 1713 688 etsi
1727 651 1804 691 aune
1822 638 1910 698 oblitae

1119 730 1161 780 es,
1178 732 1291 772 memor
1304 718 1362 774 eris
1376 719 1431 774 mei
1450 737 1456 780 :
1474 724 1506 775 ut
1519 722 1626 776 evadas
1642 721 1912 797 periculumquiubli·

1119 806 1168 857 tua
1182 821 1214 860 es
1229 805 1414 863 beneficium.
1431 809 1540 864 Tamen
1556 807 1651 864 elatus
1670 810 1853 882 potentianae
1877 834 1910 873 re·

1119 893 1304 950 cordabatur.
1320 895 1353 950 llt
1368 901 1476 968 quauta
1492 896 1552 953 hac
1569 898 1707 971 potentia,
1723 899 1770 954 ubi
1792 901 1846 957 siai
1868 906 1912 959 mi·

1119 980 1272 1037 cisteriam
1291 983 1358 1053 (32).
1376 984 1416 1039 lin
1434 986 1511 1041 unde
1527 986 1913 1062 omnisjactaatia3quiaerat

1120 1069 1284 1140 spadonum
1305 1072 1554 1146 prepositus,qui
1581 1075 1683 1130 vinum
1711 1075 1816 1148 poculis
1841 1081 1913 1154 regiis

1119 1157 1336 1214 ministrabant.

1153 1247 1198 1301 33.
1217 1269 1231 1296 a
1248 1247 1282 1302 lit
1298 1247 1469 1316 factumest,
1485 1249 1592 1324 inquit,
1619 1256 1686 1325 post
1696 1252 1837 1309 biennium
1851 1256 1913 1326 (Geta

1119 1350 1175 1399 aar,
1191 1335 1227 1401 i).
1247 1357 1258 1385 ι
1277 1336 1400 1393 Mentior
1415 1337 1450 1394 de
1462 1339 1517 1395 hac
1532 1339 1624 1395 nostri
1642 1341 1778 1412 spadonis
1793 1346 1914 1416 tempore,

1120 1423 1175 1477 nisi
1189 1429 1217 1478 ει
1232 1424 1293 1478 dies
1310 1427 1443 1482 convenit
1456 1427 1532 1499 (33);
1556 1428 1626 1501 quia
1640 1433 1706 1501 past
1720 1430 1858 1486 biennium
1880 1449 1914 1488 re·

1120 1513 1193 1582 cepit
1208 1513 1348 1580 osticium,
1366 1529 1418 1569 nac
1435 1517 1603 1572 reeordatus
1618 1521 1673 1584 est,
1693 1520 1742 1574 sed
1770 1520 1917 1575 admonitus

1120 1602 1259 1671 cognorit
1274 1602 1350 1656 enim
1367 1605 1546 1675 quodetiam
1566 1621 1687 1678 regnum
1702 1606 1796 1678 ipsum
1823 1608 1849 1662 ia
1874 1608 1917 1663 boc

1120 1689 1226 1744 saecrrlo
1242 1694 1319 1745 osset
1334 1693 1493 1758 sonnium,
1509 1693 1559 1765 qui
1573 1711 1625 1750 suo
1642 1694 1756 1751 somnio
1769 1712 1822 1751 nou
1842 1697 1917 1752 credi-

241 1776 370 1834 cularem
389 1779 561 1850 potentiam,
587 1777 672 1849 quasi
686 1777 715 1831 in
738 1778 850 1833 somnis
873 1793 936 1833 eam
961 1777 1039 1833 uidet
1056 1793 1061 1832 :
1078 1813 1102 1878 Β
1122 1778 1164 1832 dit
1182 1795 1188 1832 :
1205 1779 1307 1833 didicit
1322 1780 1409 1835 etiam
1424 1797 1550 1854 regnum
1562 1799 1625 1838 esse
1642 1784 1766 1849 somnia,
1781 1801 1830 1841 aec
1855 1787 1920 1858 ipso·

241 1867 290 1922 ubi
308 1864 496 1940 evigilaverit,
520 1865 712 1939 deprehendit
734 1883 821 1939 qnam
849 1866 946 1922 inanis
971 1865 1062 1936 huJ'us
1118 1884 1183 1922 rum
1200 1872 1357 1939 potestates
1371 1885 1436 1925 osse
1453 1874 1619 1942 perpetuas.
1637 1873 1693 1927 Sed
1709 1873 1765 1928 cita
1793 1873 1864 1929 hirae
1885 1873 1919 1929 la·

242 1953 485 2027 saculi-voluptas
500 1955 548 2010 sit.

1116 1972 1184 2012 curn
1200 1960 1350 2028 pretereat
1360 1957 1451 2024 dolor,
1468 1959 1919 2030 aeipsacommemoratioaeenr·

276 2043 797 2101 3l.Coasideranuacillumverum
813 2043 965 2098 Hebraeum
994 2043 1061 2115 (30),
1118 2043 1290 2098 descat:ne
1304 2042 1399 2115 ipsius
1413 2044 1533 2115 quidem
1550 2048 1697 2104 sermonis
1710 2049 1764 2104 mei
1789 2050 1920 2105 meminis·

241 2133 325 2190 illum
341 2151 398 2190 non
416 2133 534 2202 somnii,
551 2133 601 2189 sed
617 2132 746 2188 veritatis
761 2136 789 2188 et
818 2131 1061 2204 praclaraevisio·
1118 2147 1149 2186 se
1164 2131 1297 2199 delectat,
1314 2149 1401 2204 quom
1418 2138 1489 2188 tunc
1504 2136 1646 2207 temporis
1660 2137 1706 2192 vel
1735 2138 1859 2194 effuderit
1880 2139 1921 2193 do·

242 2223 289 2279 nis
304 2223 503 2296 interpretem,
519 2221 569 2294 qui
584 2221 620 2277 de
635 2221 794 2276 divinitatis
810 2220 860 2276 illa
883 2220 1064 2293 plenitudiue
1118 2220 1172 2283 lor,
1188 2219 1231 2274 vel
1247 2221 1400 2275 extorserit
1417 2221 1552 2277 Ecclesia
1577 2225 1764 2281 contumelia.

241 2311 406 2368 alibertate
424 2310 550 2368 coelestis
566 2309 665 2384 gratia
678 2310 707 2364 in
723 2309 800 2365 huno
815 2325 984 2381 corporeum
1004 2325 1064 2364 car·
1152 2310 1197 2364 3ι.
1214 2309 1387 2364 Admonitus
1403 2327 1472 2383 ergo
1487 2311 1531 2366 sui
1549 2327 1600 2384 per
1614 2314 1764 2370 somnium
1785 2315 1857 2388 regis
1874 2314 1921 2368 ait:

242 2417 337 2457 cerem
354 2400 475 2466 arcuerit,
488 2415 575 2471 quem
592 2415 650 2454 aon
667 2397 762 2470 potuit
773 2398 870 2454 sacculi
886 2397 976 2469 hujus
1000 2397 1061 2452 ille·
1118 2398 1302 2453 «Peccatum
1324 2415 1423 2454 meum
1446 2400 1582 2456 recordor
1596 2402 1737 2475 (lbid.9).»
1748 2403 1921 2475 Seraqaidcm

242 2491 328 2546 cahra
340 2493 464 2557 mutare,
482 2506 538 2544 uon
556 2487 617 2543 ullu
631 2487 793 2558 corruptela
810 2486 965 2542 mundanas
979 2484 1062 2542 volu·
1118 2487 1240 2551 lateant,
1252 2487 1302 2542 sed
1320 2487 1431 2543 utinam
1450 2503 1518 2544 vera
1533 2490 1679 2546 consessio
1691 2493 1698 2546 l
1711 2492 1778 2548 Post
1793 2496 1922 2565 peccatam

241 2579 330 2651 ptatia
344 2581 480 2648 evertere,
496 2577 545 2648 qui
562 2581 764 2632 tantatusnon
780 2575 896 2641 decidit,
917 2575 1063 2648 appetitus
1118 2576 1226 2642 lateris,
1240 2577 1316 2646 quod
1334 2582 1400 2630 ante
1412 2581 1565 2649 peccatum
1582 2581 1921 2645 cav·eredebueras.0uam

241 2683 299 2722 noa
314 2667 463 2740 appetivit,
479 2673 626 2738 postremo
641 2664 805 2720 adulterina
820 2664 946 2736 quadam
972 2669 1063 2735 Syna·
1117 2665 1173 2720 cito
1188 2664 1298 2720 oblitus
1314 2670 1464 2720 l'ueraa:«
1487 2666 1598 2722 Memor
1612 2672 1675 2724 esto
1706 2668 1762 2725 mei
1791 2668 1862 2741 (Gen.
1887 2685 1923 2735 aa,

240 2771 320 2829 gogus
334 2771 423 2811 manu
443 2759 523 2811 veste
548 2753 678 2826 corporis
703 2753 913 2825 apprehensus,
944 2768 1062 2808 carnem
1118 2753 1173 2825 ll).
1187 2775 1201 2804 u
1214 2753 1277 2808 Scis
1293 2769 1397 2825 nempe
1426 2759 1497 2809 tunc
1523 2756 1760 2827 temporishunc
1780 2757 1865 2812 luisse
1876 2771 1925 2810 aer·

240 2845 329 2913 eruit,
346 2843 420 2900 liber
434 2843 538 2898 mortis
553 2841 694 2898 ascendit.
711 2841 896 2898 calumniata
910 2845 954 2895 est
969 2856 1062 2896 mere·
1118 2858 1235 2897 monem
1247 2841 1512 2898 :sedbtusasaures
1527 2843 1655 2899 habebas
1672 2845 1749 2902 fastu
1765 2845 1927 2919 potentian

143 2989 148 2992 .
239 2934 307 3002 tria,
324 2931 374 2987 ubi
387 2947 453 2988 eum
470 2935 568 2988 tenere
584 2948 641 2987 non
657 2930 762 3004 potuit,
778 2945 865 3001 quem
882 2945 979 2985 carcrr
1005 2946 1063 2984 non
1117 2930 1177 2986 viai
1191 2930 1291 2986 ebrius
1302 2931 1504 2986 uouaudiobas
1516 2933 1788 2990 verbaaobrietatis.
1800 2933 1847 2988 Vel
1859 2947 1926 2988 uuae

242 3019 355 3089 terruit,
372 3036 430 3075 non
444 3019 557 3075 interna
572 3023 748 3075 tenuerunt:
765 3019 835 3092 quin
849 3018 936 3074 etiam
948 3033 1062 3091 quove·
1119 3025 1267 3076 memento
1283 3019 1349 3085 mei,
1366 3020 1417 3091 qui
1433 3026 1583 3091 peccatum
1597 3038 1662 3078 sero
1678 3022 1788 3079 tataris.
1813 3020 1864 3087 Qui
1883 3036 1923 3074 ro·

243 3110 297 3167 luti
312 3109 478 3183 puniendus
497 3109 696 3176 descenderat,
714 3108 780 3164 inde
810 3107 882 3163 alios
908 3107 1062 3165 liberavit:
1121 3124 1173 3180 gas
1188 3107 1337 3164 servulum
1352 3107 1470 3176 Christi,
1487 3125 1540 3164 cur
1553 3109 1714 3167 Dominum
1738 3110 1851 3184 aegas?
1875 3109 1927 3162 lue·

245 3201 296 3257 ubi
311 3199 367 3273 ipsi
383 3198 604 3271 stringebantur
619 3198 721 3254 mortis
743 3195 868 3264 vincula,
894 3196 935 3252 ibi
959 3174 1102 3253 taxavttG
1123 3197 1218 3253 briaae
1229 3197 1293 3268 jam
1308 3213 1366 3253 nou
1382 3199 1459 3267 vino,
1473 3198 1524 3252 sed
1540 3198 1650 3270 Spiritu
1672 3204 1786 3256 sancto.
1803 3195 1927 3254 Recorda-

245 3293 309 3365 ipsa
322 3287 439 3345 vincula
459 3293 651 3343 mortuorum.
1123 3303 1152 3342 re
1168 3286 1237 3360 quid
1252 3303 1358 3359 passus
1373 3286 1422 3352 ait,
1438 3303 1506 3342 cum
1522 3303 1579 3358 quo
1591 3287 1729 3345 dormisti
1744 3303 1875 3345 somnum
1888 3291 1929 3340 tu-

283 3382 327 3436 32.
344 3378 503 3435 Considera
517 3393 585 3449 ergo
599 3376 690 3433 istum
702 3375 853 3431 Hebraeum
865 3374 1009 3430 dicentem
1022 3373 1066 3429 illi
1123 3393 1184 3443 um,
1200 3381 1229 3431 et
1242 3375 1394 3431 somniasti
1411 3376 1678 3448 somniumlltipse
1686 3376 1855 3451 praepositus
1863 3378 1924 3434 erat,

244 3471 433 3548 prepositum
449 3467 624 3540 spadonum,
641 3464 691 3537 qui
716 3468 897 3521 contraxerat
925 3465 1066 3520 oll'ensam
1122 3471 1149 3522 ει
1165 3464 1336 3538 praepositus
1351 3463 1504 3536 epularum
1516 3465 1602 3538 regis,
1619 3481 1686 3537 quaa
1698 3467 1738 3523 ad
1758 3482 1830 3538 opus
1850 3465 1928 3535 pisto-

245 3562 366 3636 regiam,
383 3573 471 3631 quem
493 3556 658 3611 restituerat
680 3553 793 3610 muneri
809 3570 862 3610 suo
880 3571 886 3609 :
913 3575 928 3604 κ
955 3553 1066 3609 Memor
1119 3555 1197 3610 rium
1213 3553 1407 3626 pertinebant.
1424 3552 1587 3609 Sublimem
1598 3569 1629 3609 se
1644 3570 1711 3611 esse
1723 3550 1927 3621 credebatque

245 3657 307 3709 esto
321 3665 373 3723 per
387 3647 585 3718 temetipsum,
600 3661 667 3700 cuna
683 3644 736 3699 tibi
752 3644 824 3699 bene
838 3645 957 3698 erit2et
976 3642 1064 3698 facies
1119 3643 1149 3698 ia
1165 3646 1307 3715 potestate
1330 3641 1457 3696 babebat
1489 3658 1593 3714 panem
1628 3644 1766 3715 regium:
1796 3639 1928 3697 nesciebat

241 3742 334 3797 inme
354 3734 641 3796 misericordiamct
664 3749 775 3788 memor
807 3731 864 3787 eris
898 3732 954 3786 mei
982 3733 1060 3802 (Gen.
1119 3734 1228 3787 multos
1242 3731 1393 3786 anfractus
1405 3746 1469 3786 esse
1491 3731 1760 3814 hujus-potentiae.
1778 3729 1928 3786 Minabatur

236 3845 275 3895 xi,
296 3830 348 3900 tl).
367 3850 386 3906 s
393 3826 459 3882 ldeo
473 3824 601 3880 secundo
617 3824 759 3894 repetivit,
781 3821 850 3893 quia
865 3821 975 3876 sciebat
1003 3837 1059 3876 rina
1118 3821 1192 3890 aliis,
1209 3822 1272 3892 ipse
1285 3835 1352 3875 moa
1364 3818 1508 3891 supplicio
1523 3819 1678 3876 dedendus
1690 3824 1837 3883 extremo,
1856 3813 1927 3872 audi·

185 3942 188 3948 ¹
234 3919 454 3977 recordaturum
470 3913 540 3986 quid
556 3911 695 3968 evasisset
715 3910 840 3981 injuris,
865 3925 932 3964 cum
957 3913 1061 3980 poten·
1115 3911 1248 3977 viteam,
1266 3907 1544 3981 quilicetservutus
1559 3908 1690 3979 Domini,
1716 3913 1814 3964 umen
1843 3906 1928 3975 loque·

233 4011 308 4078 tiam
319 4003 556 4078 recepisset.ldeo
567 3999 695 4057 secundo
708 3998 944 4070 admouuit,quia
955 4014 1058 4053 saeua·
1115 4000 1203 4055 batur
1217 3997 1369 4053 oraculum
1386 4013 1392 4050 :
1410 3997 1488 4069 quad
1504 3995 1599 4068 ipsius
1614 3997 1701 4068 jussu
1719 3996 1806 4068 regis,
1823 3994 1857 4050 de
1877 4003 1928 4064 quo

233 4093 503 4159 doliberaverit3ut
515 4087 798 4162 sipriorisbenelleii
823 4103 890 4142 eum
916 4087 1059 4142 memoria
1115 4088 1169 4143 sibi
1187 4086 1349 4160 plurimum
1363 4084 1579 4152 blandiebatur,
1596 4092 1687 4159 caput
1708 4086 1870 4142 amissurus
1889 4095 1928 4134 es·

233 4203 291 4242 non
303 4186 424 4250 teneret,
441 4180 484 4236 vel
507 4177 676 4251 posterioris
687 4176 810 4245 subiret,
826 4193 884 4231 uon
895 4176 1057 4247 despiceret
1114 4182 1168 4240 set.
1184 4192 1251 4232 esca
1266 4175 1368 4232 ambus
1379 4174 1637 4246 derelinquendus.
1653 4173 1708 4230 Vel
1724 4174 1779 4230 hoc
1794 4176 1822 4228 te
1842 4183 1928 4226 exem·

234 4279 380 4331 auctorem
397 4270 502 4327 salutis
519 4286 589 4336 suaa,
607 4283 664 4322 aon
688 4267 799 4338 perfida
820 4265 1056 4336 prevaricatione
1112 4265 1193 4338 plum
1209 4280 1345 4321 revocare
1354 4263 1488 4330 debebat,
1506 4268 1539 4318 ut
1552 4261 1683 4335 pertidia
1700 4279 1759 4319 aon
1775 4261 1907 4317 crederes.

232 4361 361 4418 violaret.
375 4360 430 4415 Sed
447 4359 523 4430 quod
540 4359 623 4430 pejus
638 4361 693 4422 eat,
711 4355 767 4410 cito
793 4354 924 4410 beneficii
955 4355 1056 4424 irrepit
1146 4356 1190 4409 35.
1207 4355 1282 4410 Sunt
1296 4356 1325 4408 ει
1341 4351 1398 4407 εΙὶε
1413 4350 1546 4424 exempla
1566 4351 1602 4407 de
1627 4353 1707 4408 laetu
1723 4355 1752 4408 et
1779 4346 1923 4422 fragilitate

232 4445 424 4509 moblivio
440 4447 576 4504 secundis
591 4447 688 4501 rebus.
705 4443 847 4499 ltedditus
877 4441 971 4497 officio
1001 4457 1054 4497 suo
1111 4443 1312 4499 ministrorum
1335 4440 1570 4513 regaliumque
1598 4439 1772 4513 posterioris
1799 4433 1927 4508 temporis

231 4557 289 4596 aon
305 4541 350 4592 eat
366 4551 477 4590 memor
493 4535 586 4590 laetus
602 4533 779 4604 interpretis,
795 4532 846 4588 sed
871 4531 979 4588 oblitus
1008 4535 1052 4586 est
1065 4538 1090 4602 υ
1107 4533 1230 4589 historia
1244 4532 1342 4588 habet.
1361 4531 1395 4586 Et
1411 4529 1504 4586 llaech
1520 4530 1697 4602 prepositus
1712 4534 1788 4597 erat,
1812 4530 1841 4582 et
1865 4537 1926 4596 prae·

229 4643 296 4686 eum
312 4625 379 4698 (31).
396 4624 450 4679 Sed
466 4623 521 4678 etsi
533 4621 580 4677 ille
590 4621 825 4689 obliviscebatur,
842 4621 975 4676 Christus
992 4637 1050 4675 non
1107 4622 1220 4694 positus
1231 4621 1309 4692 regis
1320 4617 1494 4674 animalium
1515 4618 1551 4673 ad
1573 4617 1766 4691 disciplinam
1788 4612 1922 4670 mulorum

229 4714 457 4776 obliviscebatur
473 4727 479 4765 ε
497 4711 547 4766 sed
560 4709 736 4782 loquebatur
750 4709 786 4777 ei,
803 4715 831 4766 et
842 4727 893 4783 per
901 4711 1049 4765 servulum
1104 4710 1228 4782 (34),boc
1238 4705 1923 4780 est,spadonumanimaliumllicquoquesacor-

262 4831 408 4907 (sulcate.
425 4843 607 4885 omaescum
630 4825 745 4881 duobus
762 4842 845 4891 mss..
875 4843 967 4882 aarum
995 4829 1049 4882 lle·
1103 4823 1397 4950 decensqoisiguod
1415 4822 1508 4878 etdies
1538 4823 1678 4878 conuenit.
1709 4816 1925 4898 Rorn.,·Fccl¹tm

227 4907 338 4961 brevoin.
356 4903 425 4958 blas.
442 4901 552 4966 dacem,
569 4900 660 4953 viram
674 4899 827 4953 leuraam.
842 4898 874 4952 Et
886 4897 971 4969 paulo
986 4904 1051 4970 post
1102 4904 1140 4954 est
1152 4905 1244 4952 autem
1254 4903 1314 4968 post
1345 4896 1481 4958 tenuium,
1493 4892 1603 4950 Pleuron
1625 4891 1698 4949 uidit
1726 4901 1872 4948 ammaum,

227 4977 277 5033 ubi
295 4977 377 5032 Rom.
394 4973 480 5039 edit,
496 4987 528 5026 oc
543 4971 673 5037 ubertate,
689 4976 777 5038 atque
791 4969 860 5022 edit.
884 4975 993 5024 veteres
1020 4976 1050 5026 et
1103 4971 1205 5028 alentio
1220 4968 1253 5023 de
1266 4968 1316 5023 ltoc
1329 4969 1419 5022 nostri
1445 4964 1576 5036 spadonis
1602 4969 1738 5035 tempore,
1769 4976 1824 5016 non
1851 4954 1924 5030 atro)

226 5043 733 5108 duomsa.aobiscam,ulibertate,
751 5042 848 5094 duram
867 5039 913 5092 alii
940 5041 1048 5096 balneat
1103 5057 1175 5095 mss.
1196 5036 1527 5100 vereatintextu,nisi
1557 5036 1635 5108 quod
1663 5036 1695 5090 in
1727 5031 1843 5113 duobus
1864 5025 1924 5104 123¹·

226 5119 261 5173 od
276 5119 439 5174 libertatem.
1102 5120 1185 5167 tur...
1202 5111 1235 5165 de
1250 5118 1299 5166 troc
1312 5110 1401 5164 nostri
1423 5107 1544 5178 εμαείεεε
1567 5118 1710 5179 tempores,
1739 5105 1798 5159 oisc
1825 5100 1849 5156 cl
1873 5095 1923 5149 dm

262 5189 328 5260 (st).
346 5187 434 5242 Addit
449 5187 532 5242 Ram.
550 5183 630 5250 odit,
648 5185 739 5254 lnquit
753 5184 828 5237 etaim
844 5197 850 5235 :
880 5183 912 5238 Et
934 5199 989 5238 aron
1005 5199 1048 5238 re·
1102 5183 1254 5239 amoeniot.
1270 5181 1323 5235 Hic
1338 5196 1425 5250 porro
1439 5179 1624 5250 calligonum
1638 5175 1814 5232 eunuchum
1830 5186 1846 5224 a
1862 5179 1923 5249 aaa·

226 5259 349 5314 cordatus
365 5266 403 5314 eat
415 5259 576 5330 praepositus
590 5253 904 5328 pinceracrnmlaseplr,
915 5255 959 5308 scd
975 5254 1047 5309 olli·
1102 5259 1148 5311 cto
1164 5252 1288 5325 presule
1303 5251 1489 5322 designatum
1505 5250 1584 5306 baud
1599 5250 1663 5305 sina
1690 5262 1783 5303 causa
1810 5242 1921 5298 arbitra·

226 5338 269 5384 tus
284 5337 322 5384 est
335 5330 402 5398 ejus.
419 5330 557 5394 Radriani,
568 5334 623 5383 etc.
1103 5343 1170 5382 mur
1186 5342 1193 5381 :
1210 5323 1328 5396 quiade
1344 5338 1375 5377 re
1389 5321 1529 5378 consulas
1556 5321 1625 5377 licat
1637 5324 1772 5376 nostram
1788 5314 1824 5370 ad
1852 5310 1920 5365 hunt

261 5399 328 5468 (32).
343 5401 390 5453 Sic
404 5401 473 5455 edit.
491 5399 570 5465 (titt,
589 5399 671 5453 llam.
686 5402 714 5453 ει
730 5398 860 5469 quinque
893 5411 962 5451 mss.
990 5394 1046 5451 atii
1101 5400 1259 5453 tractatum
1271 5391 1520 5449 Admonitionem.

225 5475 426 5541 ueroseptem.
443 5471 490 5525 ati
505 5472 564 5526 εἰπε·
584 5471 799 5524 ministerium?
826 5469 859 5522 Et
883 5466 964 5532 uude,
995 5475 1045 5523 etc.
1137 5468 1250 5550 (3ltlta
1264 5482 1334 5521 mss.
1352 5467 1465 5536 septem
1494 5462 1625 5520 melioris
1648 5466 1735 5517 uota.
1768 5457 1829 5513 Duo
1859 5461 1921 5506 curu

224 5544 262 5599 At
276 5540 342 5596 edit.
358 5545 521 5612 amatque
537 5542 647 5595 llra.....
664 5541 850 5595 matricuriam
868 5537 990 5594 εἐεηιιει.
1101 5540 1171 5596 adit.
1187 5537 1338 5601 omuibus,
1357 5535 1436 5603 adde,
1450 5536 1477 5592 si
1489 5535 1587 5610 placet,
1601 5532 1753 5590 mulorum.
1770 5527 1850 5595 Tres,
1878 5515 1921 5578 ati·

261 5613 317 5686 (33)
335 5610 395 5666 Vet.
412 5610 493 5674 edit,
510 5611 838 5683 sermoneitaque,
854 5613 915 5679 post
937 5611 1045 5666 bienni·
1096 5613 1197 5686 jiciom
1207 5610 1359 5670 mulorum.

224 5701 282 5754 um.
297 5683 396 5745 aava
410 5681 443 5744 dc
457 5681 505 5740 loc
520 5682 608 5740 castrt
620 5680 741 5758 epodon
757 5683 886 5765 temporis
906 5696 960 5744 coa
976 5681 1044 5742 atu.
