4159 6184
123 387 176 453 sss
717 387 947 494 susannam
969 388 1010 454 ru
1031 391 1227 461 resnuau
1248 391 1274 458 1.
1800 400 1863 487 oss

122 528 200 594 aaut,
226 541 287 584 non
311 519 456 583 atterunt
486 520 660 583 diuturnam
699 529 962 602 exspectationem,
977 527 1007 593 A
1021 535 1106 600 cunt;
1123 547 1188 606 que
1202 533 1303 587 autem
1318 529 1486 612 disserunt,
1502 545 1532 603 st
1545 549 1647 621 postea
1667 556 1851 615 mmmm

122 615 493 690 sedhabentprescntem
515 614 572 688 (22)
602 615 855 688 perfunctionem
885 617 964 691 quod
1021 617 1181 677 Dominica
1197 596 1862 718 excludunturauctoritatesententietltattlc:

122 711 222 764 autem
254 705 365 762 serium
391 706 450 771 est,
477 702 578 762 labore
608 705 761 778 queritur,
792 723 825 764 eo
854 707 966 780 quoda
1019 725 1086 779 xxv,
1099 711 1154 781 12).
1171 707 1340 766 Didioimus
1355 727 1427 788 ergo
1439 737 1498 779 non
1513 729 1590 784 stupe
1606 729 1636 786 in
1651 732 1698 789 vi,
1726 737 1861 806 peccato,

122 795 208 852 beata
227 795 403 868 cogitatione
429 793 479 850 vix
503 793 639 867 eapitur:
672 795 744 866 quia
772 795 877 854 oculus
906 813 964 852 non
1020 815 1098 865 ram,
1115 800 1304 856 staresutem
1320 798 1350 853 in
1366 803 1487 868 virtutis
1502 815 1700 892 officic;quia
1715 823 1861 897 scriptum

122 885 212 950 videt,
241 900 296 940 nec
325 881 404 939 auris
435 883 561 951 audivit,
591 899 657 956 quae
688 885 859 956 preparavit
888 890 965 941 Deus
1020 887 1445 954 estzn'l'uautemfidestas
1466 902 1521 976 (25)
1543 909 1789 984 mmmm),

122 973 316 1048 diligentibus
332 989 372 1029 se.
388 969 512 1028 Dilticils
528 971 660 1028 solemus
677 971 875 1046 caedereque
906 991 964 1030 nou
1054 981 1098 1034 27,
1115 979 1201 1034 Nunc
1217 974 1442 1043 consideremus
1458 992 1529 1062 quid
1545 994 1600 1052 sit:
1618 1019 1632 1049 (ι
1648 999 1685 1054 Et
1699 998 1731 1055 in
1761 1002 1861 1061 cathe-

120 1062 277 1118 videmus:
294 1065 324 1116 et
339 1061 403 1116 ideo
423 1060 523 1118 anima
542 1063 657 1128 aestuat,
672 1063 701 1115 et
718 1058 778 1116 huc
794 1066 881 1135 atque
895 1060 964 1120 illuc
1019 1066 1072 1122 dra
1083 1064 1261 1140 pestilentie
1274 1080 1332 1122 nou
1345 1072 1433 1131 sedit.
1445 1100 1459 1128 s
1470 1080 1505 1136 Β(
1516 1084 1635 1155 quidem
1647 1089 1849 1160 ppaemispmu„

121 1151 200 1208 velut
213 1149 316 1207 oculos
329 1149 474 1222 quosdam
490 1150 660 1207 circumlert
674 1146 871 1220 cogitationes
882 1169 961 1208 suas.
1018 1157 1097 1227 quod
1112 1173 1171 1213 non
1188 1152 1316 1226 simplex
1341 1174 1501 1226 concessas
1522 1171 1553 1229 ia
1582 1173 1759 1247 hujusmodi
1783 1137 1861 1253 quoti

122 1239 203 1296 lunc
218 1238 262 1295 illi
278 1241 434 1295 occurrent
448 1239 566 1296 diverse
586 1251 691 1295 rarum
721 1240 847 1309 species,
873 1258 963 1314 seque
1018 1244 1048 1300 in
1064 1263 1119 1302 usu
1131 1250 1177 1302 est
1193 1242 1278 1310 solio,
1296 1251 1539 1318 reprebendatur.
1557 1262 1632 1328 Quid
1643 1265 1727 1321 onim
1743 1268 1861 1330 invidt„

123 1329 291 1386 offundunt.
312 1327 345 1384 Si
374 1328 410 1384 ad
440 1328 615 1400 sempiterna
643 1326 795 1395 intendat,
825 1330 961 1386 virtutem
1017 1333 1138 1391 baberet
1154 1335 1191 1390 ed
1210 1331 1421 1406 culpamosm
1435 1362 1503 1404 cum
1519 1349 1595 1406 oculi
1612 1351 1732 1411 Domini
1744 1373 1862 1432 semper

123 1417 224 1492 eligit:
242 1417 267 1473 si
284 1417 319 1472 ad
335 1417 486 1490 presentia
504 1417 688 1489 voluptatem
707 1417 861 1489 praeponit.
872 1419 962 1476 Grave
1016 1439 1106 1495 super
1119 1422 1224 1479 fideles
1239 1426 1321 1480 terrae
1351 1429 1431 1502 sini;
1461 1440 1604 1509 tanquam
1630 1443 1689 1499 sub
1720 1453 1860 1510 consentu

124 1512 153 1562 et
166 1505 303 1580 iniquum
318 1510 466 1562 certamen
491 1506 629 1562 adversus
648 1501 859 1563 delectationes
887 1525 962 1580 pra·
1015 1509 1204 1584 imperatoris
1220 1511 1317 1582 locati,
1334 1521 1364 1573 st
1378 1521 1467 1581 veluti
1483 1525 1514 1580 jn
1534 1528 1704 1587 ministerio
1729 1537 1860 1606 quodam

124 1595 264 1653 seatium.
280 1595 332 1651 llic
345 1593 467 1651 libertas
482 1599 527 1650 est
540 1592 748 1667 cupiditatum,
761 1593 820 1650 illic
834 1597 961 1653 servitus
1015 1601 1114 1674 positi,
1133 1606 1213 1659 stare
1229 1600 1382 1663 debemus.
1400 1610 1483 1669 Miles
1498 1613 1526 1669 in
1538 1617 1694 1688 procinctu
1712 1626 1782 1692 stat,
1799 1644 1858 1688 non

123 1683 300 1758 injuriatum
323 1684 392 1756 (23).
407 1683 499 1740 iacere
515 1701 579 1756 quae
600 1698 658 1739 non
678 1681 722 1737 vis
747 1687 775 1739 et
790 1685 827 1740 ab
843 1684 879 1741 iis
895 1702 959 1758 quea
1015 1691 1097 1746 sedet
1114 1709 1121 1759 ;
1138 1689 1226 1748 miles
1241 1691 1271 1748 in
1288 1696 1380 1752 armis
1396 1715 1454 1756 nou
1471 1718 1502 1758 se
1526 1705 1662 1772 rctlectit,
1680 1711 1733 1766 sed
1750 1717 1859 1777 excitat

122 1773 346 1842 desideraveris,
363 1771 595 1834 abstinere,·bic
624 1770 800 1842 convivium,
830 1773 890 1830 illic
916 1775 959 1846 je·
1014 1783 1103 1851 atque
1126 1778 1223 1854 erigit.
1252 1781 1379 1856 ldeoqus
1409 1788 1553 1846 militibus
1581 1792 1695 1852 Christi
1725 1799 1854 1862 dicitur:

119 1862 261 1934 junium;
287 1861 335 1918 bic
351 1861 581 1935 intemperantia
596 1859 781 1934 gaudiorum,
808 1861 868 1917 illio
892 1878 957 1936 par·
1014 1891 1027 1918 «
1050 1868 1122 1923 Ecce
1141 1885 1221 1925 nunc
1249 1870 1413 1929 benedicite
1442 1874 1611 1944 Dominum,
1642 1897 1750 1942 omnes
1778 1893 1854 1949 servi

121 1950 289 2008 severantia
302 1950 500 2024 lacrymarum
513 1948 584 2005 :bic
607 1947 734 2017 saltatio,
752 1947 810 2006 illic
841 1952 954 2022 cratio;
1012 1955 1141 2024 Domini,
1158 1958 1208 2030 qui
1233 1960 1317 2016 statis
1344 1961 1374 2016 in
1391 1962 1479 2020 domo
1496 1965 1611 2023 Domini
1623 1971 1714 2038 (reat.
1729 1992 1850 2049 cxxxrrr,

121 2039 171 2096 bio
186 2044 290 2096 cantus
306 2039 417 2105 dulces,
433 2037 493 2094 illie
508 2037 637 2110 gemitus
661 2053 775 2110 graves.
806 2039 955 2113 Scriptum
1010 2045 1048 2116 l).
1063 2066 1077 2095 o
1094 2051 1132 2100 at
1147 2051 1249 2104 contra
1264 2047 1406 2121 iniquitas
1421 2051 1450 2106 in
1467 2053 1578 2111 talento
1594 2056 1739 2128 plumbeo
1755 2067 1838 2128 sedet

122 2128 322 2200 estquidam:
340 2149 354 2178 a
370 2125 617 2198 consapientium
634 2125 663 2180 in
683 2125 769 2181 domo
797 2126 905 2194 luctus,
928 2133 956 2186 et
1012 2135 1211 2206 coquodsrna
1231 2137 1260 2192 ia
1283 2143 1462 2210 pcccato,se
1490 2140 1526 2197 ab
1556 2158 1590 2198 ec
1620 2161 1762 2219 separare
1790 2113 1852 2212 non,

122 2213 956 2287 corstultorumindomoepularum.Meliusestaudire
1011 2221 1115 2294 possit.
1137 2223 1251 2281 Etenim
1282 2226 1436 2283 inveterati
1464 2227 1494 2283 iu
1524 2245 1634 2305 errore,
1662 2239 1692 2292 et
1716 2217 1850 2300 studiose

122 2306 353 2378 increpationem
371 2303 524 2376 sapientis,
542 2303 637 2376 magis
661 2317 749 2374 quam
774 2303 869 2360 virum
899 2322 954 2362 au·
1011 2310 1130 2383 flagitiis
1145 2301 1331 2382 inherentes,
1348 2315 1450 2371 sedere
1478 2317 1629 2387 dicuntur,
1660 2323 1713 2396 qui
1743 2328 1851 2387 nolunt

122 2395 253 2451 dientem
275 2393 425 2450 cauticum
452 2392 612 2448 stultorum
640 2391 736 2462 (licata
754 2409 803 2460 vu,
833 2395 860 2461 5,
884 2395 953 2466 6).»
1011 2415 1176 2472 assurgere,
1193 2418 1245 2457 uec
1261 2402 1363 2459 audire
1391 2403 1556 2474 dicentem
1573 2431 1588 2458 a
1620 2410 1740 2486 surgite
1765 2420 1847 2488 ρος(

121 2484 177 2540 Sed
194 2483 279 2552 pauci
290 2483 352 2538 hae
369 2481 505 2547 audiunt,
522 2480 676 2553 pauciores
690 2485 864 2552 sequuntur.
881 2482 953 2538 Alli·
1009 2503 1099 2560 quam
1116 2488 1250 2546 sederitis
1266 2491 1353 2560 (Psat.
1370 2508 1464 2559 cxxiv,
1479 2494 1518 2564 2).
1536 2517 1550 2544 a
1567 2495 1702 2572 Denique
1716 2501 1765 2560 hic
1780 2504 1845 2577 ipse

122 2573 164 2630 cit
178 2572 313 2629 homines
328 2571 426 2645 magis
441 2569 525 2627 dulce
540 2568 663 2642 peccati,
680 2571 757 2640 quod
772 2571 808 2626 ad
824 2587 953 2644 presens
1009 2575 1153 2648 Propheta
1165 2576 1235 2633 alibi
1251 2579 1309 2633 ait:
1327 2601 1341 2629 a
1358 2578 1503 2636 sederunt
1517 2583 1678 2659 principes,
1694 2594 1723 2644 st
1743 2592 1845 2649 adver.

121 2662 221 2718 intluit
249 2666 276 2717 et
304 2660 472 2733 impinguat
500 2657 649 2715 audientis
676 2657 824 2726 allectum,
862 2677 952 2732 quam
1008 2681 1076 2721 sum
1091 2680 1138 2719 me
1154 2665 1348 2723 detrahebant
1362 2668 1419 2739 (26)
1434 2668 1521 2739 (Psat.
1546 2687 1647 2741 cxvru,
1678 2677 1734 2748 23).
1760 2701 1775 2729 »
1799 2681 1844 2736 An

120 2751 207 2808 triste
220 2749 349 2817 virtutis,
367 2764 432 2821 qum
448 2748 514 2804 fidei
522 2763 605 2821 spem
618 2746 698 2803 velut
710 2749 837 2819 quodam
846 2749 953 2806 cortice
1007 2753 1180 2825 ignoramus
1195 2755 1273 2825 qnod
1287 2759 1400 2810 tantam
1413 2756 1473 2811 vim
1484 2757 1841 2824 habeatinvcterataoon·

122 2839 215 2896 amari
231 2838 340 2894 laboris
355 2837 485 2894 involvit.
499 2837 604 2892 Beatus
620 2852 687 2909 ergo
714 2839 803 2908 atque
831 2836 953 2894 mirabi-
1007 2841 1132 2897 suetudo
1148 2842 1296 2913 peccandi,
1313 2846 1347 2897 ut
1360 2843 1497 2905 excludat
1512 2849 1663 2916 naturam,
1680 2867 1744 2924 qua
1771 2868 1841 2912 cum

123 2927 171 2996 lis,
188 2927 238 3000 qui
253 2926 357 2984 taliam
372 2925 487 2982 viarum
515 2923 629 2997 positus
657 2926 685 2979 in
716 2923 864 2994 electione,
893 2943 951 2983 non
1007 2929 1047 2985 sit
1066 2928 1248 2985 medicabilis
1282 2931 1318 2986 sd
1346 2931 1484 2998 salutem,
1513 2938 1614 2992 tamea
1645 2939 1840 3000 corroboratis

121 3016 210 3073 luerit
237 3014 384 3072 illecebris
412 3013 572 3086 voluptatis
601 3013 742 3080 iubenum
763 3019 797 3070 ut
826 3015 951 3087 gradum
1006 3017 1839 3098 temporcpassionibusimmedicabilis(27)invenitur⁴l

122 3121 212 3164 suum
228 3121 318 3177 super
326 3105 437 3161 vadosa
447 3106 476 3159 et
490 3119 577 3175 prava
588 3103 755 3159 constituat.
768 3103 830 3159 Non
843 3103 952 3161 dicitur
1006 3105 1069 3162 Non
1085 3123 1153 3180 ergo
1169 3123 1395 3180 permaneamus
1410 3109 1439 3165 in
1455 3110 1556 3179 vitiis,·
1571 3114 1839 3193 sedunusquisque

119 3195 166 3250 ei:
184 3217 198 3244 a
213 3194 260 3250 Vae
276 3195 326 3267 qui
343 3191 525 3264 dereliquisti
539 3190 802 3260 semitasdirectas,
815 3193 949 3251 abeundo
1006 3193 1122 3251 etiamsi
1139 3194 1206 3264 luit,
1223 3195 1479 3270 exsilistaculpa,
1510 3198 1588 3257 siout
1617 3203 1762 3278 scriptum
1792 3214 1837 3268 est

15 3323 16 3326 =
118 3283 150 3340 in
164 3283 228 3339 vias
240 3282 426 3338 tenebrarum
443 3281 540 3353 (Eccle-
557 3297 614 3350 xm,
630 3280 684 3350 11).
704 3301 715 3330 ι
965 3263 1099 3356 Ctrroo.
1116 3300 1142 3352 v,
1164 3285 1192 3352 3)
1221 3285 1257 3340 de
1285 3284 1409 3341 muliere
1437 3289 1600 3346 meretrice.
1629 3292 1672 3349 Ne
1699 3294 1837 3357 intendas

153 3373 199 3427 26.
216 3369 410 3444 Cognovimus
425 3369 593 3442 igiturque
613 3369 652 3425 sit
677 3369 725 3425 via
750 3372 950 3447 peccatorum,
1007 3371 1038 3428 in
1053 3388 1118 3429 eam
1134 3372 1251 3429 oculum
1267 3376 1363 3441 tuum,
1379 3375 1430 3432 sed
1449 3376 1544 3446 exsili,
1575 3395 1612 3436 ne
1627 3383 1769 3454 moreris;
1785 3403 1836 3445 ex-

118 3461 150 3516 in
167 3476 225 3532 qua
235 3459 374 3516 standum
389 3474 448 3515 non
464 3473 529 3514 esse
545 3455 689 3530 Propheta
711 3473 765 3514 nos
794 3458 949 3528 admonet;
1007 3461 1055 3517 sili
1070 3465 1228 3534 antequam
1243 3465 1271 3516 te
1292 3463 1361 3518 anni
1384 3464 1550 3535 iuventutis
1575 3467 1736 3530 inveniant.
1767 3471 1836 3542 Sed,

121 3550 174 3608 sad
188 3547 276 3606 ctiam
290 3547 480 3605 Ecclesiastes
496 3549 590 3616 docet,
611 3546 660 3620 qui
676 3546 736 3603 ait:
753 3571 766 3598 a
784 3545 847 3603 Noli
874 3550 951 3604 stare
1007 3550 1085 3623 quod
1100 3549 1218 3622 gravius
1230 3554 1284 3618 est,
1301 3551 1430 3625 plerique
1445 3553 1594 3614 luxuriam
1622 3563 1754 3634 corporis
1782 3580 1835 3623 nec

118 3639 151 3695 in
167 3653 301 3695 sermons
316 3637 394 3694 malo
410 3637 504 3709 (dccli.
522 3653 550 3702 v,
565 3637 603 3703 2),
621 3657 636 3685 o
652 3634 706 3692 boc
728 3641 782 3704 est,
813 3651 871 3692 uon
887 3651 950 3708 per.
1005 3636 1115 3693 albenti
1126 3638 1270 3694 erubuere
1284 3639 1399 3708 canitie,
1429 3645 1459 3697 et
1486 3660 1581 3716 usquo
1610 3647 1647 3703 ad
1675 3631 1836 3710 senectutis

116 3727 332 3800 sisterattttin
357 3725 545 3783 sermonibus
576 3725 651 3781 ut)
682 3723 778 3790 malis,
810 3722 948 3781 similiter
1004 3728 1120 3781 etatem
1130 3727 1221 3781 vitam
1236 3726 1397 3797 produxere
1412 3731 1606 3788 maculosam.
1621 3734 1737 3795 lntimis
1755 3740 1835 3798 onim

116 3821 148 3874 et
162 3815 299 3888 operibus
314 3813 525 3888 improbandis.
556 3812 707 3878 Quomodo
735 3812 764 3868 in
792 3812 879 3868 bonis
911 3813 950 3870 sit
1004 3812 1516 3891 concepteviscaribusluesculpa,
1533 3837 1673 3893 processu
1693 3828 1835 3900 temporis

117 3904 269 3972 standum,
286 3906 406 3961 sauctus
421 3903 499 3958 idem
514 3901 659 3974 Propheta
674 3901 805 3974 precipit
824 3901 944 3957 diceas:
1003 3906 1200 3959 coacervatur.
1212 3901 1286 3958 Cave
1314 3903 1405 3977 igitur
1434 3906 1470 3962 ab
1500 3908 1663 3982 impiorum
1692 3913 1834 3982 consiliis,

115 4015 132 4044 «ι
147 3995 263 4050 Stantes
278 3995 362 4048 erant
377 3990 466 4065 pedes
480 3989 572 4047 nostri
589 3990 619 4044 in
635 3989 719 4047 atriis
742 3989 813 4057 tuis,
830 3988 948 4046 Jeruea.
1002 4006 1062 4046 nan
1078 3994 1230 4063 penetrent
1245 3989 1417 4063 hujusmodi
1430 3993 1554 4052 consilia
1573 3999 1703 4053 mentem
1731 4000 1834 4082 tuam3

113 4082 176 4140 lem
191 4082 277 4150 (Psat.
293 4096 358 4136 cxxi
372 4080 409 4152 2).
429 4101 443 4128 o
472 4079 505 4133 ln
532 4077 697 4135 Jerusalem
725 4077 867 4135 standum
891 4083 945 4146 est,
1002 4093 1039 4134 ne
1054 4079 1169 4135 dicatur
1185 4078 1220 4134 dc
1234 4083 1281 4135 te:
1299 4103 1314 4129 α
1330 4079 1466 4154 Alligsvit
1476 4084 1542 4156 quis
1564 4085 1664 4159 ignem
1694 4084 1725 4142 in
1754 4085 1834 4154 sinu,

113 4172 153 4228 de
168 4167 314 4242 Babylone
329 4167 512 4242 fugiendum.
529 4167 564 4222 llt
587 4165 679 4240 Moysi
704 4166 833 4223 dicitur:
859 4189 873 4218 a
903 4167 946 4223 'l'u
1001 4167 1176 4224 vestimenta
1190 4172 1288 4224 autem
1306 4186 1363 4225 nou
1386 4171 1539 4229 comburet
1568 4175 1660 4246 (Proo.
1680 4173 1832 4245 vr,27)i»

114 4261 216 4316 aulem
232 4261 277 4315 sta
290 4273 404 4314 mecum
422 4257 511 4328 (Dout.
527 4273 554 4321 v,
569 4256 625 4326 31),
643 4277 657 4304 »
687 4255 737 4329 qui
766 4257 802 4312 de
825 4255 946 4330 AEgypto
1002 4255 1116 4312 Etenim
1132 4255 1182 4328 qui
1195 4255 1285 4313 semel
1300 4257 1330 4314 iu
1347 4258 1414 4314 sinu
1440 4259 1833 4334 mentisssagitiitlammam

113 4347 202 4422 sugit,
218 4351 329 4403 etcum
348 4345 472 4403 Domino
502 4349 584 4402 stans
612 4344 826 4419 perseverabat.
853 4346 887 4400 Et
914 4346 945 4402 in
1000 4344 1139 4401 ferventis
1162 4344 1330 4414 adoleverit,
1344 4347 1400 4403 cito
1423 4349 1554 4422 corporis
1582 4350 1627 4407 sui
1655 4351 1832 4409 vestimenta

112 4433 283 4508 Evangelio,
298 4435 349 4508 qui
370 4436 514 4491 steterunt
535 4449 629 4506 usque
643 4434 678 4489 ad
694 4433 797 4490 horam
827 4433 944 4489 undeni·
1000 4434 1165 4489 comburet.
1177 4433 1213 4488 at
1228 4437 1261 4490 ut
1275 4433 1306 4488 in
1332 4434 1473 4506 stipulam
1485 4435 1562 4509 ignis
1577 4437 1726 4507 exsiliens,
1740 4437 1832 4497 lnhae.

113 4539 208 4594 mam,
225 4523 366 4596 aqualem
383 4523 548 4579 mercedem
563 4520 752 4594 operantibus
771 4527 946 4594 acceperunt
1000 4525 1045 4579 ret
1059 4539 1092 4579 ac
1107 4527 1269 4596 permanet,
1287 4524 1377 4579 donec
1393 4539 1480 4580 omne
1500 4526 1577 4596 quod
1605 4527 1757 4601 corripuit,
1780 4529 1832 4586 ab·

110 4613 303 4684 (sacceus,
316 4611 408 4684 totus
422 4627 487 4684 qua
503 4613 648 4666 steterunt
660 4609 788 4683 virgines
801 4627 894 4683 usque
909 4612 945 4667 ad
960 4629 984 4695 D
1001 4615 1101 4668 sumat
1115 4629 1121 4667 :
1136 4611 1177 4667 ita
1190 4609 1236 4666 vel
1251 4609 1355 4684 exigua
1371 4611 1427 4683 (28)
1443 4612 1571 4671 scintille
1586 4614 1707 4688 pcccati,
1733 4617 1758 4673 si
1773 4633 1831 4690 quo

112 4703 275 4762 adventum
290 4699 401 4775 sponsi,
419 4699 454 4756 ad
471 4700 574 4772 nuptia
594 4697 683 4755 simul
697 4697 816 4755 introire
832 4715 946 4756 merue—
1000 4701 1139 4758 vitiorum
1154 4698 1257 4755 lamiis
1278 4698 1366 4756 tuerit
1380 4699 1519 4771 excitata,
1536 4703 1705 4760 incendium
1720 4705 1831 4776 made

153 4863 210 4946 (22)
226 4859 310 4917 Rom.
329 4859 397 4915 edit.
416 4856 488 4925 solu,
505 4857 643 4913 oiotorno
658 4859 857 4930 exspectatione
882 4875 945 4930 por-
1036 4863 1082 4930 (at
1108 4860 1246 4923 Quaedam
1258 4857 1328 4915 edit.
1339 4859 1432 4932 Paris,
1446 4863 1497 4918 boc
1509 4862 1792 4934 ostnoiipersistcre.

111 4935 299 5004 samsonem,
313 4931 361 4988 sed
375 4930 473 4986 anteit
480 4933 655 5000 presentem.
672 4930 706 4984 tlt
716 4929 854 4986 contiuuo
869 4934 944 5003 post,
1036 4935 1083 5003 (25
1108 4931 1182 4987 lldii.
1199 4947 1266 4987 cum
1281 4931 1378 4988 tribus
1392 4947 1465 4989 mss.
1483 4935 1520 4988 la
1542 4936 1634 4989 amma
1651 4932 1722 4999 vido,
1738 4930 1783 4988 vcl
1797 4933 1829 4988 ia

114 5002 421 5062 ubiomnesedit.ac
438 5000 633 5073 pluresmse,
650 5001 720 5072 qood
740 5009 830 5057 aalma
854 5018 947 5058 seram
1000 5004 1053 5076 fida
1080 5011 1131 5070 sta,
1170 5002 1303 5074 quinque
1332 5018 1403 5059 mss.
1436 5019 1503 5059 oum
1534 5003 1673 5060 omuibus
1695 5003 1828 5076 Apostoli

113 5085 157 5134 est
173 5099 180 5140 ς
198 5075 237 5131 ibi
252 5073 315 5130 cod.
328 5073 399 5131 vict.
417 5077 446 5128 et
460 5071 554 5138 colb,
580 5071 650 5142 proed
665 5081 759 5127 autom
778 5073 881 5128 seriam
897 5081 944 5129 est.
1000 5073 1263 5151 exemplaribus...
1279 5073 1331 5144 fido
1346 5083 1411 5129 stas.

114 5146 253 5220 Optimc;
269 5147 372 5200 seriam
386 5143 465 5200 enim
482 5142 529 5198 bic
557 5141 714 5214 opponitur
728 5144 866 5211 srscoibas,
884 5159 946 5214 qum
1036 5149 1092 5218 (th
1108 5145 1177 5200 llss,
1194 5144 1337 5211 nonnulli,
1353 5145 1497 5200 aduersam
1508 5159 1552 5198 me
1565 5145 1728 5200 tractabant.

113 5216 243 5275 levicula
257 5232 321 5272 esse
336 5218 559 5272 consueverunt.
1036 5220 1093 5288 (27)
1111 5219 1154 5272 lta
1164 5217 1227 5272 cod.
1243 5215 1431 5271 Vatunuset
1443 5214 1573 5286 quinque
1583 5213 1737 5271 Gallicani.
1748 5211 1824 5271 Vici.

153 5290 212 5361 (23)
227 5287 304 5344 linit.
316 5304 419 5343 omnes
434 5290 463 5341 et
491 5301 564 5342 mss.
590 5283 712 5356 aliquot,
742 5286 880 5340 servitutis
907 5286 948 5340 ia·
1000 5295 1110 5356 autem,
1125 5288 1207 5344 Colb.
1224 5304 1257 5343 ac
1271 5290 1327 5342 vet.
1344 5285 1425 5341 edit..
1442 5289 1535 5341 tomen
1556 5285 1732 5344 corroborata
1758 5294 1828 5344 um·

116 5361 217 5432 jarim
242 5363 378 5486 affatum,
406 5358 523 5414 seruitiis
552 5357 702 5437 iniuriam.
733 5355 847 5436 Rursus
881 5361 947 5428 post
998 5376 1064 5431 pore
1076 5360 1251 5432 passionibus
1266 5357 1485 5412 immedicabilis.
1502 5357 1586 5412 Rom.
1603 5355 1676 5426 sola,
1695 5357 1827 5416 diusmo

139 5446 247 5496 auec,u
271 5428 550 5486 icuuctaeaditcum
565 5427 661 5482 tribus
676 5427 813 5488 mastico
826 5427 946 5495 saltatio,
1000 5439 1092 5488 tamen
1105 5435 1224 5502 ternpore
1235 5427 1407 5501 passionibus
1419 5426 1579 5498 depravata,
1603 5429 1824 5499 immedicabilis,

115 5503 182 5560 attia
194 5503 303 5569 oratio;
319 5518 391 5557 mss.
408 5498 504 5566 alii,...
522 5499 582 5554 illic
592 5499 723 5570 ploratio.
740 5497 807 5562 Oua
827 5497 945 5569 quidem
1000 5507 1055 5558 eto.

114 5572 218 5640 lentio,
233 5571 289 5628 etsi
304 5572 426 5630 minime
441 5571 575 5628 videatur
594 5568 819 5635 contemnenda,
849 5574 946 5627 tamea
1036 5569 1327 5645 (28)lttss.‹1uinque,
1349 5569 1381 5623 Et
1401 5571 1431 5622 ta
1444 5569 1576 5640 stipatam
1594 5571 1668 5642 ipsis
1693 5572 1824 5643 absumit,

111 5643 210 5720 priori
227 5643 362 5711 basilius,
378 5659 413 5699 ex
428 5659 485 5716 quo
508 5641 598 5715 petita
612 5645 666 5710 est,
682 5640 757 5697 iavet
771 5639 817 5696 bis
831 5641 944 5698 vorbis:
1000 5645 1043 5700 ita
1057 5646 1097 5700 oet
1111 5645 1222 5714 caipaa,
1238 5649 1291 5698 eto.
1308 5638 1423 5712 Reliqui
1442 5656 1476 5696 ac
1500 5657 1603 5702 omnes
1631 5643 1749 5702 editui
1771 5659 1825 5701 nos

110 5725 223 5777 tvscrdta
237 5723 345 5789 ὀρχισιν,
361 5722 433 5773 edaci
445 5723 598 5788 προσευχὴν.
1001 5731 1103 5788 supra.
