4159 6184
230 286 322 355 sur
937 300 941 306 ·
972 288 1218 361 s.annaos11
1817 272 1822 277 ’
1860 298 1949 367 uo

242 431 377 494 sanitatis
392 428 533 506 accipiatr
559 428 636 489 siout
650 428 702 489 ille
725 428 831 489 mulier
857 429 889 488 in
907 426 1063 506 Evangelio
1078 426 1103 498 Α
1119 429 1221 491 aulum
1235 437 1320 491 tunm
1335 428 1433 507 (secu
1448 446 1494 504 xv,
1513 425 1557 507 17)
1570 449 1578 502 ;
1593 452 1609 483 o
1631 431 1736 507 petens
1751 432 1786 491 nt
1800 421 1948 495 inducerei

242 542 311 600 quse
322 540 373 598 per
387 522 542 581 duodecim
553 538 646 581 annos
661 522 800 580 liuentem
815 521 989 595 sanguinem
1004 537 1067 579 nor·
1121 520 1265 579 Dominus
1278 521 1420 597 populum
1435 521 1564 579 suumin
1584 519 1637 579 illa
1658 520 1803 594 precelse
1829 523 1943 582 rimatis

240 614 385 688 pornlium
410 612 593 686 voluptatum
622 616 749 669 statuere
776 628 834 668 non
869 610 974 684 potuit.
1009 611 1065 668 nisi
1121 611 1330 684 sapientiaeque
1344 611 1500 685 plantaria,
1517 611 1619 685 ibique
1633 610 1819 684 plantaretur
1838 613 1871 669 in
1884 631 1947 688 ope-

240 711 432 778 posteuqunm
461 700 592 774 confugit
616 702 652 757 ad
678 700 826 757 Christum
849 700 926 771 (due.
952 716 1014 766 vm,
1032 700 1066 755 tt
1120 717 1153 757 rs
1167 718 1231 767 sua,
1246 700 1710 774 etinstitueroturpraeceptorum
1720 700 1948 761 ooelestiumdis

239 795 335 866 stit).
354 791 496 849 intellexit
506 790 584 847 enim
596 789 675 862 quod
690 806 775 847 neme
795 790 942 863 perlectus
970 787 1065 845 medi·
1119 788 1948 864 eiplinis,atqueineopreparareteibisuesanetitieatio·

240 882 374 952 ous,nisi
392 878 835 954 quideseendissetoooelo‚de
867 895 926 951 quo
958 892 1063 951 eogno-
1120 876 1947 951 nishabiteculumzqundutiqnenonherediteriojure,

237 976 318 1030 vsret
328 971 457 1027 dietum:
475 992 489 1019 α
506 968 586 1026 Misit
599 968 727 1025 Verbum
743 970 877 1034 suomet
887 967 1001 1023 sanavit
1014 982 1064 1022 eos
1119 984 1172 1024 neo
1187 965 1807 1041 nostrorumoomtampiationemeritorum,
1817 969 1874 1025 sed
1883 986 1947 1042 pro

238 1062 323 1132 (Prot.
340 1076 395 1125 cvr,
410 1056 474 1130 28);
487 1080 502 1108 »
517 1062 546 1114 et
557 1057 680 1113 advertit
690 1058 725 1114 dc
740 1058 804 1130 ipso
819 1057 949 1113 dictum:
968 1075 982 1105 κ
993 1055 1065 1111 Doce
1118 1074 1174 1113 sna
1195 1058 1290 1131 gratis
1303 1056 1447 1118 Dominus
1460 1056 1593 1115 nonturno
1616 1055 1759 1129 dignatur.
1788 1060 1948 1123 Quomodo

238 1150 303 1207 dodi
312 1149 398 1206 verba
408 1146 511 1203 meain
520 1146 830 1212 ostuum‚etnonstitui
841 1150 869 1202 te
879 1144 964 1203 hodie
975 1159 1064 1217 super
1116 1146 1206 1215 enim,
1223 1147 1272 1202 nbi
1286 1161 1437 1203 remanere
1450 1161 1508 1203 non
1524 1144 1676 1220 potuimus
1690 1160 1722 1201 eo
1734 1144 1826 1202 redire
1836 1163 1948 1219 posse·

237 1244 337 1313 gentes
361 1240 389 1293 et
403 1253 501 1309 regna,
532 1235 741 1302 eradicarest
763 1237 925 1302 destrucre,
954 1238 983 1291 et
997 1249 1062 1306 per·
1117 1250 1196 1301 mus,
1211 1234 1267 1293 nisi
1283 1234 1435 1308 privilegio
1449 1234 1516 1291 ruiti
1532 1233 1889 1307 redemptionissterne‘t

237 1328 315 1393 dere,
331 1331 360 1383 et
374 1325 528 1391 edificare,
541 1328 569 1380 ct
583 1324 716 1397 plantare
730 1325 839 1396 (terere
855 1343 875 1393 1,
890 1326 909 1379 9
928 1332 954 1381 et
975 1324 1029 1393 l0).
1047 1343 1062 1372 o
1152 1325 1196 1382 te.
1213 1325 1306 1397 (Vera.
1323 1324 1362 1396 t.)
1378 1325 1414 1381 lit
1437 1324 1502 1381 ideo
1530 1320 1653 1397 pulchre
1676 1322 1750 1378 dixit
1775 1322 1946 1396 Propheta:

236 1417 310 1474 Nam
326 1416 393 1472 lieet
406 1416 572 1487 frequenter
583 1413 660 1471 Deus
686 1414 801 1471 locutus
816 1416 854 1473 sit
881 1415 911 1471 in
940 1417 1064 1489 prophe·
1119 1415 1287 1482 «Quoniam
1302 1430 1360 1470 non
1374 1413 1402 1469 in
1418 1411 1515 1487 gladio
1529 1428 1585 1469 suo
1600 1412 1799 1486 possederunt
1825 1416 1946 1478 terram,

236 1505 285 1563 tis.
301 1504 333 1562 in
348 1522 405 1577 qne
420 1508 517 1561 tamen
534 1503 712 1576 expressius,
727 1520 815 1577 quam
830 1505 860 1561 in
877 1506 1062 1567 suoloeutus
1115 1507 1146 1561 et
1159 1502 1314 1561 brachium
1330 1518 1417 1561 sunm
1432 1518 1490 1559 non
1514 1501 1648 1559 liberavit
1661 1517 1727 1558 aas:
1747 1501 1802 1558 esd
1829 1501 1946 1561 dextere

236 1592 603 1666 estiliiio,quivi1tutem
634 1608 751 1649 omnem
780 1594 945 1665 exprimens
969 1597 1062 1655 Patris
1115 1597 1177 1660 tua,
1192 1593 1499 1658 etbreebiumtuum,
1515 1588 1739 1647 stilluminatio
1761 1589 1865 1647 vultus
1893 1594 1943 1660 tui,

236 1683 297 1739 ait:
317 1704 332 1734 «
349 1686 410 1738 Mea
425 1681 558 1737 doctrina
572 1697 630 1737 non
645 1685 690 1737 est
705 1697 781 1752 mea,
797 1684 847 1739 sed
863 1684 927 1754 ejus
948 1685 998 1758 qui
1014 1703 1061 1745 me
1115 1682 1255 1755 quoniam
1267 1680 1444 1755 complacuit
1455 1678 1510 1737 tibi
1524 1679 1555 1736 in
1569 1677 1641 1735 illis.
1651 1700 1666 1729 »ι
1683 1678 1751 1744 Quae
1765 1677 1946 1752 igitnrterra

236 1771 318 1829 misit
332 1772 421 1843 (loon.
441 1787 491 1835 vu,
518 1769 584 1841 tei?
610 1790 624 1819 u
640 1770 702 1825 Non
732 1787 801 1843 crgo
826 1771 979 1843 ieremias,
1009 1778 1059 1848 qui
1076 1804 1099 1869 Β
1114 1776 1170 1839 est,
1183 1787 1247 1843 que
1263 1786 1322 1827 non
1337 1768 1456 1826 brechio
1476 1768 1620 1842 capiatur,
1636 1784 1696 1823 non
1723 1766 1826 1840 gladio
1852 1769 1944 1841 possi·

235 1864 366 1933 tempore
381 1858 557 1932 captivitatis
572 1859 703 1930 suscepit
715 1858 862 1930 exsilium,
879 1862 929 1919 sed
960 1862 1061 1920 Domi·
1116 1860 1220 1917 deatnr
1235 1878 1242 1927 ;
1255 1858 1312 1915 nisi
1324 1862 1404 1915 terra
1424 1855 1640 1931 promissionis,
1654 1856 1692 1912 de
1720 1872 1782 1929 qua
1808 1855 1858 1912 hie
1883 1856 1943 1930 ipse

166 1948 171 1953 “
236 1964 293 2005 nus
307 1948 393 2005 lesu
408 1946 470 2004 suis
484 1946 580 2004 verbis
592 1946 749 2005 eradicavit
763 1964 798 2004 ex
823 1948 936 2007 intimis
966 1955 1061 2023 pecto-
1114 1947 1189 2005 dixit
1206 1947 1368 2021 Propheta:
1385 1970 1401 1998 u
1428 1947 1519 2004 Credo
1546 1945 1645 2003 videre
1672 1945 1752 2001 bona
1769 1944 1890 2003 Domini
1914 1945 1942 2003 in

234 2036 317 2094 ribus
331 2035 404 2093 vitia
418 2036 583 2109 gentilium,
600 2037 752 2109 perfidiam
769 2038 931 2106 redonum,
954 2046 983 2097 et
996 2058 1059 2097 ver·
1114 2034 1640 2106 terreriventiuthsut‚xsx1,t3)i
1660 2055 1675 2085 o
1702 2033 1766 2091 Nou
1791 2034 1944 2092 immerito

234 2130 367 2185 sutorum
383 2125 592 2200 cogitationum
611 2141 699 2198 prava
713 2130 879 2185 commenta
905 2128 1059 2197 destruxit,
1113 2125 1204 2199 igitur
1229 2127 1293 2197 ejns
1317 2128 1379 2183 tam
1403 2124 1543 2198 preclara
1569 2121 1720 2197 possessio
1745 2125 1798 2192 est,
1819 2122 1850 2178 in
1878 2140 1942 2195 qua

233 2219 322 2288 atque
336 2212 574 2285 omnisvestigie
594 2212 758 2285 iniquitatis
787 2214 922 2272 abolevit.
949 2219 1060 2276 Deinde
1115 2232 1172 2272 nou
1187 2214 1286 2272 seculi
1308 2215 1432 2271 adverse
1446 2213 1647 2281 dominentur,
1664 2212 1718 2269 sed
1735 2211 1943 2269 Dominibona

234 2303 343 2360 infudit
358 2306 459 2376 postea
474 2302 572 2372 fidem,
589 2306 617 2358 et
645 2303 830 2360 continentie
860 2304 1058 2378 disciplinam,
1113 2308 1221 2362 aterna
1232 2302 1418 2360 fructificant.
1435 2302 1560 2375 ideoque
1572 2318 1631 2359 non
1649 2300 1748 2375 glsdio
1765 2300 1940 2373 aequiritur,

233 2409 270 2449 ne
284 2395 424 2464 tanquam
441 2390 470 2447 in
485 2406 554 2447 vase
571 2395 707 2464 corrupto
724 2392 894 2450 contusione
920 2394 1057 2454 vitiorum
1112 2396 1164 2452 sed
1174 2392 1401 2451 mansuetudine
1413 2390 1591 2464 possidetur,
1606 2389 1682 2447 siout
1697 2388 1844 2447 Dominus
1854 2390 1940 2447 lesus

232 2483 435 2539 evanescerent
450 2482 632 2537 sacramenta
643 2481 796 2539 virtutum.
1110 2482 1284 2540 testificatus
1297 2485 1344 2539 est
1362 2481 1483 2538 dicens:
1499 2502 1514 2531 «
1531 2479 1612 2537 Beati
1640 2480 1747 2547 mites;
1775 2477 1836 2551 ipsi
1863 2480 1939 2536 enim

139 2578 147 2587 ¹
268 2570 310 2626 tl.
334 2569 417 2625 Unde
444 2566 566 2642 pulchre
593 2568 647 2625 tibi
677 2571 832 2643 Apostolus
863 2572 952 2631 dicit:
983 2575 1056 2632 «Sed
1111 2570 1306 2646 possidebunt
1331 2573 1441 2627 terram
1469 2568 1572 2642 (baut.
1595 2585 1625 2636 v,
1653 2568 1692 2639 t).
1722 2588 1739 2617 o
1758 2567 1852 2623 Nemo
1873 2583 1938 2640 ergo

229 2657 362 2732 regnavit
377 2674 457 2715 mors
473 2658 508 2714 ub
523 2658 615 2714 Adem
637 2676 731 2732 usque
759 2661 794 2716 ed
820 2660 937 2735 Moysen
966 2664 1055 2737 (itero
1109 2660 1303 2733 impacificus,
1329 2674 1417 2715 nemo
1444 2674 1586 2731 arrogans
1613 2659 1664 2714 aut
1684 2656 1860 2730 superbus,
1888 2657 1938 2713 sed

228 2764 257 2816 v,
274 2748 313 2820 l).
331 2768 344 2798 s
360 2746 434 2811 Ouid
450 2750 495 2802 est
518 2749 640 2820 Moyses,
658 2748 714 2804 nisi
730 2748 794 2819 lex3
825 2751 964 2823 quoniam
992 2754 1056 2827 ipsa
1109 2752 1284 2805 mensuetus
1298 2751 1327 2804 et
1341 2745 1464 2804 humilis
1477 2746 1584 2803 eorde:
1601 2744 1654 2818 qui
1668 2742 1744 2801 nihil
1772 2744 1832 2801 sibi
1860 2760 1937 2801 arro·

228 2836 373 2907 interpres
400 2839 445 2892 est
472 2834 565 2910 legis:
594 2836 662 2893 tiuis
689 2842 786 2894 nutem
811 2838 884 2913 legis
920 2840 1054 2899 Christus
1108 2841 1167 2913 get,
1184 2837 1236 2894 sod
1250 2840 1346 2894 totum
1374 2835 1412 2892 ad
1440 2834 1566 2909 gratiam
1593 2833 1718 2891 referat:
1748 2849 1809 2889 non
1834 2832 1865 2887 in
1885 2848 1936 2889 sna

228 2925 336 2983 lesus?
357 2922 498 2999 Regnavit
511 2940 579 2997 ergo
593 2928 745 2997 peccatum
760 2928 790 2983 in
815 2927 871 2984 boc
884 2930 1004 2999 mundo,
1025 2934 1055 2987 ct
1108 2925 1279 2985 fortitudine
1292 2924 1445 2999 glorietur,
1459 2923 1512 2981 sed
1526 2924 1646 2981 dmtera
1652 2921 1704 2979 Dei
1718 2922 1863 2979 eredstse
1874 2936 1936 2978 csse

227 3013 258 3070 in
274 3014 392 3087 peccato
421 3028 500 3068 mors
524 3029 609 3079 seva,
639 3017 726 3087 atque
754 3016 958 3074 intollerabilis
974 3036 1052 3091 que·
1107 3019 1272 3089 protectum
1288 3012 1390 3071 dicens
1406 3030 1414 3068 ε
1431 3034 1447 3064 «
1461 3015 1585 3069 Dextera
1610 3010 1728 3068 Domim
1753 3010 1823 3068 tecit
1848 3009 1934 3066 virtu·

227 3103 296 3159 dam
322 3118 407 3175 prena
438 3100 559 3173 peccati.
585 3103 689 3159 Docuit
717 3104 836 3177 quidem
859 3122 914 3162 nos
937 3107 1052 3181 Moyses
1105 3109 1178 3171 tenu
1192 3104 1310 3160 dextera
1322 3101 1440 3159 Domini
1452 3100 1590 3158 exaltavit
1603 3116 1651 3157 me
1665 3100 1847 3172 (Psolmxvu,
1863 3099 1933 3171 idi.»

226 3190 321 3248 levare
335 3190 371 3247 ad
400 3190 556 3247 Dominum
582 3206 698 3257 manus,
715 3192 755 3266 pii
776 3192 872 3250 cultus
892 3168 1088 3253 instituensC
1106 3191 1210 3251 Gladio
1232 3206 1350 3264 quoqne
1377 3189 1430 3247 Dei
1448 3192 1592 3247 memoret
1626 3205 1659 3246 se
1685 3203 1751 3245 esse
1773 3191 1930 3256 senatum

226 3278 422 3352 disciplinam.
439 3278 543 3336 Docuit
557 3281 805 3352 quemadmodum
824 3281 963 3340 Amalech
992 3302 1053 3342 ver-
1106 3280 1308 3338 illuminatum
1331 3294 1449 3352 qnoque
1475 3277 1526 3335 Dei
1554 3276 1637 3335 vultu
1662 3276 1876 3349 omnipotentis
1903 3275 1932 3331 in

227 3368 396 3440 sutiloquus
410 3367 577 3425 vinceretur
605 3368 661 3440 (te)
675 3386 681 3437 ;
697 3372 730 3423 ut
758 3384 855 3427 mores
885 3374 1000 3430 nostros
1024 3378 1053 3430 et
1106 3370 1216 3443 quibua
1243 3367 1382 3425 omnibns
1409 3365 1545 3425 Christus
1572 3368 1618 3423 est
1644 3368 1804 3439 protector,
1833 3365 1932 3421 dexte·

227 3473 316 3530 opera
330 3457 403 3513 891
425 3456 590 3513 levaremus
619 3458 655 3513 ad
683 3456 845 3528 Christum,
873 3459 916 3517 sin
940 3462 1052 3519 destrui
1106 3476 1148 3527 ra,
1165 3458 1301 3516 defensor
1314 3459 1343 3513 et
1356 3455 1473 3529 gladius
1487 3456 1555 3527 (47).
1571 3454 1655 3512 Unde
1667 3458 1697 3511 et
1710 3454 1832 3511 Simeon
1858 3453 1932 3509 dixit

227 3561 312 3618 posse
328 3544 497 3619 perfidiam:
523 3546 569 3602 sin
597 3562 665 3603 vero
690 3546 882 3618 dejiceremus
910 3549 1051 3621 animam,
1106 3548 1143 3606 ad
1158 3547 1299 3604 Mariam:
1316 3568 1331 3598 «
1347 3546 1383 3601 Dt
1395 3547 1479 3602 tuam
1493 3543 1588 3618 ipsius
1598 3543 1729 3601 animsm
1741 3542 1932 3615 pertranmbit

226 3632 435 3690 inclinaremus
458 3634 604 3703 allectum,
624 3638 653 3691 et
681 3652 698 3691 a
727 3635 914 3693 continentie
954 3640 1052 3698 studio
1105 3634 1221 3709 gladius
1235 3635 1311 3708 (Luc.
1327 3650 1359 3703 11,
1371 3634 1427 3706 35).
1444 3655 1459 3684 u
1474 3632 1596 3690 Gladius
1623 3631 1703 3689 enim
1731 3630 1784 3688 Dei
1811 3632 1931 3691 verbum

226 3726 422 3779 averteremus
435 3722 597 3797 ingenium,
613 3726 646 3779 ut
660 3725 812 3798 persuasio
827 3741 881 3782 nos
903 3744 978 3783 vana
1005 3744 1053 3784 su·
1105 3728 1160 3793 est,
1177 3724 1255 3796 quod
1270 3722 1386 3801 acutius
1399 3720 1481 3778 omni
1494 3720 1593 3797 gladio
1606 3735 1702 3793 usquc
1714 3720 1752 3777 ad
1774 3718 1933 3777 divisiones

226 3817 359 3886 peruret3
375 3811 491 3869 nullum
514 3812 677 3869 remedium
708 3813 851 3879 futurum,
880 3814 938 3871 nisi
964 3816 1052 3873 lesus
1105 3812 1210 3869 anime
1224 3810 1474 3886 cogitationesque
1487 3809 1655 3885 pertransit,
1672 3812 1706 3865 ut
1729 3807 1813 3865 nulia
1831 3806 1934 3880 ecgni-

225 3900 434 3974 depressajsm
449 3899 569 3955 brechia
583 3899 686 3972 Moysi,
696 3904 838 3971 tanquam
849 3899 1051 3959 intirmitatem
1105 3902 1216 3958 tionem
1237 3901 1302 3973 ejus
1330 3898 1444 3955 occulta
1471 3901 1653 3971 pretereani.
1681 3895 1791 3954 Vultus
1815 3910 1935 3969 quonum

224 3987 296 4058 legis
311 3986 466 4053 attolleret,
481 3989 510 4041 et
524 4003 578 4043 sua
588 3986 789 4043 misericordia
803 3988 970 4045 sustineret.
994 3991 1049 4047 Sed
1105 3989 1220 4062 paterni
1234 3988 1375 4063 splendor
1385 3991 1431 4045 est
1445 3986 1591 4056 Christus,
1606 3988 1636 4043 et
1649 3984 1715 4043 ideo
1728 3984 1820 4042 dicit:
1847 4007 1865 4035 e
1880 3983 1936 4052 Qui

224 4076 376 4133 infirmnm
393 4073 871 4149 ndhuoluissetlcgisauxilium
901 4077 958 4134 nisi
987 4077 1051 4152 ipse
1106 4094 1153 4136 me
1167 4078 1247 4134 videt
1259 4076 1339 4133 videt
1351 4080 1381 4133 et
1394 4076 1511 4133 Patrem
1526 4074 1616 4148 (loeo.
1631 4074 1731 4143 net)
1757 4091 1765 4143 ;
1795 4095 1811 4125 e
1847 4072 1936 4146 qumi

223 4166 310 4223 lesus
333 4164 463 4222 uenisset
491 4164 520 4220 in
536 4168 640 4234 terrm,
668 4164 718 4237 qui
734 4164 1048 4223 insenostrnesusci-
1106 4166 1246 4240 splendor
1258 4164 1358 4239 glories
1372 4165 1448 4237 eius,
1463 4161 1604 4238 et'imago
1617 4162 1800 4221 substantie.
1820 4161 1866 4218 Ad
1895 4162 1939 4234 ip-
2038 4183 2039 4192 ¹

224 4259 305 4327 peret
318 4253 515 4321 infirmitates,
530 4269 617 4327 quem
629 4254 724 4311 solum
736 4257 835 4310 nostra
851 4258 969 4327 peccata
983 4272 1049 4329 gra·
1104 4271 1171 4312 sum
1185 4270 1255 4328 ergo
1270 4252 1371 4311 omnia
1380 4254 1448 4325 jure
1468 4252 1620 4311 referenda
1635 4254 1715 4308 sunt.
1728 4249 1787 4323 ipsi
1800 4248 1937 4322 Moyses,

224 4358 291 4398 vere
306 4359 364 4398 non
379 4346 509 4415 possent,
526 4360 579 4401 nec
594 4341 736 4400 inclinare
750 4359 857 4400 manus
885 4343 968 4415 ejus:
998 4345 1049 4417 qui
1105 4343 1163 4416 ipsi
1190 4344 1295 4409 Aaron,
1332 4341 1390 4415 ipsi
1418 4340 1496 4400 802
1521 4340 1611 4399 etiem
1635 4340 1737 4398 Patres
1772 4337 1939 4395 snenbant

225 4428 423 4485 seinciinavit
442 4446 536 4503 usque
565 4432 601 4488 ad
631 4434 765 4500 mortem,
794 4434 918 4490 mortem
948 4436 1049 4490 eutem
1105 4432 1243 4489 universa
1270 4447 1336 4505 que
1363 4432 1575 4505 pascuntur
1600 4430 1638 4485 de
1664 4427 1803 4485 hostibus
1830 4427 1937 4483 trium-

225 4516 322 4573 erucis
334 4516 364 4571 iu
378 4532 437 4587 que
451 4520 619 4589 expandens
639 4536 746 4577 manus
773 4538 852 4588 sues,
878 4523 973 4578 totum
1001 4538 1049 4578 or·
1064 4534 1089 4601 ῃ
1106 4521 1240 4595 pharent.
1256 4520 1356 4592 Neque
1370 4518 1449 4576 cuim
1463 4517 1494 4575 in
1510 4535 1564 4576 sue
1578 4515 1757 4575 confidentia
1783 4515 1863 4572 dixit
1888 4514 1936 4572 Je-

224 4606 293 4663 bem
309 4604 360 4677 qui
377 4608 438 4661 erat
453 4604 612 4676 periturus,
637 4608 745 4665 erexit:
778 4608 883 4666 levavit
907 4610 1050 4682 iacentes,
1105 4628 1158 4668 sus
1182 4609 1278 4667 Nave:
1308 4609 1372 4665 Stet
1398 4608 1444 4665 sol
1482 4612 1584 4666 contra
1611 4606 1731 4664 Gabaon
1773 4605 1869 4677 (losse
1906 4623 1935 4677 1,

225 4700 312 4769 atque
328 4694 363 4751 ad
379 4710 411 4751 se
425 4692 559 4750 omnium
574 4694 706 4768 gentium
722 4696 809 4755 tidem
824 4698 921 4767 traxit,
950 4698 1051 4757 diceus
1108 4700 1150 4771 12)
1164 4717 1192 4768 3»
1206 4697 1257 4754 sed
1264 4697 1335 4771 quia
1345 4697 1542 4770 presumebat
1550 4696 1581 4754 in
1588 4694 1818 4767 Christo,quem
1827 4694 1934 4751 ducam

225 4782 354 4842 homini:
372 4807 386 4834 «
404 4781 495 4839 Hodie
522 4799 637 4840 meeum
666 4785 723 4841 eris
752 4784 781 4840 in
810 4787 945 4859 paradiso
972 4788 1049 4860 (tue.
1104 4786 1217 4845 milities
1232 4785 1360 4844 eoelestis
1373 4786 1539 4860 agnovit,et
1552 4783 1724 4859 suppliciter
1738 4783 1936 4840 adoravit:et

223 4890 304 4942 xxm,
318 4870 374 4945 lt).
391 4893 405 4923 »
420 4871 480 4929 Hoc
501 4876 546 4929 ost
573 4888 642 4945 ergo
669 4872 837 4945 disperdere
860 4880 947 4949 etque
970 4876 1052 4951 plan·
1104 4876 1169 4934 ideo
1184 4880 1286 4950 gentes
1300 4875 1376 4933 ieras
1388 4874 1536 4933 eradicare
1550 4872 1723 4947 promeruit,
1739 4875 1769 4927 ot
1789 4871 1936 4945 populum

224 4967 298 5031 tare,
319 4965 352 5017 ut
378 4960 482 5017 vitiosa
510 4962 704 5028 eradicentur,
733 4961 855 5019 meliora
880 4963 1051 5037 plantentur
1104 4964 1223 5023 Petrum
1239 4964 1270 5022 in
1285 4967 1395 5021 terram
1422 4960 1660 5037 repromissionis
1685 4960 1850 5029 iuducere3
1867 4959 1937 5033 quis

223 5051 254 5107 in
269 5050 435 5125 pectoribus
451 5050 645 5123 singulorum.
664 5056 700 5108 De
716 5067 774 5123 quo
788 5052 924 5123 preclare
937 5054 1051 5128 Moyses
1104 5053 1180 5110 nihil
1206 5053 1270 5110 suis
1295 5052 1434 5125 operibus
1461 5051 1632 5125 deputabat,
1660 5050 1785 5108 eredens
1812 5049 1935 5124 indigna

224 5138 255 5194 in
273 5140 363 5196 ondi
377 5140 491 5198 curtino
507 5140 597 5197 nitzo
613 5140 758 5199 Inducens
771 5138 910 5214 plantabo
942 5158 992 5199 ens
1019 5144 1049 5198 in
1104 5159 1170 5201 esse
1185 5158 1273 5216 opere
1287 5141 1442 5199 bominum
1460 5144 1543 5198 tanta
1569 5139 1669 5215 glories
1695 5138 1933 5197 remuneratione

226 5234 354 5285 montem
370 5229 549 5286 hereditatis
563 5234 630 5299 tue,
651 5229 681 5286 in
710 5233 906 5305 preparatum
935 5230 1050 5290 babita-
1105 5232 1250 5291 omlestis:
1267 5248 1357 5305 quam
1371 5228 1516 5290 Dominus
1544 5246 1581 5288 ex
1608 5245 1664 5288 sua
1692 5228 1789 5303 magis
1817 5226 1934 5286 miseri·

250 5400 581 5482 ¹(tlt)011·1nesedit.in
612 5424 742 5480 corpore,
771 5409 899 5467 Amalech
927 5411 1050 5467 versutio
1102 5414 1237 5486 eloquiis,
1262 5411 1403 5469 mendum
1426 5412 1472 5469 est
1493 5410 1660 5470 scribarum
1677 5405 1851 5483 ignorantie
1874 5404 1929 5460 im-

226 5476 389 5527 moreretur.
407 5476 475 5532 Mes.
493 5477 613 5549 aliquot,
635 5496 668 5535 ac
696 5483 753 5536 vet
784 5480 853 5537 edit.
883 5482 912 5537 in
941 5496 1006 5538 mar
1028 5524 1048 5551 .‚
1103 5484 1278 5559 putandum.

225 5540 354 5597 Amalech
377 5550 479 5601 veruti
508 5549 580 5604 tenes
601 5553 780 5631 notaremur,
809 5552 872 5625 iege
903 5497 1049 5610 veriori·
1140 5556 1197 5629 (47)
1212 5554 1287 5614 Viut.
1300 5552 1381 5611 uolo.
1398 5570 1431 5611 ae
1445 5555 1501 5610 vet.
1517 5552 1587 5611 edit.
1605 5553 1635 5611 in
1656 5566 1764 5626 marg..
1783 5552 1925 5625 misultis

227 5627 305 5688 qaue,
322 5614 376 5668 etc.
394 5612 466 5671 Nem
482 5619 559 5687 quoti
575 5619 648 5678 Vnct.
662 5624 692 5679 et
714 5622 793 5681 Gelb.
811 5623 929 5697 habent,
954 5642 1049 5685 verso-
1103 5636 1135 5686 ut
1147 5628 1275 5688 muro:
1288 5626 1426 5700 testem.
1439 5624 1598 5699 tillim·
