4159 6184
138 330 189 403 ete
763 299 1044 401 aaxaannaorv
1066 338 1142 401 nra.
1169 334 1224 396 vr.
1793 325 1857 395 aas

134 472 344 547 pregustatora
367 471 500 545 carpitur
521 470 624 543 herba,
651 486 705 527 nee
729 469 819 527 ledit.
858 468 960 526 Melior
974 470 1002 539 Α
1016 472 1100 528 canis
1116 465 1291 527 eruditione
1306 465 1552 539 comprehendere
1567 469 1651 529 laoile
1666 464 1854 543 poteritaesti·

138 561 208 619 anim
223 560 367 633 magistra
380 558 511 618 veritatis
527 566 634 617 natura
658 564 712 617 est.
730 558 795 616 llaec
824 558 889 615 sine
914 558 960 614 ul·
1017 561 1103 616 mari.
1122 560 1205 615 Nam
1221 554 1272 610 ubi
1286 555 1445 628 vestigium
1455 554 1564 629 leporis
1579 559 1689 616 cervive
1704 553 1853 631 repererit,

137 650 188 707 lius
197 648 550 723 magisteriosuavitatem
559 648 694 706 sanitatis
705 647 814 705 nostris
828 647 960 703 iniundit
1016 654 1106 721 atque
1123 648 1165 704 ad
1183 643 1389 700 diverticulum
1404 645 1515 701 semitae
1530 648 1651 719 venerit,
1667 654 1696 706 et
1706 644 1855 721 quoddam

138 736 280 804 sensibus,
296 738 398 794 eadem
415 736 525 795 doloris
539 738 728 795 acerbitatem
742 737 826 794 docet
837 752 902 793 esse
919 736 961 791 tu·
1014 736 1130 793 viarum
1150 734 1319 805 compitum
1335 733 1413 804 quod
1429 737 1526 805 partes
1541 735 1572 792 in
1587 738 1731 811 plurimas
1742 730 1852 792 scindi·

137 826 429 903 giendam.llincvita
437 827 561 899 dulcior,
572 826 641 883 hinc
653 842 733 883 mors
747 824 883 881 amarior.
893 824 959 881 Haec
1015 826 1081 894 tur3
1097 824 1211 880 obiens
1227 820 1411 893 singularum
1422 824 1596 882 semitarum
1605 827 1732 893 exordia,
1745 821 1854 880 tacitus

137 914 321 975 commendat
336 914 432 971 leenae
447 914 560 972 catulos
574 931 657 983 suos,
671 918 700 971 et
714 914 859 970 immitem
867 912 959 968 leram
1016 930 1120 969 secum
1138 914 1210 984 ipse
1223 913 1392 983 pertractat,
1416 910 1497 967 velut
1521 913 1733 988 syllogisticam
1755 923 1857 967 vocem

137 1010 264 1063 materno
278 1002 376 1059 mollit
391 1004 507 1059 affectu.
526 1004 590 1060 lieo
605 1003 723 1077 tigridis
738 1000 904 1074 interpellat
919 1001 932 1056 f
948 1032 959 1043 -
1016 1003 1186 1074 sagacitate
1203 998 1359 1071 colligendi
1380 999 1479 1055 odoris
1500 1003 1649 1060 emittens.
1665 1005 1722 1058 Aut
1736 999 1766 1055 in
1779 997 1858 1053 hanc

137 1092 296 1161 recitatem,
322 1095 351 1147 et
372 1092 578 1148 imminentem
603 1108 668 1148 eam
692 1092 796 1164 pradae
825 1089 959 1146 rellcctit.
1017 1096 1151 1161 partem,
1169 1086 1279 1160 inquit,
1295 1088 1423 1155 deflexit,
1439 1093 1490 1145 aut
1504 1090 1533 1147 in
1549 1091 1646 1162 illam,
1663 1094 1716 1147 aut
1730 1090 1807 1145 certe
1826 1084 1858 1139 in

136 1186 265 1254 Namque
280 1179 334 1236 ubi
347 1196 473 1236 vacuum
490 1184 579 1253 rapte
595 1179 704 1235 sobolis
729 1178 823 1235 cubile
846 1195 960 1251 repere·
1017 1179 1097 1233 hunc
1115 1196 1151 1233 se
1171 1180 1337 1234 anfractum
1353 1178 1493 1235 contulit:
1510 1182 1561 1236 sed
1577 1198 1630 1237 nec
1645 1182 1747 1244 istam,
1763 1172 1861 1231 necil-

135 1273 181 1339 rit,
194 1268 274 1327 illico
289 1268 424 1343 vestigiis
439 1268 564 1341 raptoris
588 1267 708 1325 insistit.
725 1270 761 1323 At
783 1265 833 1322 ille
856 1284 961 1340 quam·
1017 1266 1077 1322 lam
1094 1268 1261 1339 ingressus
1276 1270 1321 1322 est
1334 1268 1429 1324 viam:
1446 1275 1580 1341 superest
1594 1265 1860 1345 igiturutinistam

133 1360 175 1417 vis
189 1374 266 1432 equo
280 1361 383 1414 vectus
399 1358 505 1431 fugaci,
520 1357 624 1413 videns
639 1360 738 1412 tamen
750 1355 902 1411 velocitate
920 1355 961 1411 fe·
1017 1373 1049 1410 se
1066 1361 1191 1427 partem
1208 1353 1861 1428 sinedubitationecontuleritQuodhomines

134 1460 170 1506 ra
184 1466 216 1505 se
230 1464 321 1521 posse
333 1447 477 1520 pravorti,
493 1462 546 1503 nec
561 1446 701 1502 evadendi
717 1443 810 1500 ullum
826 1448 961 1516 suppeto·
1018 1445 1065 1499 vin
1081 1444 1210 1515 prolixa
1238 1446 1406 1519 conspositae
1430 1448 1501 1506 artis
1524 1450 1715 1508 meditatione
1738 1460 1861 1519 compo·

134 1554 163 1597 re
177 1536 233 1596 sibi
248 1552 340 1611 posse
354 1536 533 1605 subsidium,
547 1534 685 1592 technam
700 1533 870 1606 hujusmodi
884 1534 962 1601 trap·
1018 1535 1103 1598 nunt,
1141 1532 1206 1588 hoc
1230 1535 1355 1592 canibus
1374 1552 1408 1591 cx
1432 1541 1537 1595 natura
1563 1535 1714 1613 sappetit3
1741 1537 1775 1590 nt
1798 1537 1865 1591 ante

133 1626 316 1685 demolitur.
334 1624 391 1682 Ubi
407 1626 517 1683 mse
532 1624 706 1697 contignum
725 1622 839 1690 viderit,
865 1622 960 1694 sphae·
1018 1620 1222 1676 mendacium
1238 1623 1475 1697 deprehendant,
1498 1632 1526 1684 et
1541 1633 1644 1702 postea
1669 1620 1798 1680 falsitate
1817 1638 1863 1680 re·

133 1734 193 1775 ram
207 1716 244 1773 ds
256 1714 335 1771 vitro
352 1714 482 1787 projicit:
501 1718 530 1770 at
547 1712 599 1769 illa
614 1712 741 1785 imagine
768 1711 814 1768 sui
839 1711 961 1779 luditur,
1018 1707 1149 1781 pudiata
1169 1708 1321 1769 invenient
1335 1714 1499 1772 veritatem.
1516 1717 1620 1775 Nonne
1634 1710 1785 1772 totosdies
1799 1726 1866 1768 con·
1971 1732 1977 1741 ·

133 1811 160 1863 gt
175 1803 308 1863 sobolem
326 1806 422 1877 putat,
438 1802 716 1873 revocatimpetum,
728 1799 863 1874 colligere
871 1800 961 1857 letum
1018 1798 1118 1853 lerunt
1136 1796 1315 1876 philosophi
1330 1804 1545 1876 propositiones
1560 1807 1616 1865 sibi
1630 1806 1662 1862 in
1679 1799 1800 1875 pulvere
1820 1802 1866 1857 dl·

132 1892 317 1951 desiderans.
334 1890 450 1946 Rursus
465 1888 546 1945 inani
562 1888 661 1962 specie
675 1892 787 1944 retenta
800 1888 869 1945 totis
880 1906 911 1945 se
927 1890 962 1946 ad
1020 1886 1177 1951 videntes,
1195 1889 1244 1960 qui
1260 1892 1340 1948 radio
1356 1892 1412 1948 sibi
1427 1894 1598 1952 describunt
1610 1888 1759 1965 singulas,
1785 1892 1814 1947 θῑ
1834 1906 1869 1949 0¹

133 1975 965 2055 comprehendendumequitemviribusfunditetiracun-
1018 1975 1115 2031 tribus
1132 1974 1203 2049 (70)
1223 1996 1291 2035 eum
1307 1998 1397 2037 cnam
1413 1999 1513 2041 earvrm
1530 1987 1609 2045 122
1623 1994 1727 2041 veram
1742 1995 1867 2039 essene·

134 2070 187 2126 diss
200 2067 326 2127 stimulo
340 2064 468 2123 velocior
481 2064 606 2137 tugiensi
621 2063 764 2121 imminet.
786 2064 837 2121 ille
858 2064 963 2122 iterum
1019 2080 1101 2121 cesse
1116 2064 1176 2130 sit,
1193 2068 1268 2124 duas
1284 2069 1379 2141 primo
1394 2070 1731 2145 interficiunttanquam
1748 2071 1869 2131 mendc-

134 2160 253 2233 spbaera
269 2155 389 2229 objectu
405 2158 579 2226 sequentem
593 2154 736 2222 retardat3
747 2168 798 2209 nec
809 2158 907 2209 tamen
922 2171 965 2211 se·
1019 2154 1063 2211 oio
1079 2162 1296 2227 congruentes,
1312 2164 1341 2215 et
1353 2159 1396 2217 sie
1407 2162 1436 2217 iu
1453 2180 1487 2219 ea
1507 2182 1576 2238 quae
1606 2161 1712 2220 relicta
1730 2165 1784 2233 cst,
1809 2164 1868 2225 vim

135 2248 288 2305 dulitatem
306 2243 414 2301 matris
429 2242 573 2299 memoria
595 2242 708 2297 fraudis
733 2240 875 2297 excludit:
904 2259 965 2299 cas·
1018 2244 1155 2301 veritatis
1181 2246 1326 2304 inherere
1351 2250 1518 2308 definiunt?
1534 2256 1613 2321 Quis
1627 2255 1692 2308 tam
1714 2256 1800 2314 tenax
1818 2274 1869 2334 po·

135 2350 201 2394 sam
213 2338 312 2392 versat
326 2333 504 2406 imaginem,
521 2330 643 2403 ctqnssi
654 2329 797 2387 lactatura
813 2330 965 2387 letusresi-
1019 2338 1077 2390 test
1091 2350 1159 2390 esse
1177 2336 1324 2406 beneficii,
1341 2342 1368 2394 et
1388 2356 1504 2397 memor
1523 2341 1659 2416 gratia?
1684 2346 1869 2431 Quandoqui-

136 2428 199 2482 det.
213 2422 393 2497 Sic-pietatis
408 2438 469 2478 sua
485 2419 582 2477 studio
599 2420 729 2491 decepta,
752 2422 781 2474 et
805 2418 965 2476 vindictam
1020 2425 1087 2480 dem
1103 2439 1157 2495 pro
1178 2424 1301 2483 donvino
1322 2429 1412 2484 etiam
1427 2430 1457 2483 in
1479 2429 1627 2491 latrones
1654 2433 1767 2503 insilire
1785 2462 1869 2509 nove·

135 2512 250 2571 amittit
263 2516 290 2568 et
302 2510 447 2568 sobolem.
1021 2515 1099 2579 runt,
1116 2515 1146 2567 et
1160 2517 1371 2571 extraneorum
1395 2533 1535 2574 accessus
1575 2524 1734 2597 prohibere
1756 2546 1870 2606 noctur.

171 2604 217 2657 22.
247 2600 329 2667 Quod
360 2598 448 2655 nobis
477 2597 629 2671 Scriptura
663 2598 755 2665 allent,
781 2614 845 2669 quae
879 2595 964 2651 dicit:
1021 2618 1084 2666 nos,
1100 2604 1128 2656 et
1143 2600 1221 2656 mori
1236 2619 1289 2674 pro
1305 2604 1448 2670 dominis,
1464 2610 1493 2660 et
1508 2622 1670 2679 commori
1688 2645 1755 2692 eum
1778 2637 1869 2699 domi-

134 2690 336 2760 Fitigditipr'te
349 2692 443 2760 potres
459 2690 580 2753 vestreae
594 2691 731 2759 parentes,
747 2686 884 2741 colitead
909 2688 965 2741 ira·
1021 2690 1370 2765 nissintparati?Saepe
1386 2693 1476 2748 etiam
1492 2700 1592 2759 necis
1613 2708 1698 2777 may&
1727 2726 1788 2788 ovid
1828 2732 1848 2791 f

131 2778 267 2838 asadiam
291 2790 443 2851 prouocare
471 2774 543 2846 filios
572 2779 675 2832 cestros
702 2774 814 2849 (Coloss.
838 2790 881 2843 111,
908 2774 964 2846 20).
1021 2796 1118 2843 canes,
1135 2779 1171 2832 ad
1187 2780 1410 2853 redarguendos
1426 2798 1492 2837 reos
1508 2782 1633 2857 indicia
1660 2818 1767 2882 pmdid
1790 2748 1868 2793 enm

133 2870 248 2925 Natura
265 2867 323 2923 hoc
347 2864 452 2921 bestiis
475 2864 616 2929 infundit,
640 2868 672 2919 ut
695 2863 808 2920 catalos
833 2864 966 2935 proprios
1022 2869 1054 2921 ut
1066 2868 1147 2920 muto
1161 2880 1264 2921 corum
1280 2830 1863 2966 testimonioplerumqueeitcrcdqhunt'

132 2960 246 3022 ament,
263 2954 341 3011 letus
356 2968 429 3010 suos
444 2951 576 3023 diligant.
592 2952 732 3008 Nesciunt
747 2942 803 3007 illae
826 2951 892 3007 odia
916 2969 967 3007 no·
1057 2954 1102 3008 24.
1126 2953 1285 3010 Antiochia
1310 2956 1408 3011 serunt
1423 2957 1452 3011 ln
1478 2970 1636 3031 remotiori
1659 2996 1747 3054 pare„
1777 2926 1861 3059 2553

133 3044 275 3111 vercelis,
286 3058 341 3099 nee
357 3045 472 3097 mutato
494 3041 649 3096 concubitu
676 3043 812 3113 parentes
828 3056 844 3094 a
868 3040 967 3097 sobole
1021 3038 1194 3112 crepusculo
1209 3046 1346 3097 necatum
1360 3041 1467 3111 virum,
1489 3049 1543 3117 qui
1560 3069 1664 3121 canem
1683 3075 1742 3132 sihi
1758 3084 1858 3155 edjau.

133 3136 346 3206 depravantur,
364 3146 460 3202 neque
475 3132 618 3185 noverunt
632 3130 766 3202 praeierre
781 3128 857 3184 filios
871 3134 966 3199 poste·
1023 3128 1240 3185 ctnmbaberet.
1251 3129 1335 3185 Miles
1344 3130 1465 3201 quidam
1476 3140 1629 3204 predandi
1652 3159 1756 3219 studio
1768 3172 1807 3223 m·
1833 3173 1840 3187 .

133 3222 226 3279 rioris
241 3220 362 3293 copulae,
380 3218 542 3291 superioris
562 3222 659 3273 autem
676 3217 832 3291 negligere.
854 3200 1002 3274 NoruntC
1022 3223 1082 3276 ster
1096 3215 1182 3273 cedis
1197 3218 1362 3273 exstiterat:
1380 3223 1473 3275 taetus
1489 3221 1568 3282 idom
1584 3234 1744 3301 tenebroso
1756 3188 1856 3312 01111]ῗὲ

134 3313 265 3386 pignora
277 3326 342 3377 sua,
358 3307 495 3364 nesciunt
505 3306 656 3363 charitatis
672 3307 967 3373 differentiamodio-
1022 3306 1077 3363 diei
1089 3304 1853 3396 exordioinaliaspartesconcesserat:jacebatinhu-

132 3416 206 3457 rum
230 3397 385 3464 incentiva,
413 3394 609 3452 offensionum
633 3396 816 3452 discrimina.
838 3395 968 3468 Simplex
1022 3400 1135 3451 matum
1151 3393 1282 3461 cadaver,
1297 3394 1851 3488 trequensspoctantiumvulgusasta·

135 3492 271 3545 ferarum
287 3490 393 3542 notura
406 3488 462 3553 est,
478 3483 570 3541 nescit
583 3484 714 3541 veritatis
730 3484 903 3540 calumnias.
920 3485 967 3541 Sic
1023 3486 1082 3550 hat,
1111 3482 1192 3537 canis
1216 3487 1322 3553 questa
1357 3481 1538 3557 lacrymabili
1573 3494 1687 3554 domini
1725 3506 1850 3568 deflebat

135 3575 335 3635 enimomnia
350 3572 526 3645 temperavit
540 3572 626 3641 Deus,
642 3572 905 3646 atquibusmiaus
925 3590 968 3631 ra·
1022 3587 1192 3629 erumnam.
1214 3571 1298 3627 Forte
1323 3572 1349 3626 is
1376 3574 1425 3641 qni
1454 3594 1556 3635 necem
1581 3582 1733 3661 intulerat,
1759 3600 1793 3650 ut
1818 3614 1850 3655 se

136 3666 232 3723 tionis
254 3664 346 3731 daret,
376 3661 444 3734 plus
469 3659 635 3735 indulgeret
658 3662 790 3717 allectus.
817 3664 883 3727 Oua
907 3663 968 3719 iera
1021 3657 1254 3717 habetvorsutia
1277 3658 1400 3714 humani
1427 3661 1548 3734 ingenii,
1574 3685 1632 3741 qno
1655 3682 1793 3735 versandi
1819 3684 1850 3742 in

137 3772 192 3827 pro
218 3752 324 3809 catulis
343 3751 407 3807 suis
422 3768 481 3807 non
505 3750 571 3823 ipsa
594 3750 781 3823 potissimum
806 3766 837 3806 se
864 3751 966 3807 offerat
1022 3750 1117 3805 medio
1127 3747 1299 3804 auctoritate
1318 3756 1496 3822 praesumpta
1511 3755 1598 3811 fidem
1615 3761 1793 3823 adscisceret
1805 3769 1851 3826 511.

135 3842 250 3901 morti?
263 3842 330 3907 Qua
346 3841 408 3896 iera
416 3840 493 3895 istus
505 3854 585 3907 suos,
593 3838 755 3894 innumeris
766 3838 833 3894 licet
848 3838 968 3895 obsessa
1022 3836 1172 3907 nocentia,
1182 3837 1219 3892 ad
1234 3836 1312 3892 illam
1329 3837 1603 3911 circumspectantis
1619 3850 1720 3921 populi
1746 3870 1845 3913 acces.

136 3932 241 3989 cuneis
252 3933 445 3994 armatorum,
460 3944 518 3983 non
540 3926 603 3983 suis
631 3927 791 3983 visceribus
805 3928 901 4000 tegat?
920 3928 966 3982 ln·
1022 3926 1061 3983 sit
1076 3942 1223 3995 coronam,
1237 3929 1265 3981 et
1278 3926 1356 3981 velut
1372 3926 1517 3986 miserans
1539 3936 1787 4010 appropinquavit
1811 3944 1848 4000 ad
1874 3986 1880 3997 .

137 4026 229 4095 gruat
239 4018 308 4075 licet
321 4017 447 4073 telorum
463 4030 558 4089 seges,
574 4014 625 4071 illa
639 4022 735 4071 tamen
752 4016 886 4089 parvulos
897 4034 966 4074 euos
1022 4018 1122 4072 ianus.
1140 4015 1659 4095 Tumcanis,sequestratopaulisper
1671 4032 1777 4098 questu
1794 4030 1848 4087 dc·

136 4124 229 4167 muro
243 4107 289 4164 sui
304 4106 435 4178 corporis
456 4107 555 4177 septos
576 4102 725 4160 immunes
750 4106 868 4176 prestat
894 4106 968 4178 peri·
1022 4105 1104 4171 loris,
1120 4122 1202 4161 arma
1216 4104 1337 4161 ultionis
1353 4109 1516 4180 assumpsit
1530 4114 1846 4187 atqueapprebensum

138 4194 294 4260 culi.Quid
307 4194 377 4249 dicit
389 4192 480 4249 homo
493 4190 544 4264 qui
557 4192 729 4248 mandatum
742 4192 874 4266 negligit,
884 4198 968 4249 natu·
1022 4196 1117 4252 tenuit
1132 4198 1161 4249 et
1174 4192 1252 4249 velut
1266 4194 1378 4266 epilogo
1395 4195 1587 4269 (iilquodam
1599 4201 1765 4261 miserabile
1787 4224 1850 4264 car·

138 4280 488 4341 ramoblitteratll'ilius
510 4280 624 4337 Patrem
649 4280 781 4354 despicit,
811 4286 893 4354 pater
916 4284 966 4340 ah·
1024 4300 1090 4340 men
1106 4283 1337 4339 immurmurans
1363 4284 1517 4342 universos
1541 4292 1682 4347 convertit
1700 4292 1730 4347 in
1753 4294 1847 4370 lacry-

138 4374 224 4430 dicat
236 4372 344 4427 illium:
363 4374 392 4427 et
406 4370 461 4426 hoc
476 4373 582 4443 putant
592 4370 643 4442 jus
659 4384 733 4441 esse,
745 4370 795 4425 ubi
811 4372 970 4428 damnatur
1024 4389 1098 4439 mas,
1115 4373 1200 4428 fidem
1227 4371 1392 4444 probationi
1423 4374 1527 4431 detulit
1555 4376 1623 4450 (72),
1649 4382 1726 4452 quod
1751 4383 1848 4441 solum

138 4460 324 4521 fecunditas:
341 4476 373 4515 se
386 4458 486 4532 potius
500 4462 584 4532 pater
599 4458 728 4526 damnat,
746 4459 794 4531 qui
812 4458 879 4515 lacit
902 4460 967 4517 irri·
1022 4461 1119 4518 tenuit
1132 4478 1167 4517 ex
1177 4458 1650 4539 plurimismecdimisit.Denique
1661 4471 1850 4541 perturbatus

136 4556 209 4608 tum
225 4549 377 4623 essequod
394 4548 504 4622 genuit.
522 4548 556 4603 lit
570 4547 624 4605 hoc
638 4549 968 4620 putanturauctoritatie
984 4570 1007 4635 D
1024 4550 1083 4618 ille,
1100 4550 1178 4622 quod
1194 4554 1255 4604 tam
1272 4548 1461 4607 manifestum
1477 4553 1518 4608 rei
1533 4554 1661 4614 indicem
1677 4562 1847 4631 nequeodii,

137 4656 222 4708 esse,
238 4636 288 4695 ubi
303 4636 465 4694 sterilitatis
480 4638 587 4693 natura
602 4635 771 4693 mulctatur.
1025 4655 1120 4712 neque
1136 4637 1368 4705 inimicitiarum,
1383 4656 1479 4712 acque
1507 4641 1634 4714 invidiae,
1657 4652 1709 4703 aut
1732 4648 1847 4719 injuria

178 4728 230 4784 23.
243 4726 393 4783 Exsortem
408 4724 531 4781 rationis
544 4740 646 4781 canem
663 4742 727 4781 essa
743 4742 829 4782 nemo
854 4726 970 4783 dubita·
1026 4728 1149 4799 alicujus
1162 4730 1274 4798 poterat
1287 4725 1448 4797 objectione
1474 4746 1625 4803 evacuare,
1653 4736 1763 4791 crimen
1786 4736 1850 4791 diu·

137 4818 237 4884 verit3
257 4818 356 4872 tamen
371 4814 396 4871 si
421 4830 527 4872 sensus
555 4814 619 4886 ejus
640 4814 769 4888 vigorem
792 4816 970 4889 consideres,
1025 4817 1085 4873 tius
1100 4816 1230 4889 nequivit
1245 4815 1385 4872 rciellerc.
1401 4820 1587 4892 ltaquequod
1604 4828 1666 4879 erat
1687 4820 1847 4890 difficilius,

139 4919 329 4961 censeseam
346 4904 490 4960 sentiendi
516 4903 675 4976 sagacitate
690 4904 749 4959 vim
775 4903 831 4961 sibi
850 4906 971 4963 rationis
1026 4905 1167 4962 ultionem
1183 4908 1354 4977 persecutus
1368 4911 1431 4976 est;
1458 4910 1528 4980 quia
1551 4910 1750 4965 defensionem
1774 4926 1847 4981 pre·

139 4995 302 5051 asciscere.
320 4990 451 5065 Denique
465 4993 543 5065 quod
559 4992 645 5064 pauci
663 4991 693 5048 in
719 4994 881 5067 gymnasiis
903 5012 971 5052 con·
1027 5000 1103 5053 stare
1118 5011 1175 5049 non
1192 4987 1295 5066 potiris.
1312 4994 1384 5059 Ouid
1406 5014 1460 5053 nos
1479 4998 1602 5069 dignum
1624 5005 1721 5054 nostro
1745 4998 1848 5055 referi·

138 5083 257 5150 stituti,
275 5082 325 5155 qui
339 5086 430 5139 totam
448 5082 478 5137 in
504 5081 643 5138 discendo
667 5081 732 5137 vite
758 5082 971 5157 longaevitatem
1028 5100 1095 5140 mus
1107 5084 1246 5147 Creatori,
1263 5084 1348 5156 cujus
1364 5084 1427 5140 cibo
1446 5085 1602 5152 vescimur,
1627 5089 1656 5140 et
1678 5085 1848 5146 dissimula-

140 5172 350 5240 coniriverint,
366 5170 413 5228 vix
425 5174 583 5243 potuerunt
606 5187 781 5244 cognoscere
796 5176 828 5227 ut
853 5173 972 5247 syllogi·
1028 5190 1095 5229 mus
1110 5172 1245 5243 injurias,
1262 5176 1290 5228 et
1306 5190 1381 5244 sape
1396 5172 1524 5229 inimicis
1538 5172 1589 5228 Dei
1604 5188 1654 5229 eas
1666 5190 1768 5246 quasa
1790 5175 1849 5235 Deo

138 5276 286 5317 amorum
301 5259 523 5331 conjunctiones
548 5262 746 5326 contexerent,
771 5259 825 5317 boc
848 5262 973 5317 naturali
1028 5261 1200 5336 accipimus,
1216 5261 1319 5334 epulas
1332 5260 1525 5317 exhibemus?

182 5428 245 5502 (70)
275 5426 347 5483 Mes.
370 5443 483 5495 novem,
504 5427 560 5483 sihi
582 5426 737 5483 1010011011
759 5429 872 5497 stapulo
902 5446 973 5486 som-
1030 5434 1198 5499 adhibeant,
1214 5430 1505 5501 utjudicesceesant
1520 5430 1556 5485 ad
1572 5431 1812 5495 misericordiam.

135 5498 411 5567 nimetactrihca,
428 5504 482 5555 etc.
1065 5507 1122 5581 (72)
1150 5502 1270 5574 Aliquot
1296 5516 1368 5556 mss.
1396 5518 1454 5557 non
1491 5502 1620 5559 minima
1656 5509 1849 5582 auctoritatis,

179 5570 245 5647 (71)
273 5571 399 5642 setheo,
420 5570 450 5625 id
476 5574 522 5627 est
545 5568 678 5643 querelae
706 5586 740 5627 eo
772 5570 849 5643 quod
879 5576 974 5631 orato·
1028 5577 1164 5638 coneedit
1177 5576 1208 5632 tc
1221 5571 1514 5649 improbationem
1527 5574 1633 5636 detulit.

136 5658 198 5706 res
213 5640 352 5719 querelas
366 5642 493 5701 maxime
508 5641 538 5697 in
558 5640 672 5716 epilogo
698 5645 729 5699 et
752 5640 811 5701 fine
835 5643 974 5705 orationis

313 5768 444 5843 sauss.
466 5767 546 5837 1111.
1674 5783 1694 5853 i
