4159 6184
179 373 239 450 etti
716 371 964 437 nununario
985 369 1024 437 iii
1044 374 1233 447 resanuit
1254 379 1373 446 XXXV.
1842 393 1903 459 998

179 523 275 583 quam
291 505 434 566 discrevit
447 505 504 565 iter
517 502 607 576 auia;
624 507 738 568 Grecua
754 510 849 566 eutem
869 505 903 562 in
944 511 1026 565 utro·
1040 516 1068 583 Α
1083 514 1159 585 quod
1175 531 1228 572 nec
1242 516 1278 573 ab
1293 516 1378 574 initio
1399 515 1466 591 fuit,
1481 535 1534 576 nec
1562 519 1627 579 en‘t.
1656 523 1738 590 Quod
1766 526 1903 586 miden.

180 597 336 672 queviem
351 595 873 665 dixitNonotiosetamenhetinus,
892 597 973 669 quia
994 603 1023 656 et
1075 601 1166 675 igitur
1204 607 1249 661 est
1289 606 1383 677 perit:
1413 609 1491 680 quod
1521 610 1750 684 substantivum,
1790 621 1901 674 manet.

181 685 348 745 Dominus:
366 709 381 740 α
396 687 454 761 Ego
469 701 538 742 sum
553 684 611 755 ria,
629 707 640 736 ι
657 685 747 756 dicit;
772 682 945 744 condixit:
962 686 1019 761 Ego
1074 689 1197 749 Pereunt
1212 697 1310 750 autem
1325 694 1418 768 impii,
1434 699 1580 770 quomodo
1609 700 1734 759 dicitur:
1751 724 1766 754 «
1795 704 1903 764 Anima

181 791 252 834 sum
285 777 351 836 iter.
382 774 479 834 Perire
522 777 622 832 autom
648 775 704 833 iter
729 773 887 849 impiorum
933 775 1018 846 dixit,
1074 795 1137 851 qus
1152 784 1263 854 peccet,
1280 780 1345 855 ipse
1364 785 1507 846 morietur
1530 788 1636 859 (Erech.
1652 807 1734 857 svm,
1757 792 1801 861 ti:
1829 814 1844 842 »
1870 798 1905 851 ut

182 882 242 923 non
272 865 392 941 impios.
416 865 519 922 Servat
543 879 647 921 eorum
672 863 879 936 substantiam,
906 865 962 939 qni
994 865 1019 923 si
1072 869 1184 942 peccati
1197 869 1299 928 aculeo
1314 871 1381 944 (58),
1409 890 1468 930 non
1484 876 1564 932 omni
1578 877 1751 936 substantie
1763 897 1826 938 sure
1837 881 1903 940 dis·

181 959 402 1024 convertantur,
416 954 493 1012 160
508 952 609 1011 solum
626 954 682 1010 iter
695 953 855 1028 impietatis
869 953 1018 1028 emittent,
1073 956 1219 1016 solutione
1243 960 1419 1019 moriantur.

219 1095 275 1169 (58)
292 1097 365 1155 Mes.
379 1094 527 1166 nonnulli,
539 1097 688 1170 utpeccrrta'
700 1098 820 1156 vinculo.

188 1253 1899 1291 m

533 1395 591 1482 IN
620 1394 898 1489 PSALMUM
924 1397 1098 1487 XXXV
1127 1399 1457 1491 ENARRATIO
1476 1393 1551 1488 (⁵⁹).

206 1801 209 1806 Ι
495 1731 692 1790 PRAEFATIO.
1029 1739 1054 1805 Β
1068 1737 1227 1801 levandum
1243 1755 1330 1796 omne
1344 1745 1506 1812 peccatum.
1524 1742 1666 1799 Ordinem
1680 1743 1819 1816 diximus,
1831 1751 1903 1810 titu-

221 1825 246 1882 i.
273 1823 413 1881 Dicturus
435 1821 583 1895 Propheta
605 1819 635 1876 in
656 1820 774 1894 psalmo
803 1825 939 1896 sequenti
960 1825 1016 1898 (60)
1072 1825 1135 1882 lum
1151 1825 1382 1884 consideremus.

185 1931 249 1987 qne
262 1917 340 1971 esset
352 1910 541 1984 iormeJusti,
557 1912 625 1968 ente
639 1910 768 1968 iormem
782 1913 928 1985 expressit
943 1914 1018 1985 inJ'u·
1106 1917 1134 1970 2.
1151 1915 1243 1985 (Vere.
1260 1917 1298 1988 t.)
1323 1938 1337 1967 ιι
1361 1921 1395 1972 1n
1420 1919 1519 1991 finem,
1544 1919 1653 1993 inquit,
1675 1937 1758 1980 servo
1786 1923 1904 1985 Domini

184 2003 235 2060 sti.
261 2001 359 2075 Neque
388 2000 466 2058 enirn
495 2013 656 2084 possumne
683 2015 861 2074 cognoscere
889 2018 952 2076 que
978 2002 1018 2059 sit
1073 2003 1274 2076 psalmus(63)
1289 2004 1391 2062 David.
1405 2030 1418 2057 o
1435 2008 1807 2085 intotopselterricorpore
1820 2015 1904 2074 solua

182 2091 280 2150 iorma
289 2090 423 2162 justitie,
441 2087 498 2146 nisi
510 2102 725 2162 cognoscamus
742 2103 808 2160 que
824 2089 865 2146 sit
875 2089 1016 2164 iniquite-
1071 2091 1119 2147 hic
1134 2090 1239 2148 titulus
1253 2096 1308 2159 est,
1319 2095 1553 2168 quodpsalmum
1563 2113 1646 2155 servo
1659 2099 1817 2160 Dominise
1827 2104 1903 2162 scri-

182 2181 223 2239 tis
237 2177 349 2254 effigies
362 2199 370 2251 3
387 2181 457 2238 sunt
473 2176 552 2234 enim
565 2175 622 2233 sibi
636 2175 765 2234 adverse
780 2180 872 2250 etque
898 2183 1016 2236 contra·
1071 2179 1168 2252 psisse
1177 2184 1312 2238 testetur.
1327 2184 1398 2249 Quis
1413 2185 1468 2242 iste
1483 2192 1528 2242 est
1542 2203 1644 2244 servus
1664 2187 1782 2246 Domini
1804 2191 1903 2250 videa-

184 2268 245 2326 rie.
261 2267 394 2340 Namque
408 2267 440 2323 in
454 2265 548 2323 alters
563 2264 690 2337 simplex
697 2264 841 2324 hebitudo
853 2270 974 2338 naturae,
985 2268 1016 2324 in
1071 2285 1141 2325 mus
1152 2286 1159 2324 :
1172 2269 1242 2342 quid
1259 2270 1364 2342 psalmi
1379 2273 1471 2330 series
1486 2273 1648 2347 significet:
1666 2276 1714 2334 cui
1728 2277 1827 2338 dictus
1853 2280 1904 2337 hic

184 2357 277 2416 altere
299 2355 388 2413 fellu
419 2353 549 2414 versutie
582 2352 738 2426 nequitie:
781 2353 841 2412 alia
872 2356 1016 2414 virtutum
1071 2355 1206 2430 pseimus
1221 2358 1282 2414 sit?
1297 2359 1460 2419 Audiamus
1475 2363 1511 2420 ad
1526 2380 1614 2436 quem
1642 2351 1903 2439 loquatur:‘«1)0.

183 2446 329 2520 imegines
342 2445 469 2519 prefert,
484 2443 542 2500 aiie
569 2441 707 2502 uitiorum
736 2444 915 2502 commercia
941 2461 1016 2518 pre·
1072 2445 1162 2514 mine,
1178 2445 1285 2518 inquit,
1300 2447 1330 2504 in
1344 2448 1416 2506 caelo
1431 2451 1632 2510 misericordie
1658 2458 1720 2524 tue,
1748 2460 1779 2513 et
1795 2457 1903 2515 ueritas

182 2535 279 2595 tendit
297 2534 365 2610 (oi).
382 2532 541 2591 convenire
556 2529 744 2589 autemhunc
758 2531 893 2592 ordinem
908 2538 937 2591 et
951 2533 1017 2608 ipss
1071 2536 1232 2607 hueusque
1246 2534 1283 2591 ed
1299 2536 1404 2593 nubes.
1418 2538 1538 2596 iustitie
1548 2544 1600 2597 tue
1614 2542 1695 2599 sicut
1709 2549 1826 2604 montes
1840 2547 1902 2614 Dei,

183 2626 259 2686 ratio
291 2625 391 2682 docet:
416 2627 445 2680 et
473 2622 497 2679 si
526 2621 562 2678 de
590 2619 747 2678 contrariis
777 2623 923 2680 sumenda
945 2625 1017 2680 sunt
1067 2621 1249 2694 judiciatna
1264 2624 1389 2698 abyssus
1416 2626 1520 2684 muita.
1546 2629 1633 2701 (Prot.
1662 2647 1749 2700 xxxv,
1773 2635 1803 2704 d,
1830 2635 1869 2706 7).
1884 2615 1900 2686 ‚3

183 2713 361 2780 testimonie,
391 2710 449 2784 ipsi
479 2712 614 2767 doctores
656 2707 849 2783 philosophie
887 2711 1015 2768 confessi
1070 2710 1123 2766 Cui
1138 2711 1205 2782 hoo,
1220 2711 1276 2769 nisi
1292 2713 1364 2770 Filio
1379 2714 1431 2771 Dei
1446 2714 1553 2775 dicitur
1567 2717 1581 2773 t
1596 2718 1663 2775 iiaec
1677 2719 1756 2776 enim
1771 2737 1831 2778 non
1844 2722 1900 2778 hu-

184 2807 266 2872 sunt,
283 2802 354 2858 dum
370 2803 546 2874 sequnntur.
564 2797 635 2867 Quis
662 2801 762 2855 autem
787 2798 903 2857 dubitet
930 2799 1016 2874 longe
1071 2814 1176 2871 manre,
1192 2801 1244 2858 sed
1259 2800 1363 2859 divine
1374 2807 1444 2861 suut
1453 2806 1617 2878 potestatis.
1626 2808 1681 2864 Sed
1692 2808 1762 2882 quid
1770 2809 1828 2867 eibi
1838 2810 1902 2869 vuit

185 2890 360 2950 anteriorem
379 2888 518 2947 Davidem
542 2885 674 2944 Platonis
701 2885 794 2944 inisse
821 2886 1014 2961 temporibus,
1069 2889 1150 2960 quod
1165 2905 1248 2947 seruo
1262 2890 1379 2949 Domini
1393 2893 1451 2949 dici
1471 2893 1620 2966 psalmum
1643 2895 1723 2954 hunc
1739 2898 1815 2956 sce
1830 2899 1901 2956 titu-

185 2996 274 3055 qusm
289 2996 347 3037 non
363 2977 460 3036 solum
473 2979 614 3050 magister
626 2975 692 3047 eius
706 2975 774 3048 (6⁶2),
804 2977 857 3034 sed
886 2993 938 3034 nec
968 2976 1012 3034 avi
1070 2974 1120 3033 lus
1142 2977 1299 3036 declaravit
1320 2982 1406 3054 (Prot.
1431 2999 1545 3052 amu,
1575 2984 1614 3055 t),
1641 3002 1709 3042 cum
1737 2987 1899 3047 orationem

185 3071 308 3144 quidem
321 3084 441 3126 avorum
457 3067 521 3139 ejus
535 3065 634 3122 videre
648 3067 824 3137 potuerunt:
837 3081 905 3122 cum
920 3064 970 3122 ills
984 3065 1015 3122 in
1073 3064 1165 3138 Moysi
1179 3066 1309 3125 hominis
1323 3069 1374 3127 Dei
1389 3068 1537 3140 moluerit,
1546 3088 1636 3145 quem
1653 3074 1726 3131 serui
1737 3075 1854 3134 Domini
1868 3077 1899 3136 in

186 3153 686 3234 principioregniiuerittudaorum
696 3153 786 3226 (quod
799 3153 1017 3228 perinnumere
1045 3147 1054 3172 ⁴
1073 3155 1233 3227 posteriore
1246 3155 1332 3214 titulo
1347 3160 1544 3232 nuncupere?
1558 3162 1717 3236 quodergo
1742 3164 1899 3224 consitium

187 3261 334 3304 annorum
348 3243 494 3302 curricula
504 3245 697 3316 propagatum
712 3241 778 3314 est),
793 3241 850 3300 iste
864 3247 931 3316 post
945 3247 1017 3300 tem·
1071 3241 1221 3316 Propheta
1237 3244 1325 3302 fuerit
1339 3263 1398 3304 non
1414 3246 1559 3322 intelligo,
1569 3249 1615 3307 vel
1626 3251 1724 3323 potius
1737 3252 1833 3326 ipsius
1843 3255 1898 3312 Do.

185 3352 261 3411 pora
275 3332 463 3408 captivitatis,
479 3331 589 3405 quibus
607 3346 731 3405 regnum
757 3331 853 3404 gentis
876 3332 940 3404 ejus
951 3333 1015 3405 jam
1070 3330 1322 3404 miniSelretoris,
1339 3334 1389 3408 qui
1404 3334 1522 3393 locutus
1536 3337 1623 3394 estio
1643 3339 1796 3413 Propheta,
1826 3342 1900 3401 Vere

186 3425 284 3482 iuerat
296 3421 476 3482 dissolutum
494 3463 501 3477 .
517 3420 593 3493 Ergo
606 3418 670 3492 ipse
686 3417 737 3493 qui
751 3421 831 3476 tenet
851 3419 882 3476 in
912 3435 1018 3478 omnes
1066 3417 1337 3493 judiciacjussicut
1350 3424 1475 3497 abyssus
1489 3425 1593 3490 multe,
1609 3432 1643 3484 ut
1655 3444 1739 3486 servo
1758 3430 1899 3488 honorifl.

185 3510 334 3571 seoularis
349 3510 500 3585 sepientis
514 3506 721 3582 principatum,
737 3522 805 3564 uum
820 3506 930 3566 diceret
956 3525 1015 3565 non
1070 3507 1197 3564 centiam
1232 3514 1403 3579 reservaret,
1442 3513 1500 3570 sibi
1524 3516 1723 3574 conditionem
1750 3519 1900 3578 servitutis

184 3617 272 3676 posse
300 3600 425 3657 formem
449 3597 572 3672 justitie
605 3596 826 3670 comprehendi,
860 3596 918 3656 nisi
947 3601 1016 3654 ente
1070 3594 1237 3651 ascriberet.
1247 3595 1355 3654 Videor
1378 3598 1452 3656 mihi
1467 3600 1639 3674 intelligere,
1650 3606 1751 3664 videor
1763 3606 1900 3667 hausisse

164 3747 165 3752 ,
185 3690 404 3748 discutiendam
419 3686 573 3760 injustitie
585 3686 692 3743 seriem
707 3684 901 3758 putavissent,
917 3701 1014 3742 exem·
1070 3678 1182 3754 aliquid
1197 3683 1234 3739 dc
1247 3682 1343 3756 gretie
1356 3685 1491 3758 spiritali.
1507 3690 1658 3748 Adversus
1685 3693 1850 3765 injustiam,
1866 3700 1901 3753 ut

185 3778 269 3854 pium
284 3776 385 3836 attulit
409 3777 488 3848 quod
514 3774 535 3830 ii
561 3773 612 3847 qui
639 3773 850 3832 uelinteurum
875 3789 1014 3845 querere,
1070 3768 1210 3834 diximus.
1226 3769 1360 3844 psalmus
1375 3772 1423 3830 hic
1447 3774 1576 3847 scriptus
1590 3784 1652 3835 est:
1682 3781 1804 3856 etideo
1831 3783 1900 3856 plus

186 3866 271 3940 prius
296 3881 328 3923 oe
348 3865 411 3921 luto
441 3862 597 3920 obliniant.
626 3864 739 3920 Aurum
762 3859 864 3934 iteqne
887 3861 1015 3933 justitie,
1070 3856 1343 3930 gravaturinjuetie
1357 3860 1547 3932 perfidorum,
1562 3864 1773 3935 quiChristum
1793 3867 1898 3925 Jesum

186 3953 329 4027 iniquitas
342 3952 440 4011 lutum
455 3954 510 4008 eet.
525 3950 608 4015 Quod
622 3966 640 4007 a
655 3949 764 4008 nostris
789 3965 906 4022 quoque
934 3949 1015 4022 prius
1070 3944 1228 4003 Dominum
1242 3948 1371 4020 recipere
1386 3948 1678 4021 notuerunt,cumille
1690 3956 1808 4024 propter
1817 3953 1899 4026 ipsos

187 4043 300 4100 dictum
315 4056 379 4100 esse
393 4056 452 4097 non
468 4038 591 4095 dubium
611 4040 666 4108 est,
695 4052 763 4095 cum
788 4036 930 4111 scriptum
956 4037 1015 4094 sit:
1069 4033 1232 4106 susceperit
1250 4036 1431 4095 servitutem.
1458 4037 1532 4104 Ouid
1559 4040 1639 4096 enim
1655 4045 1716 4098 tam
1745 4040 1895 4114 iniquum,

186 4149 202 4184 r
215 4129 253 4188 Ut
267 4129 364 4188 lutum
378 4128 543 4202 platearum
558 4127 661 4184 delebo
675 4141 726 4184 eos
740 4127 828 4196 (Prot.
845 4126 984 4200 xu11,t3).
1000 4147 1014 4179 >t
1070 4137 1160 4193 quam
1175 4122 1306 4196 ingratos
1320 4125 1411 4183 tuisse
1425 4126 1516 4183 tantis
1532 4127 1698 4196 beneflciis;
1727 4134 1759 4185 ut
1785 4131 1896 4204 quihus

184 4219 221 4277 iit
233 4235 300 4278 vere
314 4219 432 4287 lutam;
449 4216 520 4291 quia
533 4232 582 4274 eos
596 4215 735 4290 inquinat
748 4215 798 4287 qui
823 4214 881 4272 sibi
909 4231 1016 4289 appro-
1070 4208 1119 4266 ille
1130 4209 1256 4269 aetutem
1272 4213 1365 4282 daret,
1380 4214 1412 4270 hi
1426 4215 1601 4289 sanguinem
1616 4218 1681 4290 ejus
1696 4218 1898 4278 effunderent?

186 4307 403 4382 pinquauerint.
420 4305 582 4378 Fugiamus
594 4320 662 4379 ergo
677 4303 865 4376 injustitiam,
876 4317 914 4359 ne
928 4302 1018 4362 luteis
1071 4299 1202 4373 Denique
1213 4301 1283 4358 alibi
1294 4318 1362 4359 cum
1377 4302 1412 4360 de
1425 4321 1480 4360 sua
1493 4304 1630 4377 passione
1652 4306 1832 4380 loqueretur,
1859 4310 1896 4368 ed

190 4396 329 4454 sordibus
357 4394 558 4467 inquinemur,
588 4396 678 4465 atque
701 4391 732 4448 in
757 4392 821 4464 ejus
847 4391 1017 4465 uoraginem
1070 4391 1263 4447 acervandam
1276 4391 1404 4448 iudaice
1423 4391 1583 4465 impietatis
1597 4395 1738 4453 invidiam
1767 4397 1810 4454 sic
1831 4399 1895 4457 eit:

186 4501 247 4542 non
275 4500 327 4558 pes
341 4487 441 4541 noster
454 4481 590 4552 exterior,
619 4483 682 4551 sed,
698 4481 777 4554 quod
803 4483 848 4537 est
883 4467 1054 4553 gravius,D
1084 4477 1152 4534 «Ns
1166 4485 1279 4536 avemus
1294 4479 1397 4537 taciem
1411 4484 1526 4539 tuame
1551 4499 1641 4556 puero
1653 4489 1722 4543 tuo:
1754 4487 1895 4558 quoniam

183 4589 270 4632 mens
291 4577 392 4631 nostre
420 4574 579 4646 mergatur.
613 4570 648 4627 nt
675 4566 862 4643 philosophia
889 4567 1009 4640 quidem
1064 4564 1198 4630 tribulor,
1213 4566 1349 4626 velociter
1363 4569 1467 4627 exaudi
1492 4585 1573 4628 me...
1590 4572 1675 4645 (Prot.
1710 4591 1808 4646 uxum,
1837 4576 1893 4649 18).

185 4677 293 4720 aarum
308 4678 340 4720 se
354 4677 484 4735 querere
498 4660 569 4717 dicit
582 4677 589 4729 ;
609 4659 660 4717 ssd
675 4655 785 4716 luttum
815 4660 922 4727 uomet,
951 4674 1015 4730 qus
1069 4658 1184 4727 Pauper
1197 4658 1226 4712 et
1239 4655 1341 4714 dolens
1356 4674 1409 4732 ego
1425 4674 1492 4715 sum
1508 4660 1589 4732 (itio.
1604 4660 1661 4734 30).

184 4751 370 4808 divinitatem
385 4750 491 4823 querit
504 4749 535 4805 in
550 4748 667 4817 stetuis;
684 4746 735 4804 sed
749 4762 820 4803 ress
834 4745 918 4819 figuli
933 4746 1015 4821 virga
1105 4743 1133 4801 3.
1150 4744 1230 4812 Veni,
1245 4744 1345 4816 Paule,
1361 4746 1553 4822 interpretare
1574 4750 1669 4819 nohis,
1699 4767 1758 4823 que
1782 4750 1895 4807 ratione

185 4840 360 4913 confringet.
389 4840 458 4898 Nos.
478 4854 584 4896 surum
612 4835 785 4911 querimus,
813 4850 872 4906 quo
891 4851 1017 4909 corpore
1070 4831 1211 4889 Dominus
1227 4831 1389 4908 coeiiatque
1403 4839 1547 4895 terrarum
1564 4855 1595 4896 so
1618 4853 1777 4912 pauperem
1813 4838 1893 4894 dixe.

184 4931 289 4987 nostre
303 4928 491 4998 mundemus,
505 4925 761 4984 mortificationem
775 4923 844 4982 Jesu
859 4923 968 4981 Christi
983 4925 1013 4981 in
1069 4921 1117 4988 rit,
1132 4925 1161 4977 et
1174 4937 1239 4993 qua
1254 4922 1364 4980 sitista
1379 4931 1548 4999 paupertas.
1563 4928 1607 4983 'ru
1623 4930 1701 4984 certe
1715 4925 1797 4981 inum
1818 4926 1893 4981 divi.

184 5031 307 5090 corpore
316 5019 416 5074 nostro
426 5014 665 5074 circumferentes
677 5031 685 5083 ;
699 5015 771 5084 utet
779 5011 863 5068 vitat
867 5025 919 5068 esu
933 5010 1015 5068 Chri·
1069 5013 1129 5066 tem
1140 5010 1258 5066 dixisti:
1273 5015 1421 5085 quomodo
1437 5015 1515 5071 idem
1530 5015 1611 5077 dives
1625 5017 1655 5070 et
1681 5030 1793 5086 pauper
1820 5015 1893 5072 esti

183 5105 223 5164 sti
239 5105 515 5178 incorporenostro
532 5101 745 5160 manifestetur.
766 5100 1013 5170 Bonumeurum‚
1067 5099 1232 5157 audiemus
1259 5101 1464 5160 testimonium
1488 5101 1581 5160 Pauli.
1612 5123 1627 5152 «
1654 5102 1751 5170 Scitis,
1782 5101 1891 5174 inquit,

183 5193 309 5266 sanguis
323 5197 369 5250 est
381 5193 501 5262 Christi,
515 5190 597 5248 dives
611 5190 648 5246 ad
660 5188 796 5263 pretium,
817 5187 949 5262 profluus
976 5189 1012 5245 ad
1067 5187 1191 5261 gratiam
1206 5189 1322 5247 Domini
1339 5191 1431 5248 nostri
1445 5189 1516 5246 Jesu
1529 5188 1637 5246 Christi
1650 5215 1657 5258 ;
1678 5185 1746 5262 qu'ia
1774 5195 1894 5264 proptor

232 5337 268 5393 59
294 5336 386 5410 Scrip.
402 5339 470 5409 post
484 5351 532 5393 an.
542 5334 604 5391 393.
1113 5331 1241 5400 (inhies.
1257 5329 1379 5402 aliquot,
1394 5333 1685 5414 vitioremcommentc
1695 5334 1854 5406 pretendit.

233 5409 269 5464 60
295 5407 378 5466 Rom.
391 5408 461 5466 edit.
478 5406 550 5474 sola,
566 5407 595 5461 io
610 5403 714 5478 psalmo
728 5403 881 5460 tricessimo
904 5403 1009 5475 quinto.
1114 5404 1161 5472 62)
1190 5402 1320 5472 aspect
1341 5404 1399 5475 qiu
1414 5401 1445 5457 1d
1471 5407 1526 5469 est,
1554 5405 1736 5473 Socrates,ed
1758 5421 1846 5477 quem
1875 5423 1893 5463 a

184 5479 284 5539 Minus
298 5479 393 5550 hene;
411 5477 648 5562 quandoquidem
660 5491 716 5534 oon
732 5473 883 5545 huno,ssd
898 5473 1011 5530 tricesi·
1066 5489 1156 5547 regno
1171 5472 1260 5530 David
1275 5472 1422 5540 effluxere,
1432 5487 1466 5528 ex
1481 5474 1675 5545 quorumdam
1690 5475 1891 5552 chronologia,

183 5567 269 5608 mum
284 5553 399 5608 sextum
413 5551 589 5609 Ambrosius
607 5546 770 5604 indicatum
796 5544 905 5601 voluit:
932 5546 1010 5618 quod
1066 5545 1147 5601 omni
1161 5544 1224 5601 633.
1243 5543 1325 5607 Quod
1340 5559 1408 5599 vero
1423 5545 1457 5599 ed
1470 5545 1552 5617 regni
1576 5545 1745 5603 iudeorum
1760 5548 1891 5606 duratio·
1935 5582 1937 5585 -

185 5622 342 5706 utriusque
365 5623 471 5696 pssimi
501 5621 707 5698 argumentum
735 5615 930 5675 consideranti
946 5615 1009 5694 plo·
1065 5631 1144 5684 nem,
1160 5630 1225 5671 eam
1241 5613 1331 5671 tuisse
1346 5630 1490 5672 annorum
1507 5617 1558 5673 tet
1574 5617 1664 5678 iidem
1678 5619 1809 5678 tradunt.

184 5698 339 5758 nument.
1101 5684 1585 5766 (mittemeditprstermiserst
1610 5706 1711 5754 rocem
1730 5689 1871 5756 Perimes.
