4159 6184
223 266 305 329 css
985 266 1017 327 a.
1039 265 1231 356 anpapsn
1366 335 1368 342 ,
1868 272 1916 368 gn

247 398 318 455 vidit
332 399 428 452 castra
447 392 499 449 Dei
512 392 698 466 applicantia,
715 400 743 451 et
757 395 820 451 ait:
851 396 989 453 «Castra
1021 396 1072 453 Dei
1088 401 1114 467 Α
1130 396 1406 471 affligiturimpius,
1422 411 1511 469 quam
1533 393 1638 452 alienis
1666 393 1791 473 plerique
1811 400 1916 461 uerberi-

247 488 307 543 bac
323 487 392 549 sont
406 482 484 555 (Gen.
500 500 588 555 anxir,
604 484 642 557 2).
658 504 672 535 a
688 484 825 542 Perleetis
840 485 920 542 enim
935 488 964 542 et
978 485 1072 542 fideli·
1126 485 1184 542 bus
1200 502 1207 541 ι
1224 485 1408 559 majoresque
1420 484 1532 542 vibices
1546 483 1701 545 calumum
1714 484 1743 545 in
1758 486 1817 558 ejus
1830 490 1919 565 anino,

246 576 302 639 bos
312 572 409 633 divim
424 571 520 631 solent
534 573 637 629 adesse
651 572 795 645 presidia.
811 574 961 631 Perfectus
971 578 1071 632 autom
1126 572 1918 652 sunt,quamineorumcorporequiebaliisverberantur.

247 662 393 739 cogitabat
407 662 443 719 de
465 662 701 719 reconciliatione
715 663 861 733 fraterna;
878 664 961 721 itaut
971 663 1069 720 humi·
1160 662 1206 719 29.
1221 662 1337 720 Grande
1351 663 1484 721 estintra
1499 680 1530 720 se
1546 661 1675 735 aliquem
1691 662 1868 740 tranquillum
1885 685 1920 728 es·

246 752 329 810 litate
342 768 410 810 eum
426 751 571 819 invitaret,
585 750 690 809 olllciis
705 752 878 825 acquireret,
895 753 1071 809 muneribus
1127 768 1169 817 se,
1180 756 1208 808 et
1222 750 1279 809 sibi
1294 752 1547 809 conveniro.l¹oris
1560 767 1617 825 pax
1631 756 1683 813 aut
1695 751 1866 833 imperatoris
1875 757 1920 812 sol·

248 858 365 915 quoquo
380 841 537 899 emendum
552 844 667 913 putaret
682 842 749 912 (lo).
760 842 892 899 Occurrit
902 843 1001 916 itaque
1011 843 1071 899 sra—
1129 840 1210 897 licita
1243 840 1436 915 pmuidentia,
1452 844 1503 897 sut
1530 856 1619 898 manu
1646 838 1771 901 militnm
1797 844 1922 920 queritur,

249 932 287 987 tri
301 946 367 987 cum
383 930 567 999 muneribus,
581 930 732 1001 uxoribus,
748 936 777 988 et
796 932 967 1006 pignoribus
982 931 1046 988 suis
1062 948 1069 987 :
1126 933 1178 985 nut
1188 928 1482 1003 bellorumprospero
1493 929 1923 1006 cediteventu,autinterneciono

249 1022 282 1075 ut
296 1017 411 1075 etiamsi
425 1018 488 1091 ipse
503 1018 716 1091 indignaretur,
737 1021 962 1079 necessitudinis
986 1022 1072 1077 obse·
1127 1018 1227 1091 aliqua
1237 1019 1441 1087 barbnmrom,
1452 1018 1478 1075 si
1492 1018 1523 1075 in
1534 1034 1566 1076 se
1591 1016 1691 1077 bostili
1702 1027 1781 1075 motu
1794 1036 1845 1098 aaa
1854 1037 1923 1078 arma

250 1106 327 1180 quiin
339 1102 547 1165 inflecteretur.
1127 1108 1353 1164 convertentia
1368 1124 1402 1164 ss
1417 1124 1488 1181 paco
1516 1104 1599 1164 nulla
1630 1110 1731 1163 nostra
1761 1107 1855 1177 virtus,
1880 1110 1920 1179 sed

283 1197 328 1253 27.
346 1218 361 1247 «
376 1196 411 1252 ut
425 1197 557 1253 adoravit
570 1199 677 1271 septies
695 1200 726 1255 in
753 1204 830 1256 terra
858 1200 935 1271 (Gen.
965 1217 1069 1268 xxxin,
1126 1202 1248 1253 eventus
1262 1201 1316 1254 est.
1328 1197 1411 1254 Certe
1425 1195 1518 1269 gloria
1532 1195 1614 1269 pacis
1634 1194 1716 1253 illius
1730 1195 1764 1251 ad
1791 1196 1922 1274 imperato·

249 1284 287 1357 3).
300 1306 314 1336 »
329 1284 405 1349 Quid
420 1284 475 1342 sibi
490 1286 648 1343 istud'vult
661 1303 725 1344 esse
739 1288 754 1343 ‘l
768 1288 825 1344 Lex
840 1288 928 1345 dioit:
945 1310 960 1340 n
971 1288 1073 1345 Domi·
1127 1302 1190 1342 rem
1205 1286 1330 1342 retertur
1345 1284 1453 1342 :istius
1465 1285 1546 1359 pacis
1558 1286 1670 1342 fructus
1682 1285 1712 1341 in
1726 1283 1808 1341 nobis
1820 1289 1925 1359 estque

249 1388 321 1431 num
335 1373 428 1431 Deum
443 1377 528 1430 tuum
551 1376 696 1445 adorabis,
730 1380 759 1433 et
791 1377 848 1449 ipsi
881 1375 936 1433 soli
966 1377 1074 1433 servies
1128 1373 1650 1447 estinmentibussingulorum,qua
1662 1372 1925 1433 teneturaffectibus.

249 1462 340 1533 (Dent.
360 1479 389 1519 vr
407 1463 449 1534 13)
464 1482 470 1519 :
488 1486 502 1513 a
518 1466 547 1521 et
560 1463 608 1519 bic
623 1466 725 1521 adorat
738 1466 992 1539 intemperantem,
1018 1466 1076 1521 ira·
1119 1464 1218 1520 latius
1233 1462 1312 1535 pacis
1328 1462 1424 1534 major
1437 1466 1482 1519 est
1496 1462 1682 1535 fructusque
1697 1459 1833 1536 spiritalia
1846 1460 1928 1536 nequi·

250 1552 391 1620 cundum,
408 1541 571 1609 minantem
591 1552 765 1625 parricidale
780 1553 936 1627 flagitium.
952 1560 997 1609 an
1013 1558 1075 1610 ter·
1129 1553 1175 1608 tina
1191 1554 1381 1620 tentamenta,
1394 1567 1482 1623 quarn
1499 1567 1557 1623 quo
1568 1566 1652 1607 arma
1664 1549 1781 1607 hostilia
1806 1549 1927 1628 repellun-

251 1640 468 1707 ramcdoravit,
491 1640 572 1697 illam
594 1640 723 1698 humano
761 1658 863 1698 cruore
897 1646 1074 1711 concretam,
1128 1646 1186 1696 tur.
1203 1641 1263 1696 lata
1273 1657 1329 1713 pax
1344 1638 1507 1696 sublimior.
1524 1656 1588 1713 qua
1615 1638 1809 1712 corporalium
1835 1638 1928 1714 passio·

251 1729 429 1801 serpentium
445 1729 574 1785 infusam
589 1732 719 1799 venenis,
736 1735 787 1787 aut
797 1732 901 1804 jejuna
928 1731 1074 1788 infelicem
1089 1774 1113 1841 B
1130 1746 1202 1785 num
1213 1729 1341 1787 excludit
1351 1729 1514 1797 illecebras,
1527 1726 1816 1802 perturbationesque
1823 1726 1927 1801 mitigat,

250 1815 357 1889 glarea,
374 1820 424 1873 aut
439 1818 620 1891 durisatque
634 1819 747 1892 asperis
761 1819 961 1877 inhorrentem
976 1820 1071 1876 cauti·
1129 1836 1218 1891 quam
1234 1834 1268 1874 ea
1283 1835 1347 1890 que
1370 1817 1539 1876 barbaricos
1555 1817 1638 1874 sedat
1661 1816 1808 1875 incursus.
1824 1814 1883 1872 Plus
1895 1816 1930 1871 cst

250 1903 485 1968 bustQuidsibi
501 1904 589 1961 etiam
605 1905 757 1978 vultquod
791 1906 900 1979 septies
932 1906 1072 1962 adorave-
1126 1908 1205 1963 enim
1219 1906 1318 1963 clauso
1334 1908 1410 1963 intra
1424 1911 1453 1963 te
1468 1905 1544 1963 hosti
1560 1905 1706 1975 resistcre,
1721 1921 1809 1979 quam
1823 1908 1929 1961 remoto.

252 1993 458 2053 ritiHrareret
471 1993 588 2063 solutio,
619 1994 677 2050 nisi
696 1994 769 2050 illud
803 1999 967 2051 occurreret
994 1994 1073 2067 quod
1428 2030 1545 2088 CAPUT
1561 2030 1612 2089 VH
1760 1980 1763 1985 ¹

252 2083 336 2139 Petro
350 2082 542 2156 interroganti
555 2083 585 2138 in
601 2084 754 2155 llvangelio
770 2100 777 2138 ·.
794 2106 808 2133 «
825 2084 854 2139 Si
876 2084 964 2140 irater
989 2100 1074 2139 meus
1127 2120 1208 2178 Jacob
1221 2137 1284 2175 cum
1299 2122 1351 2176 ΒΜ
1362 2121 1530 2187 Mamm,
1546 2123 1616 2176 mu,
1635 2120 1751 2190 semi,
1770 2133 1848 2177 ‚mg
1870 2117 1931 2175 σιω.

252 2172 283 2227 in
300 2172 640 2246 mapeccaverit,quoties
655 2171 1076 2245 dimittamei,usqucseptiesl
1164 2192 1246 2247 dicat,
1262 2192 1320 2247 qim
1333 2192 1413 2249 0„ae
1434 2192 1542 2247 ,gamm
1569 2192 1670 2261 fram,
1696 2192 1868 2256 agimtur,
1879 2203 1931 2265 qq„

252 2260 449 2334 Responditei
466 2262 608 2318 Dominus
620 2262 706 2319 lesus
723 2280 729 2318 :
747 2264 808 2319 Non
829 2262 925 2318 solum
954 2262 1073 2333 septies,
1163 2263 1339 2335 incorporer
1354 2262 1654 2404 improbetlslubetur
1676 2264 1708 2317 in
1719 2259 1931 2327 Dattallolitore,

252 2351 302 2407 sed
334 2367 427 2422 usque
460 2350 628 2423 septuagies
661 2350 765 2421 (Mallia
798 2368 877 2419 urin,
911 2352 955 2419 ll,
984 2350 1042 2423 22).
1060 2372 1074 2399 »
1164 2342 1326 2406 lwifflwffl
1340 2335 1531 2407 Εθθῖθδῑαὲῑω
1550 2336 1676 2405 turm*-

251 2439 311 2496 Hoc
360 2437 451 2511 igitur
483 2438 651 2512 prophetico
702 2439 807 2511 spiritu
860 2442 979 2497 sanctus
1022 2456 1074 2511 pa·
1165 2442 1210 2495 30.
1226 2443 1328 2512 ltaque
1342 2439 1432 2496 lacob
1447 2440 1498 2511 qui
1514 2455 1563 2495 cor
1579 2457 1668 2495 suum
1686 2440 1724 2496 ab
1735 2434 1934 2495 omuisimulta-

252 2527 379 2583 triarcba
390 2527 536 2599 significat
555 2528 622 2600 (50),
637 2527 666 2583 in
683 2529 886 2585 advenientem
915 2528 1076 2600 respiciens
1130 2528 1586 2602 temundnverat,etpacificum
1598 2528 1932 2603 auectumgereoatpon-

252 2614 302 2686 qui
318 2632 375 2671 non
391 2614 486 2671 solum
504 2631 597 2687 usque
611 2616 729 2689 septies,
742 2618 793 2673 sed
808 2617 895 2673 etiam
905 2632 998 2689 usque
1009 2633 1075 2689 sep·
1129 2634 1218 2690 quam
1235 2620 1333 2690 rejecit
1348 2617 1448 2674 omnia
1462 2634 1524 2686 sue,
1544 2616 1626 2675 solus
1640 2618 1795 2684 remansit,
1808 2620 1835 2672 et
1856 2613 1932 2668 lucu-

250 2703 365 2777 tungies
380 2704 616 2776 septiesueniam
638 2706 720 2761 fratri
754 2705 844 2762 laxari
870 2706 1012 2777 juberet:
1043 2709 1077 2761 ot
1131 2710 1180 2763 tus
1194 2710 1320 2763 osteum
1335 2702 1935 2779 deo(Gerr.axx11,24).0uicunqueenimse

254 2793 320 2867 ejus
353 2793 597 2865 contemplatione
630 2798 789 2851 conventus
822 2796 899 2850 Dsau
935 2794 1076 2867 injuriam
1130 2795 1241 2852 cularin
1265 2794 1397 2869 negligit,
1427 2797 1463 2851 ad
1492 2794 1651 2869 imaginem
1677 2793 1935 2863 similitudinemque

253 2898 341 2953 quam
358 2883 551 2955 seaccepisse
575 2884 706 2955 putabat,
737 2882 898 2939 remitteret
928 2882 1020 2951 tratri,
1049 2886 1077 2939 et
1130 2884 1181 2941 Dei
1196 2883 1321 2957 propius
1349 2884 1470 2940 accedit.
1496 2884 1570 2951 Quid
1586 2883 1727 2941 estenim
1757 2881 1857 2939 luctari
1881 2892 1935 2935 cum

254 2970 388 3043 quamvis
404 2970 491 3027 lesus
506 2971 535 3025 in
551 2972 628 3027 4⁰8
648 2976 773 3044 gratiam
788 2972 917 3027 rediret:
936 2972 1078 3045 quiapro·
1130 2973 1199 3039 Deo,
1217 2972 1274 3028 uisi
1297 2971 1446 3047 suscipere
1473 2977 1633 3040 certamen,
1658 2978 1690 3030 et
1713 2989 1782 3029 cum
1808 2967 1936 3045 superiott

251 3062 351 3131 pterea
365 3076 483 3115 carnem
498 3064 688 3131 suscepturus
704 3064 765 3117 erut
779 3060 922 3117 Dominus
938 3061 1035 3127 lesus,
1049 3064 1078 3117 et
1132 3059 1280 3133 congredi,
1310 3060 1512 3132 potioremque
1543 3058 1655 3117 ceteris
1691 3060 1863 3117 imitatorem
1886 3050 1936 3109 lieri

253 3153 393 3205 venturus
407 3148 437 3205 in
451 3152 554 3215 terras,
570 3152 603 3203 ut
618 3148 843 3222 multiplicatam
865 3148 949 3206 nobis
981 3150 1071 3205 dona·
1087 3146 1109 3212 C
1127 3148 1178 3205 Dei
1192 3148 1206 3204 t
1219 3148 1254 3204 ut
1268 3148 1338 3221 quia
1352 3148 1560 3221 insuperabilis
1574 3153 1637 3206 erat
1652 3149 1728 3206 fidos
1753 3154 1838 3221 atque
1862 3143 1936 3201 dero-

255 3241 298 3295 ret
313 3237 426 3295 veniam
442 3235 626 3293 delictorum.
1130 3237 1181 3306 tio,
1197 3242 1309 3293 secreta
1324 3237 1350 3293 ai
1370 3237 1512 3310 mysteria
1545 3236 1691 3294 Dominus
1719 3235 1869 3303 relevabat,
1889 3236 1939 3286 tan·

287 3328 332 3383 28.
349 3326 480 3399 Denique
495 3326 639 3397 petiturus
655 3343 671 3382 a
687 3325 773 3383 fratre
796 3325 980 3383 concordiam
1009 3326 1077 3382 dor·
1130 3342 1203 3399 gens
1218 3324 1405 3382 latitudlnem
1422 3325 1540 3383 temonis
1555 3326 1732 3399 ejostlbidq
1746 3327 1803 3395 25),
1817 3340 1850 3380 eo
1873 3315 1938 3392 qmd

253 3416 337 3473 mivit
354 3416 384 3471 in
396 3413 512 3471 castris.
529 3414 656 3471 Perfecta
670 3414 762 3471 virtus
777 3414 866 3471 habet
880 3414 1074 3481 quietistren-
1131 3415 1253 3472 eam
1287 3416 1352 3487 ejus
1385 3418 1447 3471 erat
1479 3413 1667 3491 generatione
1701 3414 1843 3470 Dominus
1866 3409 1938 3465 lesus

253 3502 428 3576 quillitatcm
444 3508 474 3559 et
489 3503 677 3560 stabilitatem
695 3528 702 3571 ;
718 3504 783 3560 ideo
798 3503 942 3560 Dominus
965 3504 1076 3560 donum
1130 3503 1273 3559 oriundus
1289 3519 1324 3559 ex
1337 3503 1462 3577 virgine,
1476 3502 1528 3577 qui
1543 3502 1601 3560 Deo
1618 3520 1672 3560 nec
1688 3503 1796 3575 impar,
1811 3516 1862 3557 uec
1882 3495 1937 3552 ine·

253 3594 318 3664 ejus
333 3591 554 3665 perfectioribus
575 3592 740 3662 reservavit,
757 3592 857 3649 dicens
888 3608 894 3647 :
926 3616 940 3643 «
971 3596 1074 3649 Pacem
1131 3592 1226 3664 qualis
1240 3597 1318 3649 esset
1334 3612 1340 3649 ι
1357 3594 1443 3665 cujus
1458 3609 1575 3649 crucem
1589 3593 1811 3667 obtupesosntis
1838 3581 1937 3646 semoris

252 3698 349 3741 msam
374 3681 506 3755 relinquo
537 3682 618 3737 vobis
653 3698 660 3737 ε
694 3682 782 3753 (loon.
811 3700 868 3749 xrv,
900 3682 956 3753 27).
972 3704 986 3731 n
1006 3681 1076 3737 Per·
1130 3680 1254 3738 latitudo
1267 3682 1414 3755 signabat,
1430 3697 1464 3738 eo
1479 3681 1559 3754 quod
1574 3680 1684 3738 diffusa
1712 3699 1766 3755 per
1790 3678 1939 3734 universnm

252 3772 394 3829 lectorum
417 3774 461 3828 est
483 3772 562 3828 enim
582 3789 639 3829 non
662 3770 746 3827 laeile
771 3770 929 3827 mundanis
954 3772 1074 3839 moveri,
1130 3769 1275 3826 mundum
1294 3769 1466 3826 remissione
1481 3769 1603 3843 peccati,
1621 3770 1765 3827 salutaris
1778 3758 1938 3824 toretomni·

251 3878 309 3918 non
325 3859 437 3919 turbari
453 3865 544 3930 metu,
567 3878 624 3917 non
641 3859 780 3932 exagitari
809 3858 987 3933 suspicione,
1017 3878 1076 3915 non
1129 3859 1754 3933 busquistuporesulcorporisacaoporo
1773 3850 1938 3913 resurreetio·

251 3954 362 4008 torrere
377 3950 503 4019 concuti,
517 3967 576 4006 non
595 3950 694 4006 dolore
709 3948 829 4005 vexari:
851 3949 901 4005 sed
930 3948 1015 4020 quasi
1045 3948 1074 4004 in
1129 3943 1940 4005 nemtribueretdelunotorumDndenonimman'toexor·

250 4036 345 4096 littore
356 4038 504 4095 tutissimo
519 4039 674 4095 adversum
691 4038 875 4110 insurgentes
891 4038 998 4093 linctus
1021 4054 1074 4094 sa·
1128 4041 1177 4093 tus
1188 4040 1231 4092 ost
1246 4036 1289 4105 sol
1301 4037 1512 4107 sanctolacob,
1528 4038 1613 4109 cujus
1628 4038 1734 4110 generi
1753 4053 1823 4092 crux
1842 4024 1939 4089 nomini

251 4128 397 4185 celarium
425 4126 619 4200 procellarum
648 4130 776 4182 mentem
804 4125 986 4183 immobilem
1016 4127 1076 4183 fida
1129 4123 1269 4180 salutaris
1283 4123 1397 4181 illuxit:
1419 4124 1508 4183 simul
1520 4125 1589 4198 quia
1604 4124 1654 4181 Sol
1671 4125 1700 4183 ei
1714 4125 1807 4184 oritur
1821 4115 1936 4195 justitio,

251 4217 375 4274 statione
399 4216 556 4289 placidare.
574 4218 632 4271 lloc
658 4215 878 4271 firmamentum
899 4215 1074 4273 Christianis
1129 4213 1180 4285 qui
1196 4213 1287 4269 Deum
1303 4212 1394 4269 cernit
1412 4232 1418 4269 ι
1436 4213 1505 4287 quia
1519 4213 1582 4289 ipse
1596 4218 1642 4269 ast
1657 4212 1760 4270 lumen
1771 4215 1911 4269 aeternum.

250 4306 399 4363 mentibus
411 4305 544 4363 Christus
560 4304 676 4370 invexit,
693 4321 794 4377 pacem
819 4304 965 4361 internam
994 4306 1073 4362 inve·
1163 4304 1208 4357 31.
1226 4302 1406 4359 claudicavit
1419 4307 1518 4359 autem
1532 4302 1622 4359 Jacob
1638 4320 1657 4359 a
1668 4303 1781 4360 temore
1790 4316 1855 4358 suo:
1869 4294 1939 4365 Pron

250 4392 674 4465 hensanimisprobatorum;
708 4395 740 4447 nt
772 4408 830 4447 non
863 4392 998 4447 turbetur
1024 4408 1074 4448 cor
1127 4390 1481 4447 terlocnonmcndocont
1502 4391 1634 4464 hodieque
1662 4392 1721 4463 filii
1748 4389 1942 4447 leniremus

250 4481 686 4553 nostrum,nequeexagitetur
705 4480 833 4537 animus.
863 4479 943 4536 Hane
971 4476 1081 4553 paosm'
1127 4481 1205 4552 (Gen.
1220 4497 1308 4548 xxxii,
1324 4481 1379 4552 32).
1397 4478 1514 4535 Utinam
1526 4480 1763 4538 manducassent
1776 4482 1805 4535 et
1817 4468 1940 4535 credidis·

251 4587 340 4644 super
354 4586 471 4628 omnem
487 4576 616 4625 mentem
626 4586 695 4625 ease
711 4568 861 4643 apostolus
875 4570 975 4625 doctor
992 4586 1073 4625 asse·
1127 4569 1210 4626 senti
1227 4570 1283 4625 Sed
1299 4569 1441 4642 quianon
1456 4569 1661 4626 erantlacturi
1686 4568 1865 4626 voluntatem
1886 4557 1939 4624 Deir

249 4662 310 4717 ruit
325 4659 426 4717 dicens
442 4676 476 4716 r«
493 4660 526 4715 llt
541 4676 596 4732 pax
619 4659 670 4715 Dei
686 4676 748 4731 quae
777 4663 932 4732 exsuperat
955 4673 1080 4716 omnem
1127 4659 1192 4715 ideo
1206 4676 1265 4714 non
1280 4658 1614 4715 manducaverant‘riunt
1629 4662 1659 4714 et
1674 4658 1728 4731 qui
1744 4659 1787 4714 ita
1799 4649 1937 4728 accipiant,

249 4755 389 4817 mentem,
414 4747 561 4805 custodiat
592 4748 681 4805 corda
713 4751 808 4805 vestra
844 4750 872 4803 et
905 4763 1009 4804 sensus
1041 4748 1073 4804 in
1126 4748 1205 4821 quod
1221 4748 1287 4803 ideo
1302 4746 1508 4804 claudicaverit
1520 4747 1556 4803 ab
1571 4763 1629 4803 uno
1646 4746 1761 4804 femore
1773 4738 1873 4809 rann
1883 4735 1940 4811 quis

248 4838 363 4895 Christo
377 4838 447 4895 lesu
464 4838 589 4909 (Pleillt'p.
603 4855 640 4905 ιν,
655 4838 694 4907 7).
711 4858 721 4887 r
740 4837 863 4892 Fructus
878 4836 976 4909 itaque
992 4836 1073 4909 pacis
1127 4836 1243 4893 duobus
1258 4835 1376 4911 populis
1390 4853 1425 4892 ox
1439 4837 1503 4910 ejus
1531 4836 1723 4912 generatione
1753 4829 1936 4893 manantibus

247 4934 364 4985 estnon
380 4927 530 5002 pertubari
551 4927 581 4983 in
597 4930 721 4999 pectore.
752 4924 882 4997 Denique
914 4926 974 4981 vita
996 4926 1072 4998 justi
1126 4924 1215 4981 unius
1228 4928 1330 4997 stupor
1340 4927 1404 4998 jam
1420 4926 1582 4993 tunacirca
1596 4925 1667 4982 fidei
1687 4925 1816 5001 gratiam
1831 4916 1939 4977 declan-

249 5018 347 5089 quieta
360 5020 414 5087 est,
424 5018 553 5089 injustus
564 5019 660 5072 autem
673 5012 886 5087 inquietudinis
896 5018 923 5069 et
933 5015 1071 5086 perlubn-
1126 5015 1212 5071 batur
1226 5014 1354 5071 iuturus.
1370 5014 1434 5089 ipso
1447 5021 1493 5072 est
1507 5032 1575 5090 ergo
1595 5015 1728 5089 populns
1755 5013 1807 5087 qui
1829 5000 1937 5084 perucia

248 5106 336 5162 tionis
351 5105 457 5179 plenos
468 5110 521 5161 est.
531 5109 631 5178 ltaque
644 5103 770 5175 emplius
780 5100 842 5159 suis
853 5101 1071 5174 suspicionibus
1125 5101 1309 5159 claudicavit.

283 5246 339 5318 (49)
354 5246 462 5303 Omnes
476 5248 545 5303 edit.
563 5262 596 5303 ac
610 5263 681 5301 mss.
698 5245 818 5317 aliquot,
835 5260 895 5299 eom
905 5246 1069 5301 invitaret...
1125 5244 1381 5314 circueuntes
1396 5247 1469 5302 enim
1486 5263 1493 5301 ι
1510 5246 1626 5303 Plncnbo
1641 5247 1747 5307 sacten
1759 5244 1817 5318 ejus
1833 5244 1860 5299 ia
1872 5233 1936 5295 aaa

247 5318 386 5373 currendum
406 5324 524 5389 putaret.
542 5318 684 5374 Aliimss.
702 5318 1069 5388 antiquioresetnumero·
1121 5318 1350 5386 precedentibus,
1367 5318 1642 5391 quodsupertluum
1659 5324 1716 5387 ost,
1746 5323 1777 5373 et
1803 5318 1833 5370 iu
1859 5320 1936 5368 omnl-

248 5389 348 5450 siores,
374 5404 436 5444 corn
461 5391 625 5447 intricaret...
655 5388 808 5456 emendum,
844 5386 946 5461 Long,
976 5386 1068 5454 Valc.,
1124 5390 1179 5444 bus
1196 5405 1268 5445 mss.
1285 5388 1480 5445 etaliisedit.
1498 5389 1694 5450 desideratur.

246 5459 457 5526 emendandum,
476 5471 593 5531 putaret.
606 5456 746 5533 Syllepsis
760 5465 805 5516 est
820 5476 878 5531 qua
891 5458 1069 5515 constructio
1158 5461 1215 5532 (50)
1229 5460 1299 5516 Cod.
1318 5460 1422 5533 Long,
1438 5460 1521 5517 Remi
1544 5503 1551 5517 .
1568 5462 1597 5517 et
1610 5453 1728 5531 Thood.
1745 5454 1870 5517 secunda
1882 5464 1934 5534 ult·

246 5530 371 5585 rol'ertur
385 5532 419 5586 ad
437 5548 535 5587 vocem
551 5535 650 5603 tretets
664 5532 695 5588 in
712 5531 799 5604 priori
817 5530 948 5586 membro
972 5534 1067 5615 potes·
1123 5548 1173 5599 nu,
1188 5531 1239 5587 loe
1254 5532 1343 5601 igitur
1353 5531 1498 5609 propterte
1515 5476 1654 5611 ,ξρίνίίιιηι
1677 5539 1804 5592 eunomia
1824 5532 1937 5605 pom*

245 5602 775 5675 utecomprenensam.Postremum
782 5606 903 5681 pateret
914 5600 1069 5679 subiungit
1121 5602 1334 5683 elocutioni.
