4159 6184
204 370 244 428 39
877 358 969 420 vrrs
992 364 1024 421 S.
1048 362 1237 427 auerrosu
1874 369 1912 428 t⁰

201 498 319 573 pectoris
347 500 400 555 tui.
424 498 481 571 lpei
501 498 567 571 [otti
586 510 633 554 uos
645 510 702 553 oon
721 492 864 567 potimini,
889 494 914 548 et
943 492 1179 562 occuparant.
1196 496 1270 551 Nam
1283 499 1313 551 ot
1327 510 1391 564 nos,
1403 495 1544 553 referente
1555 495 1804 568 iuvenequodam
1818 497 1908 557 Arbo-

202 590 287 647 uuttis
302 588 411 646 celare?
433 588 492 647 Non
512 584 610 645 eccidit
632 585 663 639 ia
691 582 816 637 animam
843 583 923 636 eoum
946 580 1028 653 quid·
1083 581 1176 656 gestis
1191 584 1351 640 admodum
1375 582 1521 657 religiosa,
1546 583 1747 659 eognovimus,
1764 584 1815 658 qui
1838 591 1910 645 tunc

202 677 307 752 qurum?
334 676 365 734 si
393 676 439 734 itii
464 676 580 749 opeboat
612 680 669 729 tara
694 673 909 744 peeeeeronter,
938 684 1030 727 notrae
1083 670 1233 741 interluit;
1255 675 1319 729 erat
1341 670 1432 740 enim,
1456 670 1487 728 in
1514 676 1646 746 tempore
1660 689 1719 746 quo
1733 672 1795 731 bac
1808 673 1911 749 laque·

202 774 281 824 tuam
294 767 360 842 fait,
376 767 534 840 imperator,
545 777 596 835 pro
612 760 660 817 Dei
672 760 777 817 summi
800 767 826 816 et
844 758 904 816 aeri
925 762 951 816 et
975 758 1030 815 uiri
1083 759 1193 817 bantur
1206 760 1275 834 (20),
1290 759 1351 818 vini
1366 760 1510 817 minister.

204 856 380 913 omeraione
400 850 618 928 persuasorias
644 848 783 916 obediere,
799 850 825 904 et
839 862 940 919 neparc
959 847 1029 921 qued
1117 849 1317 907 31.Prol'ectus
1326 849 1426 923 itaque
1435 850 1572 907 moerdos
1588 848 1624 907 do
1636 849 1748 907 Tuscia
1764 852 1908 926 partibus,

202 947 263 1002 eret
278 944 553 1017 ininjeriameaoree
568 936 749 1011 tenesmum.
775 938 813 1007 7).
840 938 874 993 Et
894 936 1003 993 iterum
1020 952 1027 994 ε
1083 938 1282 995 Mediolanum
1297 938 1537 1010 revertitur,ja1n
1557 938 1626 997 inde
1646 955 1765 1013 egressa
1778 942 1909 1017 Eugenio

202 1036 340 1107 Quoniam
363 1034 452 1102 igilur
475 1030 543 1085 onis
566 1027 677 1085 norrea
691 1030 717 1084 et
730 1026 804 1101 apud
817 1028 902 1083 Deum
916 1030 942 1083 et
956 1025 1029 1100 opud
1083 1031 1185 1084 cantra
1198 1028 1405 1098 Theodosium3
1415 1026 1456 1084 ibi
1465 1027 1623 1086 Christiani
1633 1028 1821 1103 imperatoris
1835 1047 1909 1104 pra·

201 1140 294 1183 omnes
308 1122 431 1179 domines
445 1126 537 1175 tenear·
551 1135 561 1174 .·
576 1115 649 1173 illud
670 1117 743 1174 mibi
763 1132 820 1175 oon
844 1117 927 1173 licere
944 1116 1027 1172 intel·
1081 1114 1266 1173 stolabsntur
1293 1117 1463 1188 adventum,
1484 1133 1607 1175 securus
1637 1119 1673 1176 de
1695 1119 1746 1176 Dei
1775 1121 1909 1195 potentia

202 1216 269 1283 texi,
292 1208 370 1267 atiud
390 1225 446 1265 noo
462 1214 595 1280 oportere,
620 1206 678 1263 nai
700 1208 732 1261 at
754 1206 923 1264 consulerem
944 1204 1025 1274 mibi,
1082 1206 1159 1279 quod
1176 1222 1234 1263 nan
1250 1208 1376 1264 traderet
1396 1206 1563 1264 credentem
1578 1207 1609 1263 in
1624 1224 1655 1264 se
1669 1207 1841 1266 bominibus
1859 1210 1905 1267 in-

201 1304 267 1378 quio
281 1300 431 1373 conpetat
444 1298 505 1353 tibi.
1077 1293 1180 1366 Justis,
1204 1312 1258 1353 neo
1280 1295 1459 1369 relinqueret
1481 1295 1594 1368 virgam
1618 1301 1804 1370 peccatorum
1819 1315 1910 1372 super

234 1392 279 1447 28.
292 1389 325 1447 ln
340 1386 510 1462 supradicto
524 1386 623 1459 itaque
645 1384 761 1442 civitate
780 1383 1025 1452 Placentinorum,
1081 1388 1189 1443 sortem
1209 1386 1372 1459 justarum,
1387 1403 1424 1444 ne
1447 1387 1636 1445 exteudersnt
1654 1388 1729 1461 justi
1745 1389 1782 1446 ad
1797 1388 1908 1463 iniqui·

200 1496 267 1537 cum
282 1477 314 1535 in
328 1477 416 1533 domo
431 1473 588 1531 clarissimi
604 1474 754 1547 quondam
768 1473 824 1530 viri
835 1472 981 1541 Deseritis,
998 1476 1027 1529 et
1080 1476 1155 1532 tates
1184 1493 1293 1533 manus
1319 1493 1389 1534 suas
1423 1476 1512 1549 (Prot.
1540 1492 1632 1545 mre,
1661 1478 1700 1549 3).
1731 1478 1909 1537 Promiserat

199 1567 278 1642 quod
292 1570 338 1624 est
351 1561 814 1638 ampliustlbristiani,maneret,
830 1560 1025 1635 liliusipsius,
1080 1564 1159 1623 enim
1174 1566 1353 1639 Arbogastes
1375 1570 1447 1623 tuna
1470 1581 1580 1635 comes,
1605 1570 1635 1623 et
1656 1566 1812 1625 Humanas
1833 1585 1906 1641 pra·

199 1654 386 1729 Pansapbius
401 1652 531 1722 nominc,
545 1652 704 1710 admodum
719 1650 870 1725 parvulus,
886 1667 953 1709 cum
965 1652 1025 1725 spi·
1080 1655 1176 1712 lectus
1191 1655 1355 1713 Mediolano
1368 1654 1563 1729 egredientes,
1579 1672 1646 1712 cum
1659 1658 1785 1714 victores
1799 1657 1907 1716 reveni

200 1746 259 1803 ritu
273 1743 426 1825 immundo
441 1741 597 1804 laboraret.
613 1740 758 1815 frequenti
782 1739 912 1797 oratione
926 1744 956 1797 et
969 1741 1025 1797 im·
1080 1744 1342 1812 essent,stabulum
1358 1760 1390 1802 so
1403 1760 1469 1801 esse
1483 1744 1614 1802 iacturas
1625 1744 1657 1801 in
1671 1744 1795 1803 basiliae
1815 1746 1907 1805 eecle-

199 1834 347 1910 positione
370 1848 478 1889 manus
499 1830 659 1889 sacerdotis
681 1830 775 1904 ipsius
800 1834 845 1888 est
870 1833 992 1887 saueius
1016 1848 1022 1888 :
1080 1832 1130 1890 sia
1144 1833 1370 1891 Mediolanensis
1384 1836 1473 1907 atque
1489 1832 1610 1891 clericos
1625 1834 1681 1890 snb
1696 1834 1906 1908 armisprabs·

199 1924 251 1983 sed
265 1928 332 1998 past
346 1922 512 1997 aliquantos
533 1920 596 1977 dies
618 1920 717 1977 subita
737 1918 910 1976 indemitate
929 1935 1025 1977 corre·
1078 1925 1162 1981 turos
1177 1939 1185 1979 ι
1201 1923 1252 1979 sed
1276 1922 1437 1980 miserandi
1465 1922 1601 1979 homines
1626 1938 1694 1980 cum
1723 1924 1907 1983 damonibus

200 2016 271 2087 ptus
292 2011 456 2069 infantulus
481 2008 627 2068 exhalavit
652 2007 800 2081 spiritum.
816 2006 909 2080 Cujus
932 2010 1025 2065 mater
1079 2011 1142 2070 suis
1167 2011 1244 2069 male
1268 2012 1379 2069 creduli
1406 2016 1489 2080 sunt,
1505 2017 1534 2070 ct
1556 2012 1693 2085 aperiunt
1716 2029 1750 2070 os
1774 2014 1906 2072 suumin

199 2101 284 2160 valde
297 2100 444 2175 religiosa,
461 2103 490 2157 et
504 2097 591 2173 plena
605 2098 662 2155 ilde
676 2097 827 2167 aetimare
847 2096 911 2169 Dei,
926 2095 1024 2154 ablato
1079 2100 1293 2174 blasphemiam
1309 2101 1386 2175 apud
1402 2101 1494 2158 Deum
1509 2101 1578 2173 (sl),
1593 2117 1677 2174 spem
1701 2102 1759 2160 sibi
1779 2102 1905 2161 nouas

199 2190 251 2248 illa
265 2192 300 2249 de
315 2190 466 2264 superiore
479 2193 562 2262 paria
577 2187 733 2256 domus,ad
752 2185 890 2244 interiora
904 2186 1023 2243 deseen-
1080 2191 1263 2248 ademerunt.
1279 2193 1374 2247 &aaa
1400 2194 1500 2247 autam
1527 2189 1735 2247 commotionis
1762 2190 1823 2247 heca
1838 2192 1904 2263 luit,

200 2284 254 2351 dit,
270 2298 303 2340 ac
325 2282 355 2337 in
380 2279 453 2337 lecto
477 2276 647 2344 sacerdotis,
672 2276 737 2349 ipso
761 2276 892 2344 absente,
909 2291 1024 2348 compo·
1079 2280 1149 2352 quia
1164 2295 1288 2336 munera
1301 2279 1490 2353 imperatoris
1501 2278 1553 2352 qui
1569 2296 1601 2337 se
1615 2278 1766 2353 sacrilegio
1781 2280 1906 2338 miscuo

200 2373 270 2431 suit.
296 2370 387 2435 Quem
416 2384 484 2425 cum
516 2370 664 2423 revertens
696 2364 832 2421 sacerdos
859 2364 891 2420 in
917 2362 1023 2421 lectulo
1079 2373 1134 2437 rat,
1149 2368 1186 2426 ab
1206 2368 1337 2425 Ecclesia
1347 2368 1552 2440 respuebatur,
1568 2384 1622 2426 nec
1644 2368 1747 2425 orandi
1771 2368 1814 2425 illi
1835 2384 1904 2425 cum

199 2460 368 2528 invenisset,
383 2456 537 2515 eratenim
552 2454 602 2511 illa
616 2454 791 2525 intempore
805 2456 887 2511 extra
902 2452 1023 2510 domum
1078 2456 1207 2516 Ecclesia
1234 2456 1359 2514 sacietas
1385 2455 1579 2514 tribuebatur.
1604 2458 1660 2514 Sed
1690 2457 1833 2514 Dominus
1852 2459 1906 2531 qui

199 2550 324 2626 positus,
339 2548 496 2607 miseratus
517 2548 642 2602 matrem
671 2546 699 2599 et
725 2543 812 2601 fidem
835 2542 929 2615 ipsius
955 2558 1023 2599 eou-
1079 2546 1240 2604 Ecclesiam
1255 2561 1341 2603 suam
1356 2546 1433 2603 tueri
1459 2545 1657 2615 consuevit,de
1671 2545 1904 2617 aoeloleoulatus

199 2638 370 2713 templctus,
387 2635 481 2693 Elissa
497 2634 613 2705 similis,
631 2649 722 2705 supra
734 2648 842 2705 eorpus
856 2630 978 2689 intentis
993 2648 1024 2688 se
1078 2641 1124 2693 est
1133 2634 1383 2709 judicium,atque
1393 2651 1510 2692 omnam
1519 2634 1670 2692 namnam
1685 2635 1721 2690 ad
1732 2634 1904 2708 religiosum

198 2729 262 2803 ipse
284 2724 458 2798 composuit,
483 2728 572 2796 atque
600 2722 711 2779 arando
741 2719 849 2777 meruit
872 2723 905 2775 ut
925 2720 1023 2776 vivum
1078 2724 1285 2796 imperatorem
1300 2723 1452 2781 transtulit
1467 2722 1831 2781 'l'bsodosiumExstineta
1846 2724 1903 2782 ita·

198 2817 332 2875 redderet
343 2812 531 2884 matri,quem
547 2814 697 2867 mortuum
708 2808 871 2877 invenerut3
888 2807 1023 2879 adquam
1078 2829 1135 2886 que
1150 2812 1280 2885 Eugeuio
1296 2811 1533 2886 satellitibusque
1548 2814 1695 2884 ejusaem
1709 2811 1819 2886 scripta
1828 2814 1904 2871 aeci·

198 2905 286 2963 etiarn
301 2901 482 2959 infantulum
498 2896 631 2955 libellum
645 2895 866 2969 conscripsit,ut
879 2897 957 2968 quod
973 2912 1025 2969 per
1079 2905 1160 2976 paret
1179 2901 1375 2975 imperatoria,
1388 2918 1447 2958 non
1475 2900 1519 2957 illi
1543 2900 1600 2959 alia
1624 2916 1696 2958 cura
1724 2903 1819 2973 major
1847 2902 1905 2958 luit

199 2993 292 3051 atatis
306 2989 461 3047 infantiam
477 2988 552 3045 scire
566 3002 625 3043 non
641 2987 766 3059 poterat,
781 2983 904 3059 legendo
917 3001 1023 3058 eogno-
1079 3006 1168 3063 quam
1182 2994 1217 3047 ut
1230 3007 1283 3064 pro
1298 2990 1335 3047 iis
1347 2990 1624 3062 interveniret,quos
1635 2990 1902 3048 reatusinvenerat.

198 3084 301 3139 soeret.
316 3078 526 3135 Verumtamen
542 3074 652 3131 sactum
669 3073 788 3146 seriptis
802 3073 864 3130 suis
879 3090 936 3130 non
947 3089 1025 3129 oam-
1079 3079 1254 3137 obsecratus
1268 3083 1314 3137 ost
1327 3080 1423 3153 primo
1439 3079 1557 3153 seriptis
1579 3078 1786 3152 imperatorem
1810 3079 1903 3137 mim

199 3166 394 3230 memoravitz
411 3166 461 3223 sed
487 3181 544 3238 quo
569 3164 673 3221 allecta
695 3162 882 3221 declinaverit
896 3178 1023 3219 eamme·
1077 3166 1201 3223 diacono
1217 3167 1306 3240 (epist.
1321 3168 1355 3224 dt
1371 3172 1402 3225 et
1413 3167 1460 3240 62)
1477 3182 1485 3223 ι
1502 3170 1604 3240 postea
1625 3182 1694 3223 vero
1718 3182 1807 3240 qnam
1822 3166 1903 3224 dirs-

198 3274 323 3327 marara,
340 3272 399 3315 non
415 3257 460 3311 est
475 3252 763 3325 nastrumjudicare.
1037 3238 1059 3305 C
1078 3259 1143 3313 ctus
1157 3260 1204 3313 est
1220 3256 1351 3314 ioannes
1372 3261 1445 3313 tuna
1466 3254 1606 3312 tribunus
1628 3260 1659 3313 et
1684 3254 1826 3328 neurius,
1850 3258 1902 3330 qui

232 3340 674 3405 29.1neadametiomolvitotc
693 3340 845 3398 basilicam
861 3339 1021 3409 constituit,
1078 3362 1157 3402 nunc
1176 3345 1330 3419 prolectas
1350 3349 1404 3415 est,
1421 3345 1457 3401 ad
1481 3344 1637 3403 tuitionem
1661 3362 1763 3402 earum
1788 3344 1839 3419 qui
1861 3345 1899 3401 ad

197 3439 229 3496 in
242 3453 300 3510 qua
315 3432 451 3509 deposuit
465 3430 604 3503 reliquias
614 3434 777 3503 martyrum
788 3429 891 3489 Vitatis
900 3434 929 3487 et
939 3430 1022 3503 Agri·
1077 3433 1231 3492 ecclesiam
1243 3435 1444 3508 confugerant,
1459 3434 1548 3491 stiam
1562 3436 1625 3507 ipse
1643 3434 1810 3508 Aquileiam
1833 3449 1901 3508 per-

198 3526 278 3595 colo,
294 3539 420 3597 quarum
437 3537 558 3595 corpora
572 3520 603 3577 in
618 3518 794 3577 Bononiensi
810 3517 925 3576 civitate
949 3518 1024 3575 lava·
1077 3523 1151 3579 rexit
1164 3526 1337 3597 precaturus
1351 3540 1403 3597 pro
1417 3522 1469 3590 eis,
1485 3522 1592 3595 quibus
1604 3522 1688 3579 facile
1704 3523 1790 3580 vania
1807 3523 1900 3596 impe·

197 3618 279 3673 verat
292 3612 416 3686 (datori.
437 3612 507 3683 (ἐν).
525 3626 591 3683 pag.
607 3610 687 3681 277),
713 3608 809 3682 posita
832 3609 912 3665 enim
940 3612 1024 3665 erant
1077 3617 1154 3669 trata
1167 3616 1227 3682 est;
1241 3613 1310 3687 quia
1324 3612 1386 3686 ipse
1406 3610 1592 3669 Christianus
1615 3612 1774 3684 imperator
1796 3627 1899 3686 prauo·

198 3719 321 3777 corpora
335 3704 497 3775 martyrum
513 3699 591 3756 inter
604 3714 727 3771 corpora
744 3698 912 3755 iudeorum
938 3714 945 3753 :
970 3712 1023 3754 nea
1078 3699 1159 3759 lutus
1173 3701 1298 3775 pedibus
1313 3700 1474 3759 sacerdotis
1487 3700 1651 3758 testabatur
1665 3700 1778 3757 meritis
1791 3704 1821 3756 et
1833 3715 1900 3757 ora·

198 3797 261 3850 eret
284 3790 433 3866 cognitum
459 3786 567 3862 papula
593 3786 770 3859 Christiano,
789 3786 846 3843 uisi
873 3802 905 3842 se
929 3784 1023 3842 senati
1077 3791 1208 3848 tionibus
1222 3791 1286 3862 aJua
1300 3807 1332 3849 aa
1347 3805 1412 3847 oasa
1426 3795 1585 3848 sanatum.

199 3884 341 3955 martyres
355 3877 498 3936 sacerdoti
512 3876 607 3951 ipsius
622 3874 758 3933 Ecclesia
773 3874 1021 3948 revelasseutflit).
1113 3880 1157 3937 32,
1175 3879 1333 3937 Revertens
1364 3879 1464 3953 itaque
1479 3880 1601 3937 daurbc
1627 3879 1818 3953 Aquileiensi,
1842 3894 1902 3935 uno

198 3972 265 4037 Oua
290 3986 357 4027 aum
384 3970 600 4042 deponerentur
623 3965 679 4023 sub
703 3964 798 4031 altari,
819 3964 897 4038 quod
923 3968 968 4020 est
991 3964 1023 4021 in
1077 3967 1124 4026 die
1139 3968 1289 4043 precessit
1303 3967 1903 4041 imperatorem:aeodiuelementissima

198 4061 299 4118 eadem
314 4056 436 4116 basilica
451 4056 658 4123 constitutum,
670 4052 847 4127 magnaillic
861 4051 951 4110 tatius
965 4053 1024 4127 ple·
1077 4058 1225 4116 memorie
1239 4056 1422 4116 'l'beodasius
1442 4058 1603 4132 imperator
1616 4058 1762 4132 susceptis
1781 4055 1851 4113 illlis
1871 4056 1903 4115 in

196 4150 243 4207 bis
258 4150 365 4205 saneta
382 4144 481 4203 latitia
496 4148 584 4217 atque
598 4140 752 4199 exsultatio
779 4140 844 4209 luit,
862 4158 947 4215 poena
964 4144 1022 4200 dae·
1076 4146 1207 4205 Ecclesia
1228 4148 1258 4205 st
1280 4148 1397 4205 traditis
1411 4146 1566 4215 sacerdoti,
1589 4147 1619 4204 in
1644 4145 1699 4202 baa
1722 4144 1788 4202 lues
1812 4144 1869 4201 luit
1893 4163 1901 4203 ε

199 4253 320 4297 monum
336 4232 538 4293 confitentium
554 4236 716 4305 martyrum
733 4230 845 4288 merita.
1077 4240 1144 4309 post
1158 4236 1245 4309 cujus
1259 4235 1372 4293 abitum
1396 4237 1455 4292 lare
1478 4234 1639 4292 triennium
1652 4232 1822 4307 supervixit.
1839 4232 1902 4297 Oua

232 4328 277 4384 30.
293 4324 440 4382 Paridem
459 4326 577 4395 tempus
602 4319 779 4394 arbogastes
799 4336 897 4378 eomes
920 4321 1020 4379 adver·
1076 4325 1253 4399 intempore
1276 4325 1370 4383 sancti
1395 4323 1509 4381 Nazarii
1532 4322 1669 4395 martyris
1688 4335 1805 4393 carpus,
1819 4321 1900 4391 quad

196 4432 265 4472 sum
289 4416 404 4487 gentem
432 4427 528 4479 suam,
549 4408 604 4467 hoo
627 4413 673 4465 est
698 4408 885 4479 Francorum,
910 4410 1021 4468 bellum
1075 4419 1138 4471 erat
1151 4414 1183 4470 in
1197 4413 1282 4471 horto
1296 4413 1427 4488 positum
1440 4415 1523 4469 extra
1540 4410 1698 4474 civitatem,
1712 4406 1840 4464 leuatum
1862 4409 1900 4465 ad

197 4502 411 4577 paravit,atquo
426 4499 585 4573 pugnanda
599 4514 657 4554 nan
668 4514 787 4571 parvam
802 4498 1020 4557 multitudinem
1075 4503 1229 4560 basilicam
1244 4501 1444 4576 apostolorum
1468 4516 1533 4572 qua
1559 4501 1604 4555 est
1623 4497 1653 4553 iu
1679 4497 1811 4553 Romana
1829 4496 1899 4570 (22),

198 4608 288 4649 manu
303 4590 390 4656 ludit,
403 4604 471 4644 cum
486 4586 614 4645 residuis
628 4602 696 4645 varo
711 4604 812 4661 pacem
828 4588 1020 4646 firmavitsed
1035 4611 1060 4677 D
1076 4591 1236 4650 transtulit.
1253 4591 1388 4648 Vidimus
1404 4593 1503 4647 auam
1518 4588 1549 4644 in
1563 4584 1769 4659 sepulcraque
1780 4585 1902 4656 lacebat

196 4696 264 4738 aum
280 4681 310 4736 in
326 4676 456 4735 convivio
472 4693 489 4733 a
503 4676 622 4751 regibus
637 4677 734 4751 gentis
750 4694 808 4735 sua
823 4678 1019 4752 interrogare·
1074 4697 1182 4753 corpus
1196 4680 1335 4751 martyris
1347 4678 1411 4751 (qui
1435 4677 1553 4750 quando
1568 4674 1607 4731 sit
1626 4688 1742 4747 passus,
1759 4674 1900 4746 usquein

195 4766 665 4837 turutrumsciretAmbaosium;
682 4771 710 4823 ct
722 4765 922 4841 respondisset
933 4783 1020 4825 nasse
1074 4761 1754 4840 hodiernumsoirenanpassumuslsanguinem
1762 4763 1900 4836 matyris

195 4873 227 4916 sa
241 4858 348 4926 virum,
362 4858 391 4913 et
405 4853 487 4929 diligi
502 4855 538 4912 ab
554 4858 697 4929 eantque
713 4855 1019 4930 trequenteraumillo
1074 4857 1116 4914 ita
1144 4860 1299 4925 roceium,
1327 4854 1413 4927 quasi
1440 4854 1543 4911 eodem
1567 4850 1614 4909 dia
1644 4851 1750 4909 luisset
1775 4851 1898 4909 aliusue.

195 4944 342 5003 connvari
372 4942 504 5012 solitum,
529 4944 663 5002 audivit:
679 4946 746 5002 ldea
774 4946 878 5015 vincis,
909 4960 1017 5012 onmes,
1074 4943 1270 5018 caputetiam
1285 4943 1389 5017 ipsius,
1406 4942 1484 5015 quad
1500 4941 1537 4998 ab
1551 4939 1653 5013 impiis
1676 4937 1899 4997 lueratabseis·

196 5034 267 5108 quia
281 5035 317 5091 ab
334 5032 384 5089 illa
403 5032 465 5089 viro
490 5031 631 5107 diligeris,
648 5033 699 5108 qui
723 5034 794 5091 dicit
816 5034 871 5091 soli
887 5051 893 5090 :
910 5034 971 5105 Sta,
990 5037 1020 5090 et
1074 5049 1153 5102 sum,
1166 5032 1208 5089 ita
1221 5032 1369 5105 integrum
1384 5034 1473 5104 etque
1485 5030 1691 5103 incorruptum
1706 5044 1774 5087 eum
1784 5025 1900 5101 capillis

195 5126 264 5180 stat.
280 5121 361 5187 Quod
374 5136 427 5195 ego
442 5121 506 5179 idea
522 5123 617 5197 posui,
628 5128 661 5181 ut
675 5124 759 5195 cujus
775 5124 859 5181 samos
875 5122 962 5180 luerit
975 5122 1019 5178 vir
1074 5120 1180 5196 eapitis
1203 5123 1291 5192 atque
1319 5120 1420 5189 barba,
1445 5121 1480 5176 ut
1506 5118 1592 5177 nobis
1618 5118 1768 5177 videretur
1794 5115 1898 5173 eadem

196 5214 315 5269 sanctus
330 5211 419 5269 etiam
430 5213 508 5285 apud
518 5214 657 5271 barbaras
667 5216 779 5285 gentes,
793 5210 923 5284 legentes
933 5228 1020 5286 agno·
1074 5212 1206 5283 tempore
1227 5224 1286 5281 quo
1299 5206 1462 5278 levabatur,
1477 5207 1572 5265 latum
1593 5212 1681 5281 atqua
1702 5204 1899 5279 aompositum

230 5370 288 5445 (te)
302 5372 417 5430 Eadem
434 5372 502 5430 edit.
520 5389 587 5431 oum
602 5370 666 5428 eod.
683 5383 742 5449 uno
761 5366 871 5436 eorm,
886 5369 1019 5427 swerdeti
1072 5367 1146 5442 apud
1160 5370 1257 5426 lleunr.

194 5446 250 5517 spei
264 5444 447 5507 rceetmeent:
462 5444 558 5501 catari
573 5458 645 5501 mss.
663 5441 697 5497 ut
710 5455 741 5495 ιιι
754 5442 902 5497 cerasta.
972 5500 976 5507 ,
1107 5440 1287 5515 (22)0mnes
1310 5440 1391 5510 edit,
1407 5457 1469 5515 que
1490 5444 1531 5499 eet
1552 5442 1691 5506 domena·
1706 5452 1781 5506 mss.
1796 5452 1812 5493 e
1826 5451 1899 5494 ean·

230 5516 287 5589 (20)
301 5516 345 5571 lta
360 5532 433 5572 mss.
450 5532 508 5571 una
523 5516 658 5586 except03
675 5510 744 5570 edit.
761 5514 857 5568 autem
879 5528 946 5570 eum
970 5530 1018 5572 co·
1072 5512 1173 5581 traria,
1188 5527 1251 5587 quse
1262 5516 1302 5570 eet
1316 5513 1495 5581 tellumone,
1516 5510 1634 5584 regions
1653 5507 1766 5566 scilicet
1778 5524 1786 5577 3
1797 5508 1827 5566 id
1842 5510 1897 5577 est,

194 5586 273 5653 dem,
288 5580 598 5660 qwbnctoquetotar.
1072 5600 1164 5662 prope
1175 5588 1292 5664 partam
1306 5582 1568 5645 Romsnsmnrbis
1582 5580 1749 5641 Mediolani.

229 5660 289 5738 (21)
316 5656 426 5720 Omnes
449 5658 532 5732 adit,
555 5658 650 5719 aetra
672 5656 774 5729 denna
802 5670 906 5722 omues
931 5672 1017 5733 mss,
1778 5699 1781 5704 ν
