4159 6184
140 342 205 405 aea
799 348 1074 414 auxaauauou
1094 352 1168 415 aia.
1192 355 1235 417 ιι.
1812 319 1873 427 rea

141 473 411 551 tumappellatur:
431 472 510 531 sieut
525 480 691 550 argentum
707 481 783 555 quod
801 481 895 555 signis
910 482 979 539 erui·
994 496 1021 559 ,t
1075 486 1190 549 lilla
1218 493 1345 561 preterit
1373 496 1492 556 retuliss
1526 502 1641 577 aliquos
1675 504 1763 562 coelos
1799 505 1870 561 culo

144 566 290 626 nentihns
306 563 440 639 refulget,
456 562 601 624 celatum
615 567 756 641 dicimus,
773 578 877 646 οὐρανὸς
895 576 993 629 autem
1050 598 1117 637 rum
1133 581 1169 637 ad
1180 580 1378 657 intelligibiles
1387 588 1518 660 virtutes,
1531 592 1748 650 firmamentum
1758 594 1795 650 ad
1806 610 1872 666 ope

142 666 254 715 ἀπὸτοῦ
269 663 374 730 ὁρᾶσθαι
401 653 510 713 dicitur
548 655 624 729 (53),
671 661 750 733 quod
786 661 992 719 videatne...
1049 670 1183 727 ratorias.
1201 670 1447 734 iltideolaudare
1476 680 1571 750 emtus,
1597 681 1641 739 vei
1658 682 1870 755 enarrareglo·

147 745 248 820 Igitur
260 748 355 815 terre,
372 761 435 819 qua
462 744 630 803 obscurior
652 752 709 818 et,
725 756 826 824 adparat<
841 768 993 825 nuncupa·
1048 754 1124 814 riam
1153 759 1214 827 Dei,
1243 764 1419 821 annuntiare
1448 766 1696 829 firmamentum:
1729 771 1782 829 sed
1811 786 1869 826 non

148 840 213 905 tur,
229 834 300 907 quia
313 833 429 891 lucidus
439 837 495 901 cst,
520 838 674 909 tanquam
685 836 819 897 visibilis.
829 838 910 899 Unde
921 844 992 914 puto
1047 847 1134 919 quasi
1151 848 1323 921 spiritualia,
1339 854 1389 909 sed
1404 855 1489 927 quasi
1505 873 1593 930 opera
1608 860 1710 916 mundi
1721 862 1869 924 enarrant,

149 926 182 980 et
198 921 415 980 illuddietum:
444 923 580 982 Volulilic
603 927 670 983 eoeli
692 926 748 1001 (5⁴)
776 945 881 1003 semper
899 930 993 987 uident
1046 936 1298 1008 quemadmodum
1327 944 1569 1013 supradiximus.
1587 947 1643 1003 Alii
1658 965 1774 1021 quoque
1788 946 1869 1021 puri·

150 1014 257 1085 sociem
269 1015 360 1070 Patria
382 1014 446 1082 otei,
457 1014 551 1089 quiin
563 1014 642 1071 coelis
653 1019 693 1072 eet
704 1016 810 1090 (ldctlli.
829 1034 912 1091 xviri,
933 1018 990 1091 18).
1045 1024 1197 1082 ficatorias
1220 1026 1342 1085 virtutes
1370 1031 1550 1104 interpretati
1581 1041 1652 1091 eunt
1678 1053 1781 1109 aquas,
1807 1052 1872 1109 que

146 1101 185 1157 Et
198 1118 206 1157 ε
219 1101 344 1157 volatitia
368 1103 441 1159 circu
468 1102 690 1173 firmamentum
712 1106 776 1162 coeli
795 1106 870 1179 (den.
888 1122 906 1175 1,
922 1107 988 1178 20);
1045 1128 1138 1185 supcr
1166 1114 1254 1174 coelos
1280 1123 1360 1174 aunt.
1386 1121 1555 1193 Accipimus
1585 1123 1646 1180 hacc
1662 1124 1746 1196 quasi
1762 1124 1798 1180 ed
1813 1130 1872 1183 tra·

145 1204 182 1246 ee
197 1189 278 1263 quod
293 1194 460 1263 potestates,
479 1206 548 1263 que
565 1195 643 1249 aunt
668 1192 699 1249 io
725 1192 775 1251 illo
789 1194 896 1253 visibili
912 1196 987 1265 loeo,
1044 1204 1310 1263 clatusdecorem:
1341 1208 1426 1264 nobis
1456 1214 1554 1267 tantan
1571 1230 1629 1268 aun
1650 1212 1872 1271 alienumvide-

144 1281 283 1351 spectent
298 1278 480 1349 haecomnia,
497 1283 528 1338 et
544 1279 685 1351 subjecta
699 1280 761 1339 suis
777 1282 905 1342 babeant
917 1301 987 1342 con·
1045 1290 1095 1342 tar
1120 1295 1208 1363 atque
1231 1294 1404 1361 absurdum,
1432 1297 1456 1353 si
1483 1315 1577 1370 aquas
1591 1317 1674 1356 veras
1697 1305 1814 1375 propter
1838 1301 1873 1360 il·

145 1365 311 1439 spectibus.
1042 1374 1104 1431 lam
1121 1394 1251 1451 causam,
1267 1400 1355 1456 quam
1373 1384 1515 1455 diximus,
1532 1386 1741 1462 intelligemus.
1757 1390 1830 1447 Nam
1845 1398 1875 1449 et

188 1456 232 1511 le.
249 1454 382 1528 Denique
404 1454 540 1514 clausum
554 1458 668 1514 coslum
683 1458 796 1517 dictum
812 1466 857 1517 est
871 1465 986 1535 tempu·
1043 1482 1093 1521 ros
1109 1471 1138 1523 et
1151 1469 1218 1541 gelu
1234 1476 1263 1528 et
1277 1471 1370 1545 frigus
1385 1477 1414 1531 et
1428 1480 1533 1544 aestus,
1554 1477 1719 1535 secundum
1733 1478 1876 1553 hymnum

146 1544 233 1600 ribus
249 1542 318 1599 lllin
334 1542 449 1617 quaudo
477 1545 508 1601 in
535 1545 642 1603 Achab
670 1550 701 1604 et
724 1547 841 1606 lezabel
862 1550 986 1622 perfidia
1042 1554 1247 1627 propheticum
1276 1560 1456 1621 benedicunt
1487 1563 1661 1635 Dominum,
1687 1567 1836 1627 benedicit
1849 1578 1878 1631 et

145 1633 303 1707 regnabat,
315 1648 380 1688 eum
391 1632 520 1707 pupulus
535 1634 632 1709 regali
649 1635 802 1711 sacrilegio
814 1637 984 1707 deserviret,
1040 1644 1215 1717 terramala.
1232 1666 1275 1720 ιιι,
1301 1650 1338 1705 el
1364 1661 1390 1708 et
1414 1654 1486 1726 aeq.)
1505 1670 1513 1709 :
1545 1652 1638 1711 stilla
1664 1673 1723 1713 uon
1739 1658 1775 1715 ad
1790 1659 1877 1719 intel·

145 1721 277 1795 eoquod
305 1737 389 1779 nemo
416 1722 451 1778 ad
480 1721 591 1780 coelum
618 1724 722 1782 oeulos
736 1724 879 1798 erigebat,
895 1742 983 1783 nemo
1038 1728 1168 1802 ligibilas
1197 1739 1320 1794 naturas
1349 1741 1521 1811 referimus,
1554 1743 1604 1799 sed
1637 1745 1674 1801 ad
1715 1748 1876 1811 remmam.

145 1812 214 1883 ejus
229 1814 378 1867 auctorem
405 1814 613 1882 venerebatur,
642 1815 693 1871 sed
718 1812 801 1887 ligna
824 1818 853 1871 et
867 1812 982 1887 lapidas
1002 1817 1180 1923 BLaudant
1195 1824 1285 1881 etiam
1313 1827 1456 1888 dracones
1472 1830 1639 1889 Dominum
1661 1834 1747 1909 (Paul.
1763 1854 1876 1920 cxtvlll,

146 1898 322 1956 adorabant.
338 1898 416 1956 Unde
430 1899 483 1957 hoo
499 1898 789 1975 colligimusfouia
804 1906 833 1958 et
848 1901 878 1957 in
894 1902 987 1960 male·
1043 1907 1185 1984 7);quia
1214 1917 1320 1972 natura
1347 1935 1450 1977 eorum
1483 1922 1644 1994 etspeoies
1670 1929 1877 2006 cumvidetur,

147 1987 329 2045 dictionibus
353 1988 450 2062 populi
483 1989 575 2047 lsrael
601 1990 676 2047 dixit
700 1990 812 2049 Deus:
847 1991 908 2047 Erit
934 1990 990 2048 citi
1044 2013 1103 2055 uon
1120 2001 1267 2059 miniuum
1284 2004 1329 2063 vel
1354 2009 1470 2067 decoris
1496 2010 1635 2085 offundit,
1660 2016 1726 2074 vel'
1757 2034 1879 2081 assera·

148 2076 250 2132 calum
260 2092 343 2149 cuper
364 2085 443 2150 caput
464 2085 544 2135 titum
567 2094 688 2155 aeneum
713 2083 741 2137 et
766 2088 840 2137 wne
859 2086 910 2135 luc
934 2081 990 2152 [er-
1044 2084 1134 2145 tionis
1146 2091 1285 2150 ostendit.

154 2180 205 2221 reu
232 2166 324 2239 (Dect,
347 2182 444 2234 xxvrrr,
471 2160 530 2241 23),
562 2169 684 2241 quando
706 2169 835 2243 pretium
851 2167 990 2241 perfidias

149 2252 239 2310 luens
252 2252 375 2328 populus
389 2254 570 2324 ludaeorum,
597 2255 772 2330 intemperie
797 2256 862 2313 ooli
878 2260 911 2314 et
926 2261 990 2314 ter·
1375 2213 1492 2273 CAPUT
1514 2218 1552 2275 V·

153 2358 194 2397 re
219 2342 420 2401 infecunditate
442 2344 610 2415 multatur;
636 2345 673 2402 de
698 2345 767 2403 coelo
786 2345 868 2402 enim
889 2362 991 2405 causa
1044 2290 1427 2435 omammffwfflrss
1440 2322 1496 2434 ὅ),
1510 2310 1640 2441 ww,
1662 2319 1879 2464 mmo&

152 2429 322 2489 fertilitatis.
337 2432 464 2506 Denique
478 2434 638 2508 etldoysea
653 2434 873 2491 benedictiones
890 2434 989 2492 tribui
1079 2435 1161 2517 0f’.¹⁸⁸
1175 2435 1289 2496 bedure
1300 2444 1428 2515 partitus
1451 2453 1579 2511 nondum
1594 2389 1722 2519 ulcfflutia
1736 2464 1789 2521 Deo
1816 2483 1878 2539 pro·

153 2518 268 2592 Josepb
295 2536 311 2575 a
334 2520 441 2579 finibus
469 2520 534 2579 coeli
564 2525 597 2579 et
620 2536 686 2578 rore
719 2519 818 2595 abyssi
852 2520 988 2579 fontium
1076 2522 1187 2577 imvm·

152 2609 303 2682 deorsum,
318 2614 346 2667 et
369 2611 531 2668 secundum
554 2610 694 2668 horama
715 2608 787 2667 solis
802 2625 904 2709 cursu,
924 2617 988 2669 eta
1079 2621 1127 2678 18,
1149 2626 1180 2683 Ε)
1194 2627 1263 2685 vigo
1289 2602 1366 2687 peu,
1392 2637 1457 2707 qap,
1486 2640 1593 2703 bonum
1620 2647 1694 2720 (pm.
1712 2669 1732 2721 ,'
1757 2657 1765 2709 1

151 2698 390 2757 convenientibus
415 2698 569 2757 mensibus
596 2698 665 2773 (55),
692 2701 721 2755 et
745 2702 880 2755 avertice
896 2715 987 2757 mon·
1044 2712 1086 2769 eit
1114 2713 1209 2774 Filius
1236 2720 1316 2792 quod
1346 2720 1409 2779 vult

151 2786 229 2843 tium
245 2790 274 2843 et
296 2786 411 2847 collium
426 2795 607 2847 eternorum
633 2786 726 2854 dedit,
741 2802 775 2844 eo
790 2785 867 2859 quod
883 2790 988 2847 mude-
1043 2801 1116 2859 facit
1132 2805 1234 2866 Filius.
1260 2808 1342 2865 Nihil
1367 2810 1398 2867 iu
1420 2813 1469 2871 iilo
1495 2829 1610 2883 nature
1631 2829 1783 2905 degeneris
1797 2836 1878 2895 inve·

153 2875 270 2932 ratione
306 2874 413 2933 coeleeti
451 2882 601 2935 terrarum
631 2875 795 2932 fecunditas
824 2873 987 2936 nutriatur.
1045 2892 1142 2965 nitur,
1159 2899 1507 2974 cajuaopueapaterua
1523 2918 1752 2995 nondegeuerat
1774 2927 1878 2987 voluu-

154 2964 295 3021 Ferreum
309 2981 376 3039 ergo
404 2967 521 3036 celum,
549 2964 632 3039 quod
657 2964 772 3021 nullum
793 2965 918 3021 exsudat
933 2966 988 3023 hu·
1045 2984 1117 3037 tate.
1133 2984 1216 3044 vidit
1240 2988 1353 3061 utique,
1371 3007 1428 3047 uon
1456 2999 1554 3060 oculis
1568 3011 1768 3082 corporalibus
1783 3018 1878 3077 intan-

154 3051 989 3129 morem,quandonullisnubibusimberrumpitur(5ti)
1045 3068 1090 3125 dit
1107 3087 1114 3126 :
1132 3075 1185 3131 ,gg
1216 3075 1349 3133 definivit
1378 3078 1560 3152 plenitudini
1586 3100 1686 3172 ΜΒ
1713 3110 1867 3169 convenire

157 3141 312 3199 asteriam
334 3143 459 3201 ferreum
474 3142 585 3199 ccelum
606 3140 810 3199 subobscurus
826 3156 885 3209 aer,
906 3159 988 3215 pres·
1046 3161 1080 3213 ut
1094 3162 1170 3219 mihi
1186 3165 1405 3237 gjugjugjgpum
1416 3186 1644 3247 cognosceretur
1656 3209 1663 3248 :
1676 3211 1730 3252 nos
1744 3201 1821 3257 enim
1833 3155 1879 3259 ⁸0:

155 3247 209 3287 sus
235 3236 325 3303 atque
349 3233 507 3290 nebulosus
533 3231 633 3289 colore
662 3229 835 3302 ferrugineo,
868 3231 1026 3303 quandoC
1047 3244 1249 3309 lemuaatiam
1271 3253 1307 3309 de
1333 3254 1380 3324 iis,
1408 3276 1474 3331 quat
1489 3266 1590 3332 divina
1617 3288 1687 3339 suut
1714 3286 1864 3361 disputare

156 3320 255 3393 rigore
282 3320 397 3393 frigoris
425 3321 585 3395 stringitur
600 3324 689 3387 terra,
711 3322 782 3374 tunc
795 3317 884 3375 veluti
899 3336 989 3393 super
1044 3335 1080 3390 Et
1094 3338 1166 3409 quid
1182 3341 1292 3397 mirum
1308 3342 1334 3398 si
1357 3345 1393 3402 de
1407 3364 1495 3421 oper,
1510 3366 1669 3426 ,emotum
1684 3325 1797 3445 imm
1866 3333 1874 3398 2

156 3414 246 3482 capnt
261 3414 394 3467 nostrum
423 3411 531 3467 humor
561 3423 728 3481 suspensus
752 3406 877 3478 videtur,
893 3413 989 3481 etper
1045 3422 1081 3479 da
1096 3425 1191 3499 ipsius
1207 3431 1370 3501 operatoris
1395 3446 1584 3509 generatione
1611 3458 1723 3520 faciunt
1738 3423 1873 3539 quaestio·

154 3501 308 3553 momenta
323 3497 488 3557 imminere.
514 3496 698 3569 Plerumque
711 3494 799 3552 etiam
814 3496 988 3570 glacialibus
1044 3514 1123 3568 aas?
1138 3515 1240 3587 (μω,
1255 3518 1285 3573 pn
1295 3519 1443 3591 judicium
1458 3544 1575 3608 vocant,
1588 3543 1687 3617 ipsura
1699 3552 1872 3628 inaequalem

155 3586 593 3661 ventorumtlatibusrigentes
624 3602 708 3658 aqua
724 3585 987 3645 consolidanturiu
1043 3606 1133 3674 atqua
1147 3604 1322 3677 degenerem
1339 3625 1470 3672 asserere
1484 3636 1637 3687 conantur.
1655 3635 1722 3696 ldeo
1733 3641 1824 3717 lagia·
1839 3650 1874 3705 gt

158 3675 269 3742 nivem,
294 3680 324 3731 et
351 3680 435 3749 rupto
464 3693 531 3733 acre
562 3676 616 3731 nix
631 3672 773 3730 funditur.
794 3674 893 3747 Neque
907 3677 987 3733 enim
1043 3687 1118 3746 ome
1133 3694 1216 3762 Dm,
1232 3698 1259 3750 et
1271 3695 1338 3765 [ecit
1351 3698 1429 3757 Deru.
1442 3705 1551 3770 Eodem
1568 3717 1691 3781 Pateret
1701 3728 1794 3789 Filius
1810 3689 1871 3794 rna·

158 3764 381 3821 firmamentum
404 3764 459 3821 huc
483 3767 582 3839 potest
605 3762 669 3819 sine
692 3760 790 3835 aliquo
812 3763 909 3836 rumpi
929 3766 987 3821 lra-
1040 3777 1158 3849 jomus
1186 3780 1368 3842 honorantur
1396 3795 1527 3855 nomino·
1554 3777 1592 3861 ‘m
1618 3811 1687 3869 vidit
1715 3818 1784 3877 Dm
1805 3828 1871 3897 quia

160 3868 233 3927 gere
256 3852 323 3925 (57).
339 3852 404 3910 ldeo
418 3858 447 3911 et
460 3854 685 3910 firmamentum
711 3852 760 3908 81
778 3850 892 3921 dicitur,
909 3854 987 3926 quod
1043 3867 1154 3926 tonum.
1183 3871 1264 3929 Dixit
1290 3878 1433 3949 tanquam
1459 3890 1561 3947 omnia
1588 3910 1654 3966 ques
1682 3902 1767 3961 Pater
1785 3911 1871 3970 vallet

160 3958 222 3998 non
238 3941 278 3997 ait
292 3940 461 4010 invalidum,
477 3958 532 4000 nec
559 3940 730 3998 remissum.
754 3938 835 3997 Unde
850 3945 879 3997 et
894 3942 929 4000 de
943 3948 987 4000 lo·
1042 3956 1157 4027 solanti,
1174 3964 1203 4015 at
1217 3960 1289 4017 vidit
1302 3964 1454 4038 tamquam
1469 3977 1570 4033 omnia
1585 3997 1650 4052 qua
1662 3984 1753 4047 filiu.
1762 3993 1870 4055 saperet

160 4030 313 4099 nitrubns,
330 4047 392 4103 qna
406 4036 547 4105 concepto
558 4029 638 4086 iutra
652 4028 750 4087 sinum
761 4030 883 4087 nubium
900 4032 986 4104 spiri·
1042 4044 1167 4104 scientia
1180 4052 1293 4119 tenens,
1309 4056 1338 4108 et
1351 4054 1483 4115 efficiens
1497 4068 1666 4137 operatione
1675 4084 1812 4140 consorti.

160 4124 195 4177 tu
210 4135 279 4175 cum
297 4136 328 4176 ee
342 4122 528 4179 uehementer
542 4124 704 4191 erupturus
718 4118 828 4177 eliserit
839 4120 906 4193 (58),
923 4138 985 4179 ma·
1078 4136 1123 4191 19.
1142 4137 1217 4193 Vidit
1232 4140 1297 4210 quio
1312 4140 1422 4203 bouum.
1439 4146 1503 4206 Non
1518 4155 1620 4228 utique
1638 4169 1775 4236 coguovit
1789 4176 1867 4244 quod

160 4225 220 4283 gno
245 4215 420 4283 concrepant
443 4210 554 4280 sonitu,
581 4208 623 4265 ait
655 4206 828 4282 Scriptura:
859 4211 987 4269 dimam
1041 4224 1200 4292 assolebat,
1215 4228 1267 4284 sed
1295 4231 1429 4302 probavit
1449 4242 1529 4309 quod
1545 4244 1687 4317 placebat.
1704 4254 1767 4314 Non
1782 4265 1869 4333 quasi

160 4300 287 4355 matesc
308 4298 398 4371 (Amor
425 4317 464 4368 ιι,
495 4300 551 4372 13).
575 4299 600 4355 Α
627 4296 765 4355 firmitate
789 4314 858 4372 ergo
887 4300 985 4357 firma·
1040 4311 1223 4387 incognitum
1243 4316 1354 4389 placuit
1372 4338 1465 4395 opua;
1483 4331 1619 4401 quianeo
1634 4342 1718 4411 quasi
1734 4345 1866 4424 incogni-

158 4391 296 4445 mentum
309 4387 642 4463 estnuncupatum,vel
659 4388 736 4461 quod
766 4386 986 4447 divinavirtute
1040 4407 1090 4459 tua
1105 4402 1190 4460 Pater
1204 4406 1254 4477 qui
1271 4408 1449 4482 complacuit
1475 4416 1506 4472 in
1531 4420 1614 4489 lilio,
1631 4427 1865 4511 sicuteorlptum

160 4476 314 4534 firmatum
329 4478 378 4548 ait,
406 4479 485 4535 sicut
512 4477 665 4551 Scriptura
685 4494 740 4535 nus
755 4476 849 4534 docet:
864 4478 984 4537 dicens:
1040 4493 1222 4563 agag-maest
1236 4494 1325 4551 Filia,
1349 4514 1427 4557 mm
1453 4504 1578 4576 gamm,
1601 4515 1631 4568 ,ιη
1653 4518 1703 4575 32
1718 4538 1771 4593 quo
1794 4530 1867 4587 mim

158 4565 281 4623 laudm
314 4582 377 4623 eum
400 4569 430 4624 ie
461 4567 637 4638 tenemento
668 4568 778 4625 uirtutis
796 4568 864 4640 ejus
896 4568 984 4642 (Paul.
999 4596 1025 4664 D
1039 4583 1194 4655 complacui
1204 4582 1309 4656 (flunt.
1324 4602 1367 4656 ru,
1383 4589 1439 4663 17).
1455 4594 1516 4650 Scit
1529 4604 1629 4659 autem
1641 4614 1865 4683 samperffliliug

162 4670 208 4725 a,
226 4656 263 4727 1),
1039 4670 1220 4727 veluntatem
1234 4672 1340 4743 Patris,
1365 4682 1395 4734 et
1407 4678 1493 4739 Pater
1516 4685 1593 4758 Filii,
1608 4695 1638 4748 et
1650 4697 1733 4754 audit
1746 4704 1863 4762 Patrem

1437 2724 1546 2790 Peter:
1577 2736 1677 2798 laudat
1690 2656 1877 2819 Patequifgo

196 4798 254 4873 (53)
281 4798 358 4883 Edit,
388 4800 452 4858 Ert-
477 4804 507 4857 θῑ
536 4764 713 4873 ῡθῑῖΰθῦῒθθὶὶ
729 4809 778 4887 aa
800 4812 844 4860 τοῦ
861 4810 986 4877 oppidio
1040 4830 1128 4899 usum
1143 4814 1469 4899 reperiasbaatum'lob
1483 4842 1592 4901 xxvuu,
1608 4836 1767 4904 2;†videsia
1782 4840 1861 4914 glos·

158 4872 258 4943 (Rom.
289 4871 371 4927 addit
396 4873 439 4928 uel
466 4880 576 4946 ὁρᾶσθαι,
607 4872 678 4946 quoe
706 4874 833 4931 emautur
858 4886 905 4945 aqu
923 4884 985 4946 ὅλην
1040 4886 1216 4943 emaculari.
1233 4888 1500 4953 edietumloeum.

206 4968 222 4999 ν
248 4953 342 5002 ἀνωθεν
368 4954 424 5017 γῆν.
439 4943 509 5000 Mas.
525 4952 573 5002 dat
597 4955 641 5002 eet
655 4954 756 5018 ὸρᾷπαι
775 4946 885 5014 dicitur,
915 4948 986 5020 quod
1074 4960 1131 5030 (55)
1146 4959 1190 5013 lta
1204 4959 1303 5031 plures
1317 4978 1352 5018 ae
1377 4967 1503 5036 potiores
1530 4987 1622 5041 mss.;
1643 4983 1673 5032 at
1686 4982 1859 5041 recentiores

157 4953 186 5071 ξ’
205 5025 297 5073 cetur.
312 5017 383 5075 ides.
398 5015 529 5088 quinque
544 5016 781 5089 probatissimi..
798 5018 868 5100 quod
881 5018 984 5075 dividi·
1038 5030 1150 5113 aliquot
1170 5034 1266 5113 ‘atque
1292 5032 1406 5104 edit.,a
1432 5038 1532 5108 finitus
1557 5045 1628 5107 celi,
1651 5063 1722 5117 rore,
1738 5054 1764 5106 et
1778 5054 1858 5128 atys.

158 5092 214 5143 tur.
232 5090 269 5144 At
285 5104 348 5161 que
363 5091 528 5159 sequuntur
555 5087 655 5144 Graeca
681 5089 779 5158 verba,
808 5092 985 5147 rtaconfnae
1036 5118 1077 5157 aar
1102 5106 1222 5174 fontium
1243 5102 1370 5161 &orsum
1391 5112 1582 5166 sevientibus:
1597 5113 1695 5190 Vulg„
1717 5120 1750 5177 de

159 5159 343 5227 scribuntur,
359 5158 556 5216 utaucmiua
570 5173 757 5231 eorumquae
768 5160 982 5230 consuluimus,
1036 5173 1100 5228 coela·
1122 5180 1149 5229 et
1171 5188 1233 5229 rore
1268 5178 1350 5248 etque
1383 5179 1481 5252 elyseo
1511 5197 1545 5236 eu
1569 5186 1690 5258 'uentu
1714 5141 1859 5262 1.less

157 5229 184 5286 le
208 5230 391 5303 'potuerint
406 5230 625 5286 Subodoramur
653 5234 752 5287 tamen
767 5248 819 5305 per
833 5230 894 5315 bac
908 5248 982 5291 nou·
1035 5241 1100 5310 ὁρῶν
1133 5240 1249 5309 οὐρανοῦ,
1284 5248 1326 5295 eet
1351 5245 1451 5311 δρόσου,
1478 5251 1520 5299 aet
1563 5255 1595 5301 ut
1625 5258 1742 5313 atoma
1770 5272 1858 5333 maa

157 5305 185 5357 ni
211 5301 232 5358 il
248 5302 286 5359 de
299 5301 441 5359 divisione
455 5299 553 5357 ocella
580 5301 688 5358 circulo
704 5301 852 5360 horizonte
866 5308 982 5376 signata
1034 5316 1152 5366 matie.

158 5372 319 5457 ifldifflin
585 5442 591 5457 ,
712 5445 740 5457 ,,
830 5446 836 5459 ,
1072 5393 1131 5460 (56)
1146 5390 1230 5447 Rom.
1258 5389 1340 5459 edit,
1359 5391 1454 5475 aulius
1477 5395 1597 5454 nubibus
1616 5403 1704 5461 imber
1726 5412 1881 5483 erumpas

192 5445 251 5519 (54)
266 5444 355 5513 aaa,
371 5441 618 5503 nonnullarum.
631 5444 758 5501 volutum
771 5444 875 5516 salaci
889 5452 981 5516 υοὶαη.
1069 5464 1127 5536 (5³)
1142 5462 1211 5518 ΡΜ)
1225 5475 1309 5516 νοω,
1323 5478 1416 5533 mmp,
1438 5468 1577 5538 pamm,
1601 5474 1720 5533 additur
1741 5482 1771 5534 in
1785 5483 1855 5541 edit·

156 5518 296 5589 desuper
322 5524 432 5583 terrum
460 5530 537 5572 tecue
555 5516 762 5590 presumentem
786 5517 857 5573 coelt'·
875 5518 978 5588 LXX...
1032 5544 1083 5593 aaa
1093 5534 1242 5610 penetrari.
1272 5532 1308 5586 Et
1336 5549 1419 5588 num.
1450 5538 1493 5603 17,
1510 5548 1575 5612 post
1600 5546 1719 5619 plotium
1734 5552 1791 5622 oei,
1805 5554 1858 5610 ad.

157 5597 196 5644 tet
224 5597 270 5657 τῆς
307 5598 351 5661 γῆς
388 5612 434 5673 aee
474 5598 503 5646 τὸ
541 5596 670 5663 areptupe
703 5598 747 5646 τοῦ
783 5598 896 5665 οὐρανοῦ.
927 5600 979 5661 Hic
1032 5608 1115 5665 ditur
1128 5607 1157 5661 in
1172 5604 1283 5659 eisdem
1298 5606 1325 5660 a
1343 5619 1425 5678 apere
1444 5624 1579 5671 manaem
1599 5618 1670 5693 φα.
1693 5620 1855 5697 Utrumque

155 5664 258 5719 autem
274 5658 433 5734 significari
448 5658 567 5735 angelos
582 5661 659 5718 clare
672 5660 837 5719 ostenditur
854 5682 890 5723 ex
909 5674 978 5732 Am.
1032 5680 1115 5736 ῥοθεῖ
1129 5678 1158 5732 in
1172 5691 1244 5731 mss,

155 5730 255 5793 brasio
269 5728 290 5791 l.
309 5748 319 5793 1
333 5732 370 5792 de
397 5730 554 5825 interpell,
584 5748 610 5793 o.
625 5733 653 5807 9,
683 5732 791 5793 liudem
806 5742 978 5820 metaphora
1067 5749 1122 5828 (58)
1138 5749 1246 5806 Omnes
1260 5745 1346 5823 edit,
1360 5756 1493 5830 emptura
1505 5755 1638 5825 alberiae
