4159 6184
227 212 284 273 aar
537 204 538 207 ‘
961 228 992 288 s.
1018 226 1207 294 anaaosrr
1875 244 1931 307 aaa

230 344 315 403 Multi
332 348 411 404 enim
426 354 545 425 propter
559 353 668 411 nimias
696 353 866 428 iniquitates
883 374 939 414 aaa
962 360 1055 416 susci·
1070 361 1099 429 Α
1115 363 1228 422 malitia
1242 382 1307 424 esse
1320 367 1488 427 videamur:
1505 371 1622 442 quanda
1637 370 1748 444 lenum,
1761 372 1794 430 in
1808 375 1932 447 quadam

133 512 141 527 .
227 434 438 514 piuntpeccati
468 443 686 499 conscientiam.
711 444 749 500 At
773 462 839 502 vera
856 445 963 520 illequi
990 449 1051 505 ait:
1107 470 1265 525 processu:
1283 459 1401 529 quando
1426 476 1494 515 vara
1510 476 1626 533 panem,
1644 478 1713 519 cum
1734 468 1935 522 consummata

229 522 445 601 Custipacarpea
459 546 561 599 meum,
576 537 602 589 et
615 533 745 589 serriteti
769 534 864 605 redipo
879 536 904 608 (l
932 536 992 593 Cor.
1013 555 1052 606 ur,
1108 543 1442 621 l'uaritlartitudo.Ergo
1457 552 1486 604 et
1501 566 1553 605 aas
1569 549 1736 608 habeamus
1750 568 1854 626 praesa
1869 569 1932 611 aum

229 612 286 686 20),
299 617 492 677 contristatur
507 622 536 677 in
552 626 719 679 nostrorum
735 624 907 697 paenitentia
921 632 1053 699 peccata·
1108 632 1172 687 rita
1186 633 1287 705 hujus,
1303 636 1380 692 sicut
1393 637 1498 693 habuit
1514 642 1543 694 et
1566 638 1676 697 Paulus
1692 640 1743 712 qai
1764 641 1855 699 dicit:
1872 643 1932 700 Viae

229 706 866 783 rum:quiasuamntadelictanaohabuit‚
894 720 927 771 ut
959 716 987 771 io
1007 714 1054 772 bis
1107 724 1265 794 ouurnjam
1278 741 1335 780 stoa
1349 726 1514 797 epoffiolot.
1531 743 1562 793 ιι,
1580 727 1638 799 20).
1654 728 1710 785 hoa
1732 734 1788 801 est,
1805 745 1864 785 noa
1885 745 1935 803 ega

228 794 397 890 contristari
412 798 538 854 deberat.
553 799 684 873 Denique
699 804 817 860 etnobis
833 806 936 861 suadet
951 804 1053 862 utilem
1108 810 1158 881 qui
1174 815 1281 867 terram
1291 817 1359 869 aute
1372 816 1605 872 manducabam:
1622 833 1681 873 uon
1696 833 1750 890 ego
1760 818 1811 890 qui
1827 818 1935 888 lenum,

229 885 648 961 istamessetristitiam,quaa
673 893 835 949 secuudum
861 894 962 963 Deum,
993 911 1052 950 aaa
1107 900 1504 970 qniaamniscaraleuum:
1540 903 1592 960 Sed
1621 905 1690 960 aicit
1721 907 1753 962 in
1784 923 1828 963 me
1861 907 1932 965 181

229 971 391 1026 seeundum
409 972 550 1030 saeculum
567 980 620 1032 est.
638 977 767 1051 Oportet,
785 982 891 1053 inquit,
912 999 963 1038 rae
983 1000 1052 1038 arao·
1108 986 1232 1043 Cleristaa
1247 990 1351 1062 (ibid),
1368 991 1423 1047 hac
1438 996 1492 1060 cst,
1509 993 1579 1048 vivit
1599 992 1686 1066 panis
1707 982 1757 1051 ille
1780 995 1862 1053 virus
1884 997 1935 1068 qui

120 1116 122 1119 ,
228 1058 339 1115 tristari
355 1060 385 1116 in
400 1062 603 1134 poeaiteatiarn
633 1069 797 1125 secandum
823 1070 913 1126 Deum
933 1073 969 1143 (ll
989 1072 1050 1127 Car.
1106 1076 1311 1145 venitecaela,
1327 1079 1398 1135 vivit
1412 1080 1651 1153 sapientiaririt
1665 1083 1769 1155 gralia,
1784 1082 1857 1139 vivit
1870 1084 1935 1155 jua-

227 1164 275 1217 ιιι,
291 1148 319 1218 9,
336 1150 381 1223 10)
396 1168 403 1219 ;
420 1169 488 1209 nam
504 1157 668 1212 secundum
685 1162 774 1215 Deum
790 1159 912 1217 tristitia
925 1161 1051 1217 salutem
1106 1164 1182 1232 titia,
1193 1165 1262 1221 vivit
1276 1168 1462 1224 resurrectio.

226 1240 484 1310 operatur,saeouli
500 1248 598 1301 autem
626 1247 745 1304 tristitia
762 1253 885 1305 mortem
901 1253 1049 1322 operatur.
1142 1255 1188 1309 77.
1210 1254 1319 1311 Deinde
1341 1257 1495 1314 considera
1523 1258 1592 1331 quia
1614 1276 1671 1314 nan
1694 1263 1739 1316 est
1761 1258 1934 1317 maledictus

226 1325 281 1385 Sed
296 1332 325 1385 et
335 1329 371 1384 da
381 1329 478 1387 Veteri
487 1333 674 1393 Testamenta
685 1338 783 1410 accipe
793 1337 859 1395 illas
870 1340 906 1395 ad
925 1339 1050 1413 gratiam
1106 1341 1204 1410 harno,
1222 1344 1272 1400 sed
1289 1344 1461 1402 maledictus
1476 1352 1521 1403 est
1536 1364 1680 1421 serpens:
1700 1365 1752 1405 nec
1767 1348 1889 1405 terrain
1905 1365 1938 1406 aa

224 1418 400 1493 parvenisse,
417 1420 467 1492 qui
481 1422 732 1482 contristabantur
745 1425 775 1481 in
792 1428 929 1499 operibus
949 1445 1050 1501 corpo·
1106 1431 1261 1488 maledieta
1274 1440 1336 1503 est;
1358 1435 1409 1490 sed
1434 1435 1602 1505 Maledicte,
1627 1436 1733 1510 inquit,
1756 1440 1788 1494 ia
1811 1440 1939 1511 operibus

226 1502 336 1563 ralibus
350 1525 356 1576 ;
370 1507 435 1564 illos
449 1526 517 1567 vero
528 1511 558 1567 in
574 1513 718 1587 supplicia
734 1517 921 1584 remansisse,
939 1517 989 1590 qui
1001 1519 1051 1574 de·
1106 1520 1161 1573 tuis
1176 1518 1252 1587 (Gen.
1270 1537 1311 1587 nr,
1329 1521 1385 1593 tr),
1402 1522 1480 1594 quad
1496 1523 1532 1578 ad
1547 1522 1642 1579 Adam
1663 1524 1775 1581 dictum
1800 1530 1845 1582 est
1866 1525 1937 1599 (82).

224 1589 407 1651 luctabantur
419 1596 618 1670 hujusmundi
628 1604 774 1675 operibus.
787 1606 917 1679 Denique
939 1606 1051 1663 Habraei
1106 1608 1189 1664 'luna
1205 1613 1283 1665 terra
1298 1609 1454 1683 maledieta
1468 1614 1522 1679 est,
1538 1612 1564 1668 si
1576 1612 1686 1669 habeas
1701 1630 1790 1687 opera
1809 1618 1937 1685 terrena,

225 1682 276 1753 qui
293 1683 526 1757 ingemiscebant
548 1689 579 1745 in
607 1690 758 1749 laboribus
773 1694 887 1769 AEgypti
900 1696 996 1768 (deod.
1017 1713 1050 1765 ιι,
1066 1733 1090 1798 Β
1106 1696 1135 1750 id
1151 1700 1196 1752 est
1210 1713 1298 1769 opera
1314 1698 1474 1756 secularia.
1496 1702 1531 1757 Et
1557 1700 1713 1758 maledicta
1736 1719 1794 1758 non
1814 1702 1845 1759 in
1870 1703 1938 1759 uni·

223 1771 440 1843 2ll,justaram
452 1776 577 1849 gratiam
594 1782 744 1838 consecuti
760 1788 839 1839 sunt.
857 1785 891 1841 Et
906 1785 976 1858 qula
1000 1802 1051 1859 pa·
1111 1802 1243 1855 versurn;
1264 1789 1315 1843 sad
1340 1792 1374 1844 ut
1394 1789 1496 1861 spinas
1519 1794 1548 1846 et
1572 1789 1697 1848 tribulos
1720 1796 1848 1865 generat,
1877 1792 1938 1849 nisi

224 1876 292 1915 nam
308 1860 338 1915 in
353 1862 474 1921 tristitia
488 1868 750 1943 manducaverunt,
768 1888 835 1929 asoa
860 1874 958 1931 donati
987 1878 1058 1931 suut
1111 1876 1541 1935 182lueritbumanestudia
1565 1879 1742 1951 operationis
1767 1880 1936 1937 exercitata.

224 1948 348 2021 spiritali
365 1951 374 2025 (
390 1954 475 2022 daed,
488 1973 545 2012 xvr.
563 1958 598 2013 15
612 1963 640 2015 et
664 1960 732 2032 esq.)
750 1979 757 2029 ;
773 1962 898 2035 AEgyptii
917 1980 984 2020 vcra
1003 1972 1056 2036 qui
1110 1964 1191 2028 Quod
1205 1965 1231 2020 si
1245 1982 1309 2042 aaut
1329 1966 1556 2037 exercuerimus,
1584 1969 1613 2024 in
1640 1967 1739 2025 labora
1763 1969 1881 2042 quidem
1906 1974 1939 2026 et

223 2035 293 2094 talia
306 2056 395 2113 opera
409 2059 476 2099 aum
499 2044 676 2104 exultatione
695 2049 892 2121 celebrabant,
922 2052 983 2125 regi
1001 2052 1053 2109 de·
1108 2053 1397 2123 sudore‚sedtomeo
1413 2072 1518 2127 paoem
1539 2057 1785 2114 manducabimus
1797 2057 1863 2131 (83).
1879 2058 1938 2114 Re·

222 2127 352 2183 laetabili
365 2131 534 2201 servientes,
551 2134 664 2192 nullam
680 2137 793 2195 veniam
815 2144 884 2195 sunt
900 2140 1006 2212 adepti.
1109 2148 1220 2214 pugnat
1233 2142 1313 2197 anim
1328 2141 1374 2198 lex
1386 2144 1483 2200 earnis
1495 2144 1552 2218 legi
1568 2146 1686 2203 mentis.
1699 2146 1939 2204 Etlabarandum

254 2222 307 2277 de.
325 2219 380 2276 Sed
397 2226 442 2277 est
456 2224 485 2278 et
499 2222 549 2279 illa
563 2224 723 2295 distinctio,
740 2228 818 2299 quod
836 2228 963 2300 serpenti
982 2229 1053 2285 dici·
1107 2229 1192 2285 nabis
1207 2233 1252 2286 est
1265 2247 1299 2287 ac
1316 2231 1534 2302 desudandum,
1557 2240 1591 2290 ut
1613 2234 1792 2308 castigemus
1816 2252 1940 2309 carpus,

220 2316 270 2368 tur
285 2308 354 2383 quia
374 2312 483 2365 terram
499 2313 708 2383 manducabit;
724 2317 791 2371 Ada
808 2320 905 2373 autem
925 2336 931 2373 :
954 2320 984 2373 la
999 2321 1050 2374 tri-
1105 2324 1134 2374 ct
1148 2319 1279 2375 servituti
1293 2321 1474 2394 redigamus,
1489 2327 1518 2379 ct
1541 2339 1606 2395 quaa
1634 2329 1704 2380 sunt
1729 2325 1875 2398 spiritalia
1892 2342 1943 2383 se·

219 2402 309 2470 aditio,
324 2396 422 2470 iuquit
443 2401 629 2472 manducatis,
653 2411 756 2460 etcum
781 2406 878 2463 sudore
900 2407 1050 2463 manduea-
1105 2408 1262 2464 minemus.
1285 2409 1313 2462 si
1342 2409 1422 2465 anim
1441 2409 1575 2467 carnalia
1593 2412 1846 2483 seminaverimus,
1874 2429 1943 2486 quaa

219 2492 262 2548 bis
276 2490 342 2563 (81),
374 2495 399 2544 et
431 2492 609 2549 manducabis
634 2496 729 2565 senum
756 2496 907 2569 apri(Cea.
931 2515 973 2564 ιιι,
1003 2498 1048 2567 18,
1104 2497 1233 2552 carnulia
1249 2502 1319 2553 suut
1334 2504 1498 2555 metemus:
1515 2499 1541 2554 si
1556 2516 1624 2556 vera
1639 2500 1786 2572 spiritalia
1805 2501 1940 2558 semina-

220 2580 276 2653 19);
293 2584 327 2638 ut
341 2585 501 2656 quemdam
517 2583 719 2657 intelligamus
735 2585 765 2641 ia
783 2584 830 2643 his
845 2602 911 2642 esse
934 2602 1049 2660 proces·
1102 2585 1241 2655 serimus,
1258 2590 1406 2643 metemus
1420 2603 1455 2643 aa
1469 2604 1535 2660 que
1548 2587 1774 2662 suatoplritalia
1789 2590 1827 2663 (S.
1848 2591 1936 2663 Aac„

218 2672 585 2745 sumetquaadaterrum
610 2673 836 2744 manducamus,
865 2676 895 2730 in
918 2676 1046 2747 quadam
1102 2676 1121 2730 t.
1140 2691 1159 2731 ιι
1176 2676 1458 2747 θοιιί.1ιιὶ.Ροὶα9..,
1475 2676 1555 2749 eb).

255 2840 401 2923 (altsig,
429 2842 522 2910 Gem,
548 2843 649 2909 Tora„
674 2842 725 2898 SS.
752 2841 807 2897 Th.
832 2847 860 2898 et
884 2842 982 2899 Micb..
1012 2846 1045 2900 la
1132 2848 1144 2987 p

251 2912 256 2922 ⁶
289 2912 317 2924 Η
1145 2844 1190 2986 82p
1203 2843 1290 2915 Clau,
1306 2844 1388 2900 Rem.
1402 2848 1431 2900 at
1445 2844 1474 2900 S.
1489 2845 1556 2915 rh,
1571 2846 1608 2902 od
1621 2849 1745 2904 animam
1760 2848 1929 2907 dictumest.

218 2914 456 2985 trutetto,2aquit,
486 2914 664 2969 manducatis
686 2916 782 2985 seneen
804 2916 877 2984 apri,
901 2922 935 2975 ut,
949 2932 1042 2988 quem-

1144 2915 1178 2969 83
1216 2915 1291 2971 Edit.
1318 2915 1413 2984 Ram,
1435 2916 1513 2985 Quod
1530 2934 1556 2973 sa
1577 2919 1662 2975 etiam
1683 2921 1928 2979 exemerimus...

217 2980 292 3053 dom,
306 2985 360 3039 etc.
1096 2986 1194 3043 sudore
1208 2988 1330 3049 emarus:
1345 2987 1393 3044 sed
1404 2991 1508 3060 tamen,
1523 2993 1578 3046 etc.

217 3199 1928 3235 :mm

468 3376 526 3463 IN
556 3374 759 3466 LIBROS
787 3378 860 3465 DE
889 3376 1019 3465 CAIN
1047 3378 1120 3463 ET
1149 3378 1290 3464 ABEL
1319 3374 1659 3467 ADMONITIO.

246 3686 418 3743 Ambrosias
434 3688 462 3743 in
479 3688 542 3761 ipso
555 3689 672 3745 exordia
687 3687 754 3743 libri
770 3688 806 3745 De
827 3689 1021 3744 lneoraatioae
1039 3689 1184 3746 dominico
1208 3687 1331 3760 loquens
1356 3688 1392 3744 de
1416 3689 1533 3745 duobus
1559 3688 1690 3746 Gratiani
1714 3688 1925 3759 cubiculariis,

211 3776 324 3832 Ariana
338 3780 423 3833 secta
438 3777 618 3846 bominibus,
636 3778 685 3850 qui
702 3778 766 3848 ejus
777 3778 908 3833 canciani
924 3778 989 3834 date
1003 3777 1125 3850 polliciti
1140 3795 1204 3835 sese
1220 3778 1382 3847 adiuturos,
1393 3776 1552 3850 obligatam
1564 3777 1654 3833 tidem
1669 3793 1727 3833 aaa
1740 3776 1928 3851 liberabant,

209 3882 374 3923 sermenem
389 3868 424 3923 ad
440 3866 608 3923 institutam
622 3867 702 3923 Caini
719 3870 747 3921 et
761 3866 859 3921 Abelis
875 3866 1027 3922 historiam
1043 3883 1074 3923 se
1095 3870 1261 3924 convertere
1276 3866 1438 3940 profitetur.
1449 3867 1544 3939 ltaque
1556 3866 1625 3921 dum
1643 3867 1700 3933 itti,
1724 3866 1833 3939 inquit,
1858 3870 1925 3940 fer·

207 3956 280 4011 ritca
291 3960 415 4021 veniunt,
431 3955 467 4012 ud
483 3958 548 4011 istos
562 3957 611 4027 qui
620 3957 754 4028 propositi
768 3963 840 4021 sant,
857 3954 1030 4025 deflectamus
1046 3958 1195 4025 agricolas,
1210 3971 1327 4028 quoram
1340 3956 1422 4021 ulter,
1445 3954 1495 4009 hae
1513 3962 1553 4011 est
1576 3955 1655 4025 Gaia,
1679 3959 1733 4011 etc.
1748 3955 1787 4011 Ex
1806 3954 1926 4029 quibua

208 4060 277 4100 eane
291 4060 349 4099 non
364 4042 436 4101 levis
450 4043 578 4116 suspicio
594 4045 674 4115 injici
691 4048 786 4116 potest
800 4044 1081 4100 commentationem
1097 4045 1133 4099 da
1148 4044 1218 4100 Cain
1234 4048 1263 4100 st
1275 4043 1347 4100 Abel
1362 4042 1441 4099 haud
1453 4042 1537 4115 prius
1560 4043 1670 4099 editam
1694 4043 1797 4111 luisse,
1824 4061 1925 4117 quam

206 4133 257 4191 illa
272 4132 530 4208 pronuntiarentur
544 4133 579 4188 ab
595 4132 757 4189 Ambrosio.
772 4133 805 4187 Et
820 4132 889 4188 haic
904 4133 1077 4203 conjectura
1093 4132 1161 4187 inde
1176 4132 1310 4187 iodassis
1321 4131 1455 4188 aaunihil
1465 4132 1600 4188 videatur
1612 4130 1747 4188 accedere
1762 4133 1928 4192 conflrma-

206 4224 305 4291 tioois,
322 4223 399 4295 quod
413 4226 441 4279 et
455 4221 557 4277 eadem
573 4220 655 4289 tides,
673 4236 760 4292 quam
777 4220 820 4275 vir
835 4224 956 4276 sanetus
971 4220 999 4275 io
1017 4219 1092 4275 libro
1105 4221 1143 4275 De
1157 4221 1350 4277 incursatione
1365 4221 1481 4278 Ananis
1496 4218 1649 4294 explicato,
1665 4220 1754 4277 etiam
1774 4220 1806 4276 in
1827 4237 1926 4294 apere

204 4314 239 4367 de
255 4327 312 4383 qao
323 4310 450 4381 agimus,
463 4308 624 4381 plurimum
634 4308 866 4375 commendatur,
878 4312 906 4363 et
916 4308 946 4363 in
957 4312 1083 4380 utroque
1096 4310 1198 4365 eadam
1213 4308 1359 4389 Gepeaeos
1373 4310 1460 4365 verba
1476 4325 1534 4365 nan
1549 4306 1680 4365 absimili
1695 4308 1809 4365 ratione
1824 4326 1927 4383 expo·

204 4403 321 4457 nentur.
351 4400 424 4455 Cum
439 4401 538 4453 autem
550 4400 712 4453 memorata
727 4396 885 4469 disputatio
900 4398 937 4453 lle
950 4397 1145 4453 loeumotiaae
1156 4397 1300 4452 Dauidica
1323 4398 1371 4451 vix
1394 4400 1462 4453 ante
1480 4413 1592 4453 anuum
1614 4396 1677 4463 382,
1707 4400 1740 4451 ut
1767 4412 1823 4453 sua
1849 4397 1925 4458 laco

203 4488 328 4552 dicetur,
343 4485 443 4541 habita
459 4486 555 4551 luerit,
566 4484 635 4541 hinc
651 4486 749 4543 forsan
764 4485 858 4558 possit
867 4485 974 4558 aliquis
985 4483 1121 4559 colligere
1131 4483 1226 4541 eidem
1239 4500 1355 4557 quaque
1365 4485 1490 4557 tempori
1503 4487 1661 4540 tractatam
1672 4484 1707 4540 de
1717 4484 1786 4541 Cain
1797 4489 1828 4541 et
1839 4487 1924 4544 Abel

202 4591 267 4632 asse
283 4575 483 4631 tribuendum.
498 4574 706 4631 Verumtamen
722 4580 754 4630 ut
769 4575 846 4631 buna
862 4574 1059 4646 antiquiorem
1073 4573 1286 4642 existimemus,
1302 4577 1336 4629 ut
1351 4577 1417 4645 pote
1430 4573 1510 4646 operi
1524 4574 1562 4629 lle
1578 4573 1710 4645 paradiso
1734 4589 1923 4646 supparem,

201 4664 305 4737 primis
321 4664 451 4734 ejusdem
467 4662 565 4719 verbis
580 4663 763 4719 adducimur.
781 4664 820 4719 lbi
838 4663 985 4735 siquidem
1001 4662 1043 4717 ita
1058 4662 1087 4717 S.
1104 4661 1221 4718 doctor:
1249 4662 1287 4717 De
1315 4660 1456 4734 paradiso,
1481 4662 1587 4733 inquit,
1618 4663 1648 4717 ia
1681 4663 1918 4733 superioribus...

198 4753 393 4825 digessimus...
419 4754 500 4807 Noae
522 4755 676 4823 sequentem
695 4752 857 4807 adoriemur
877 4753 1021 4807 hammam
1043 4753 1069 4805 et
1090 4765 1122 4806 ec
1143 4766 1203 4821 quae
1224 4750 1373 4806 seeundum
1396 4749 1551 4820 sciptum
1570 4750 1680 4806 adamo
1692 4758 1757 4806 suat
1786 4749 1923 4821 divim

197 4846 290 4898 aestro
304 4856 384 4913 opere
396 4856 604 4913 prosequamur.
621 4840 686 4895 Haec
715 4843 790 4895 certe
806 4840 941 4896 dubitare
956 4839 1128 4910 neutiquam
1143 4838 1255 4907 sinuat,
1267 4837 1337 4909 quin
1348 4836 1494 4912 appellem
1506 4838 1654 4910 hancque
1664 4837 1694 4893 iu
1709 4838 1923 4897 msaduobus

199 4934 265 5003 post
280 4928 388 4986 librum
404 4931 442 4985 Dc
454 4929 581 5002 paradiso
597 4933 723 4989 exarata,
741 4928 911 4983 inscribitur
930 4930 966 4983 lle
991 4927 1061 4983 Cain
1085 4935 1111 4982 et
1135 4927 1199 4980 lect
1224 4927 1294 4982 tiber
1318 4927 1461 4995 meandris,
1485 4927 1579 4983 eidem
1600 4925 1676 4984 libro
1700 4926 1922 4999 subiunxerit;

197 5034 286 5092 quam
303 5018 424 5092 proinde
439 5018 555 5075 circiter
569 5035 616 5073 ao.
630 5019 693 5082 375,
709 5017 849 5088 scriptam
866 5017 956 5074 luisse
972 5016 1193 5072 crediderimus.
1216 5014 1322 5071 Praeter
1344 5017 1527 5088 conjecturas
1553 5032 1572 5071 a
1599 5015 1685 5072 nabis
1705 5014 1735 5069 iu
1759 5015 1926 5089 superiori

197 5106 398 5163 admonitione
413 5106 589 5180 propositus,
607 5105 664 5160 buc
679 5106 766 5160 etiarn
783 5104 853 5160 lacit
867 5105 1023 5176 utriusque
1038 5101 1133 5175 operia
1149 5100 1309 5169 character,
1326 5103 1375 5173 qui
1391 5102 1481 5158 dubio
1497 5100 1597 5176 procul
1613 5118 1671 5158 nan
1686 5105 1925 5176 tantamquan·

195 5210 257 5250 tam
272 5194 409 5261 aliorum,
428 5194 625 5251 maturitatem
642 5194 767 5266 praefert,
785 5194 835 5249 sad
851 5194 980 5266 quadam
995 5192 1093 5258 modo,
1110 5194 1143 5246 ut
1157 5206 1225 5246 roae
1251 5193 1370 5245 utamur
1391 5191 1548 5259 Ambrosii,
1566 5190 1776 5263 jurieneuleseit.
1803 5190 1925 5263 ltaque

196 5283 273 5355 qaod
290 5282 337 5339 ille
351 5284 380 5337 io
397 5284 458 5339 laco
474 5302 488 5341 e
504 5283 750 5340 commentatione
765 5285 802 5338 De
816 5282 1008 5338 laceraatiaae
1023 5280 1170 5337 Domiaiee
1184 5277 1321 5351 superius
1336 5276 1455 5335 laudato
1470 5295 1502 5335 se
1517 5280 1553 5335 ad
1569 5277 1693 5334 Gainum
1717 5281 1808 5350 atque
1830 5278 1923 5336 Abe-

194 5370 252 5426 iem
268 5371 419 5428 deflectere
435 5373 591 5447 significat,
609 5376 799 5429 autumamus
816 5370 882 5426 ideo
897 5370 1019 5435 dictum,
1045 5367 1115 5439 quia
1138 5368 1212 5423 torte
1235 5367 1390 5424 ambarum
1409 5366 1534 5424 fratrum
1552 5367 1683 5435 historia,
1707 5368 1794 5439 cujus
1819 5367 1926 5427 lectio

193 5461 353 5534 quotannis
368 5464 446 5519 carto
462 5467 594 5535 tempore
608 5460 638 5517 in
654 5460 783 5519 Ecclesia
797 5459 974 5528 recurrebat,
991 5462 1061 5514 tuae
1076 5457 1112 5513 ad
1127 5454 1269 5533 papulam
1285 5456 1379 5514 iuerat
1394 5456 1524 5514 recitata.

227 5546 369 5622 Quidnam
387 5554 530 5609 tractetur
545 5550 575 5609 in
589 5550 643 5607 hae
659 5568 755 5627 apere,
772 5554 836 5607 tum
851 5548 915 5625 ipsa
931 5548 995 5625 ejas
1011 5546 1174 5623 inscriptio,
1191 5548 1254 5605 tum
1270 5562 1333 5621 quc
1348 5564 1366 5605 a
1380 5546 1466 5607 aubia
1481 5562 1571 5625 supra
1586 5546 1664 5605 dieta
1674 5548 1754 5615 suat,
1764 5546 1838 5606 satis
1848 5545 1924 5607 de·
