4159 6184
215 311 275 379 627
946 312 978 376 S.
1002 306 1189 374 auuaosu
1841 311 1901 377 ttt*

213 449 330 509 videtur
342 446 439 523 colligi
453 464 540 523 posse
553 453 618 507 tum
629 450 706 522 quod
722 448 810 505 Jacob
827 446 943 503 dicandi
956 448 1163 519 argumentum
1187 439 1341 500 Ambrosio
1361 438 1541 514 suppeditet,
1568 441 1632 497 tum
1651 438 1731 513 quod
1754 440 1892 506 obscurum

214 555 272 596 non
287 539 326 595 sit
339 538 556 613 corruptionem
571 539 601 594 in
615 538 691 595 huno
708 535 803 593 locum
819 534 947 606 aliquam
962 534 1125 607 irrepsisse.
1141 532 1196 589 Ubi
1214 531 1294 587 enim
1309 547 1389 587 nuno
1402 529 1553 603 loscpb,ibi
1568 528 1639 587 olim
1652 529 1755 587 Esdros
1764 531 1895 605 legebatur

213 625 412 684 Nihilominus
424 632 523 684 tamen
539 642 605 683 cum
617 627 646 681 S.
663 624 770 698 presul
787 626 822 681 de
836 623 1010 680 Machabaeis
1024 620 1084 679 illis
1099 622 1223 678 disserat
1238 626 1303 693 post
1318 620 1425 677 iactam
1439 617 1560 692 losephi
1575 634 1664 692 quem
1678 618 1708 674 in
1723 619 1783 694 ipso
1797 639 1895 685 carcerc

212 713 380 773 felicitatem
396 732 481 773 suam
496 715 643 771 invenisse
658 712 932 781 docet,mentionem
947 728 954 779 ;
971 710 1018 767 hic
1033 710 1182 767 Senatorio
1196 713 1293 765 textus
1308 708 1424 764 defendi
1439 706 1739 779 potcsthmbrosiana
1751 713 1841 786 autom
1853 713 1898 772 illa

214 802 382 875 eloquentia
396 821 454 877 qua
467 803 565 861 locum
579 803 659 859 bunc
674 802 848 859 suavissime
863 800 997 873 pertundi
1012 799 1063 856 illo
1078 798 1295 865 animadvertit,
1312 797 1402 853 ctiam
1421 796 1490 853 alibi
1507 796 1618 869 passim
1633 795 1664 851 in
1675 795 1730 853 hoc
1743 814 1823 870 opera
1844 802 1896 858 olu-

216 895 261 949 oot
276 909 334 949 non
345 893 538 949 mediocriter.

251 981 339 1036 Extra
351 982 578 1038 controversiam
593 984 638 1037 est
649 980 768 1037 eosdem
783 979 837 1036 hos
852 978 942 1035 libros
957 994 973 1033 o
988 975 1179 1034 concionibus
1193 991 1267 1048 quas
1282 974 1318 1030 ad
1334 972 1476 1047 populum
1492 989 1581 1029 suum
1591 973 1742 1041 habuerat,
1755 976 1899 1034 concinna-

216 1071 261 1125 tos
276 1084 340 1125 esse
355 1086 363 1138 ;
379 1068 524 1141 siquidem
535 1073 638 1141 preter
652 1068 794 1125 oratorios
809 1067 926 1123 dicandi
941 1067 1045 1123 modos
1057 1064 1125 1121 istio
1138 1064 1207 1120 licet
1221 1064 1388 1129 observare,
1402 1061 1549 1135 expressis
1569 1062 1667 1119 verbis
1679 1062 1741 1134 ipse
1768 1062 1901 1137 signiticat

215 1157 304 1219 ‚verba
318 1172 350 1213 se
363 1158 456 1215 lacere
468 1162 534 1231 post
544 1157 697 1215 recitatum
712 1156 784 1213 illud
797 1155 997 1229 Evangelium,
1017 1154 1049 1211 in
1060 1169 1118 1226 quo
1132 1153 1242 1208 dicitnr
1257 1168 1264 1206 ε
1278 1153 1329 1209 liti
1342 1153 1486 1208 timueras
1501 1154 1576 1221 tuns,
1592 1151 1632 1207 iti
1645 1154 1673 1207 ct
1686 1166 1730 1207 cor
1745 1159 1819 1209 mom
1834 1170 1841 1209 ι
1866 1157 1901 1210 rt·

216 1248 261 1301 cut
275 1245 330 1317 lepi
343 1246 444 1321 (unu.
460 1264 498 1318 vr,
513 1248 571 1317 21),
581 1246 693 1319 inquit,
709 1245 813 1303 audisti
822 1245 902 1302 bodie
917 1244 989 1317 (bib.
1004 1260 1035 1311 ιι,
1052 1258 1116 1315 cap.
1131 1242 1161 1307 5,
1177 1258 1207 1308 n,
1222 1239 1279 1312 23).
1295 1238 1419 1295 Difficile
1433 1255 1500 1295 vero
1516 1239 1556 1297 sit
1570 1244 1642 1313 quot
1654 1240 1834 1297 sermonibus
1846 1244 1901 1298 tra·

216 1334 311 1389 ctalus
326 1333 368 1389 illi
382 1338 605 1407 componantur,
623 1334 744 1391 definire
760 1349 766 1390 :
785 1332 856 1389 illud
873 1333 977 1389 saltem
992 1332 1140 1388 affirmare
1155 1327 1223 1385 licet
1251 1328 1370 1385 eosdem
1386 1328 1422 1383 ad
1437 1327 1650 1402 neophytorum
1665 1343 1780 1401 gregem
1801 1328 1903 1386 habitos

216 1419 308 1478 fuisso
322 1422 405 1480 lestis
419 1423 606 1495 paschalibus
621 1422 690 1481 anni
705 1421 819 1479 circiter
829 1423 892 1491 387,
904 1438 963 1495 quo
972 1418 1139 1493 superiores
1154 1415 1245 1473 libros
1258 1416 1471 1489 pronuntiavit,
1485 1416 1574 1474 sicuti
1593 1416 1756 1474 evidentius
1780 1433 1813 1473 ex
1837 1416 1903 1475 libro

216 1509 254 1566 De
267 1510 363 1581 loseph
373 1512 538 1583 patriarcba
550 1509 718 1568 confirmari
734 1513 840 1583 potest.

250 1596 352 1654 Exstat
366 1598 495 1656 Philonis
509 1598 651 1671 scriptum
667 1597 721 1655 sub
737 1598 792 1653 hoc
807 1597 894 1653 titulo
911 1614 917 1651 :
936 1596 1010 1665 Quod
1025 1596 1114 1651 wenis
1135 1593 1236 1665 protus
1249 1594 1287 1648 sit
1308 1592 1397 1660 litcr;
1414 1592 1500 1665 cujus
1515 1609 1586 1650 sane
1608 1592 1731 1650 materh
1758 1609 1822 1649 oum
1849 1591 1905 1649 istis

213 1686 360 1743 Ambrosii
374 1686 629 1744 lucubrationibus
644 1686 722 1741 haud
738 1700 842 1758 parum
857 1684 946 1740 habat
960 1682 1124 1739 affinitatis.
1141 1680 1221 1737 Nihil
1234 1685 1332 1737 tomen
1348 1681 1494 1754 decerpsit
1508 1681 1577 1738 inde
1591 1682 1621 1738 S.
1638 1682 1756 1750 hoctor,
1775 1680 1831 1737 nisi
1845 1695 1904 1737 cum

214 1772 251 1831 da
265 1774 340 1831 lissa
352 1774 492 1847 loquitur.
509 1775 560 1831 lsti
574 1775 653 1831 onim
669 1772 811 1848 quidquid
824 1772 854 1828 in
867 1771 917 1828 illo
932 1771 1006 1829 libro
1021 1771 1167 1843 optimum
1183 1786 1216 1826 ao
1232 1771 1509 1843 prestantissimum
1522 1770 1696 1839 est,vidatur
1714 1769 1813 1827 dedita
1827 1786 1908 1843 opera

214 1860 292 1919 intra
306 1861 408 1919 medie
423 1861 542 1935 pagellae
557 1861 710 1936 angustias
725 1860 917 1918 contraxisse.

398 2268 401 2275 ·
545 2197 956 2359 SANCTI
1050 2194 1591 2364 auuuosii

837 2486 1125 2546 uumouanutsis
1144 2487 1301 2545 urlsuorl

460 2674 569 2805 DE
626 2669 899 2805 Jacob
952 2672 1061 2799 ET
1119 2671 1325 2804 vira
1384 2672 1667 2803 ΒΕΑΤΑ

888 2922 1032 3008 LIBRI
1059 2919 1186 3011 DUO
1207 2912 1260 3010 (⁴).

821 3274 1005 3363 LIBRI
1045 3274 1311 3366 PRIMUS.

402 3567 547 3624 441·Δῦ
566 3565 684 3623 CAPUT
703 3566 848 3623 PRIMUM
1054 3572 1082 3637 Α
1096 3565 1270 3642 stringimur
1284 3565 1466 3634 necessitate,
1482 3567 1534 3624 scd
1547 3565 1709 3625 voluntate
1725 3568 1850 3635 arbitra,
1874 3565 1928 3625 sive

218 3680 403 3739 Adstrictum
420 3680 595 3753 disciplinam
610 3682 976 3754 passionesquecocrcendos
990 3698 1039 3738 ns·
1096 3656 1132 3755 {d
1158 3654 1308 3755 *virtulem
1349 3656 1584 3755 Pfflpendflmuffi
1626 3655 1693 3714 ΒΜ
1737 3658 1776 3714 Μ
1816 3656 1926 3729 ⁰¹²¹le

255 3754 406 3810 maranum
419 3768 478 3810 aare
491 3768 643 3809 gammam
662 3752 836 3823 pascentem,
863 3768 895 3808 aa
922 3757 1043 3809 mensem
1095 3742 1284 3800 inclinamur.
1329 3744 1363 3799 lit
1401 3744 1467 3800 ideo
1510 3760 1564 3801 nos
1606 3748 1660 3801 aut
1705 3744 1786 3803 liber
1812 3744 1927 3802 adactus

255 3824 531 3907 ralionitinmiamt
558 3825 675 3907 22?th
702 3825 837 3879 rationem
852 3822 915 3879 licet
928 3826 1040 3879 omnino
1096 3831 1132 3886 ad
1159 3848 1287 3888 errorem
1309 3830 1409 3902 trahit,
1438 3836 1490 3888 aut
1517 3831 1655 3889 voluntas
1688 3838 1822 3903 mancat,
1849 3832 1930 3889 ratio·

254 3903 501 3967 mmmmm
515 3894 674 3951 mandere
695 3901 820 3965 ''eim‘’
845 3909 924 3965 p⁰⁸⁸⁶
949 3898 1043 3951 tamin
1096 3936 1163 3975 nem
1190 3924 1300 3976 secuta.
1318 3919 1417 3976 Passio
1433 3924 1533 3977 autem
1553 3920 1741 3995 gravissima
1756 3922 1852 3997 culpo
1866 3936 1930 3977 oon·

225 4011 228 4017 ·
253 3966 295 4023 ²²0²
309 3967 480 4037 immam*
492 3966 609 4022 'mim
619 3963 768 4021 'merari'
1096 4009 1275 4082 cupiscentia
1302 4013 1356 4077 eat,
1386 4025 1476 4082 quarn
1504 4008 1578 4066 ratio
1607 4011 1731 4068 emollit
1758 4016 1789 4069 et
1816 4008 1933 4083 compti·

255 4098 281 4154 l.
297 4097 536 4155 Necessariusad
555 4095 743 4169 disciplinam
767 4096 863 4153 bonus
902 4096 1043 4155 omnibus
1096 4096 1158 4153 mit.
1174 4096 1401 4153 limollireonim
1431 4101 1537 4171 potest,
1567 4098 1726 4158 eradicare
1754 4117 1817 4158 non
1844 4101 1933 4173 potest
2027 4163 2028 4170 q

219 4200 315 4242 sermo
331 4187 381 4256 (2),
397 4183 504 4258 planus
519 4183 705 4257 prudentie:
734 4187 763 4239 et
777 4200 860 4239 mens
875 4184 980 4241 rationi
995 4186 1040 4241 in·
1096 4184 1311 4258 (3);quoniam
1328 4184 1446 4242 animus
1461 4186 1512 4258 qui
1527 4189 1605 4244 m
1621 4192 1671 4244 est
1687 4188 1820 4247 rationis
1833 4202 1929 4259 capax,
2027 4179 2028 4224 ἶ

125 4336 131 4347 ¹
217 4276 299 4330 tenta
313 4271 464 4345 procurrit
477 4272 643 4341 virtutibus,
666 4271 818 4342 passiones
846 4276 967 4329 coercet.
989 4273 1042 4330 Do·
1096 4289 1153 4329 non
1168 4277 1213 4329 est
1228 4289 1350 4328 suarum
1366 4274 1539 4345 passionum
1564 4276 1725 4346 dominus,
1748 4278 1804 4335 sed
1824 4290 1930 4348 repreo·
2027 4297 2028 4300 ¹

219 4359 315 4417 nihilis
330 4360 408 4417 enim
434 4358 537 4417 virtus.
568 4359 696 4431 Denique
723 4359 820 4415 studio
849 4363 878 4415 et
902 4360 1041 4419 discendo
1095 4377 1154 4417 sor.
1169 4360 1268 4433 Neque
1282 4361 1362 4417 enim
1377 4361 1440 4418 ssori
1455 4366 1550 4434 potest
1566 4368 1600 4419 ut
1630 4364 1790 4423 l'aoilisad
1823 4366 1934 4422 iracun-

219 4446 389 4521 aoquiritur,
405 4446 619 4504 dissimulando
643 4446 797 4504 amittitur.
822 4447 959 4520 Alioquin
983 4450 1041 4506 nisi
1095 4449 1174 4505 diam
1189 4466 1246 4505 non
1265 4448 1502 4507 irascaturzsed
1518 4454 1550 4507 ut
1563 4451 1684 4510 rationo
1716 4471 1751 4512 se
1782 4454 1933 4528 temperet,
2027 4491 2028 4494 ,

219 4534 425 4594 sermobonus
451 4536 634 4593 necessarius
649 4538 725 4591 esset
753 4535 789 4591 ad
820 4537 1040 4607 correctionem,
1094 4536 1327 4611 indignationem
1356 4536 1534 4606 cohibente
1561 4540 1722 4611 puniendo
1744 4544 1787 4615 (t)
1803 4558 1836 4599 so
1863 4555 1937 4597 revo-

220 4639 384 4697 numquam
400 4623 457 4679 bea
471 4623 601 4680 diceret:
621 4646 632 4673 ι
649 4623 712 4679 Non
737 4623 915 4681 adulterabis
942 4626 1038 4699 (Enod.
1094 4630 1140 4682 ost
1155 4643 1163 4693 3
1179 4626 1255 4681 sicut
1267 4630 1295 4681 et
1310 4624 1455 4697 Propheta
1469 4643 1523 4684 nos
1539 4627 1625 4685 docet
1642 4628 1756 4689 dicens
1775 4650 1782 4687 :
1801 4654 1817 4684 s
1834 4626 1934 4686 lrasci·

217 4728 265 4785 xx,
284 4712 336 4781 ll).
353 4732 368 4761 a
384 4710 440 4769 Sed
456 4711 524 4782 quia
546 4712 643 4768 nudus
672 4727 767 4767 sermo
796 4712 832 4767 al
861 4715 1039 4773 monendum
1095 4714 1177 4781 mini,
1194 4717 1222 4770 ct
1241 4713 1330 4771 nolite
1356 4729 1477 4786 paccare
1502 4716 1587 4786 (Psoi.
1600 4733 1642 4785 ιν,
1676 4720 1720 4789 5).
1741 4743 1757 4771 ιι
1789 4715 1938 4778 Concussit

217 4800 310 4869 utilis,
326 4799 362 4856 ad
393 4800 631 4872 persuadendum
659 4799 794 4856 inssrrnus
822 4800 958 4867 antideo
987 4805 1039 4861 ad·
1094 4803 1172 4875 quod
1188 4804 1603 4877 naturaest:negaritquod
1620 4806 1726 4880 culpae
1742 4814 1802 4865 est.

217 4888 539 4947 hibendaestrationis
555 4892 638 4945 recto
666 4888 869 4957 consideratio,
902 4895 932 4946 ut
961 4895 1037 4964 quod
1127 4894 1155 4946 2.
1171 4889 1273 4946 Omnis
1286 4891 1384 4964 itaque
1398 4892 1591 4966 temperantia
1606 4910 1647 4951 ex
1664 4895 1751 4968 aliis,
1769 4912 1880 4955 nonex
1906 4910 1935 4952 so

217 4990 315 5035 sermo
329 4973 424 5032 bonus
451 4975 641 5049 prescripsit,
672 4975 745 5032 ratio
773 4975 888 5048 plenius
913 4982 1038 5039 tractata
1092 4978 1234 5051 originem
1246 4975 1347 5051 sumit,
1364 4979 1489 5053 ideoque
1504 4982 1639 5039 secunda
1658 4990 1721 5043 ost.
1738 4987 1817 5044 Nam
1833 4990 1884 5042 sut
1903 4983 1936 5039 de

215 5064 398 5138 persuadeat.
413 5062 476 5120 Non
493 5063 571 5121 enim
587 5062 684 5119 servili
700 5064 736 5119 ad
751 5064 949 5123 obediendum
965 5085 1037 5126 con·
1092 5066 1275 5124 naturalibus
1290 5067 1461 5141 suscipitur,
1476 5073 1527 5126 aut
1539 5072 1575 5127 de
1591 5072 1743 5133 utilibus.
1771 5076 1876 5150 Itaque
1890 5076 1938 5131 aut

251 5188 291 5330 ξιξ
305 5187 366 5243 Scri
388 5187 410 5242 ti
424 5188 492 5245 ciro.
514 5205 561 5245 an.
577 5188 639 5243 387.
1093 5194 1259 5257 wormes..
1273 5194 1418 5248 rationem.
1434 5192 1487 5249 Sed
1500 5201 1540 5251 est
1551 5197 1651 5267 poncio
1677 5203 1858 5271 prandeimo
1880 5198 1934 5255 cul·

262 5258 282 5313 2
307 5254 371 5313 Vst.
387 5259 469 5324 edit,
486 5259 521 5315 ad
535 5258 712 5330 disciplinam
728 5260 804 5315 bonis
827 5259 954 5315 omnibus
981 5278 1038 5317 ecr-
1089 5279 1127 5334 po
1140 5263 1376 5333 concupiscientia
1390 5263 1512 5338 (Long,
1538 5269 1780 5344 conscicntia)...
1812 5269 1936 5330 Emoltiri

215 5342 271 5395 mo,
295 5330 362 5393 etc,
386 5329 494 5400 quibus
523 5330 681 5387 concinunt
708 5346 781 5385 mss.
811 5330 939 5402 exceptis
963 5330 993 5386 Bi
1018 5374 1037 5401 .,
1092 5335 1437 5404 enimpotesterodiccri,
1453 5340 1508 5392 otc.
1525 5335 1647 5409 Reliqui
1666 5358 1748 5400 mss.
1766 5360 1805 5401 ac
1820 5344 1890 5403 edit.
1905 5344 1936 5396 ut

216 5394 414 5467 bong.,Valc.
432 5399 595 5467 etTheod.,
613 5400 745 5473 quicum
767 5400 850 5456 Rom.
882 5400 962 5469 edit,
992 5350 1038 5460 ih-
1092 5404 1122 5460 in
1136 5407 1229 5460 textu.

214 5482 268 5523 nus
281 5466 406 5522 omnibns
420 5484 522 5537 sermo,
547 5476 613 5537 otc,
631 5472 855 5544 moonplincn
869 5471 934 5527 toni
948 5476 1038 5529 omni·
1128 5475 1166 5602 (tp
1182 5475 1226 5530 lta
1240 5490 1311 5531 mss.
1326 5472 1452 5544 thuan,
1469 5476 1543 5551 big„
1564 5478 1677 5549 'lor-n„
1692 5484 1776 5542 Vict.
1801 5490 1831 5543 et
1858 5482 1934 5541 (loth.

216 5538 274 5604 tus,
290 5540 346 5593 etc.
363 5536 425 5593 Non
442 5540 528 5619 male.
562 5614 567 5623 Ι
1092 5549 1130 5601 At
1166 5543 1233 5615 alc,
1249 5546 1339 5618 bong.
1355 5550 1385 5603 ct
1398 5547 1520 5619 Theod,
1539 5566 1558 5605 c
1576 5559 1714 5620 peccato.
1727 5556 1789 5613 atii
1815 5571 1893 5621 voro,
1908 5558 1936 5608 ot

252 5607 290 5677 (3)
307 5606 391 5663 Rom.
407 5609 495 5677 edit,
511 5620 646 5669 rotronem
659 5621 751 5671 secuto
766 5628 773 5669 ε
789 5615 953 5684 pravissimo
976 5630 1037 5672 vcro
1091 5615 1172 5687 edit,
1188 5634 1221 5675 oc
1230 5616 1379 5689 puniendo.

214 5691 297 5734 conec
310 5678 396 5749 culpae
409 5682 635 5749 oncupiscentia,
658 5700 740 5757 pacm
768 5694 868 5756 tamen,
882 5689 937 5743 etc.
959 5686 1037 5753 Qua-
