4159 6184
571 373 622 435 lili
642 371 1014 436 ttt'tnnenbbt'flotttt
1035 372 1106 435 ton
1128 372 1180 435 ΕΤ
1200 371 1323 436 ntttb
1344 371 1421 435 ite.
1443 371 1497 436 111.

810 678 983 767 cinna
1013 677 1260 766 ananius
1292 634 1296 639 ’

737 887 789 946 aa
811 825 1182 948 tarnennamuonn
1204 883 1336 945 navio.

445 1177 562 1235 CAPUT
582 1178 737 1235 PRIMUM.
1021 1179 1109 1244 Aest
1122 1177 1151 1232 in
1166 1177 1233 1249 ipso
1247 1176 1344 1245 titulo,
1363 1178 1505 1235 defecisse
1532 1180 1662 1252 psalmos
1689 1183 1790 1255 David,
1815 1203 1891 1259 quo.

177 1266 265 1325 david
288 1266 449 1350 frequenter
476 1267 509 1323 de
524 1267 622 1324 saculi
643 1269 765 1324 uanitate
791 1268 953 1324 insanisse
977 1269 1007 1322 io
1063 1265 1151 1320 niodo
1166 1269 1266 1320 autern
1283 1264 1462 1335 deiecerunt,
1477 1285 1544 1325 cnm
1562 1271 1694 1329 decursis
1712 1273 1759 1330 bis
1788 1275 1889 1339 decem

212 1340 337 1412 iiil'mir
353 1338 401 1394 ³0‘i
410 1341 534 1394 maxime
549 1339 579 1393 ²⁸²¹
594 1356 679 1404 ΜΠ,
697 1339 744 1395 “ii
757 1355 796 1405 *θ’
812 1339 844 1396 ⁰⁶
868 1339 1006 1410 i”timii
1062 1353 1197 1426 psalmis,
1213 1358 1315 1427 postca
1330 1355 1464 1427 psalmus
1477 1357 1567 1415 David
1583 1358 1738 1418 titulorum
1757 1365 1814 1438 (24)
1842 1366 1889 1426 in.
1998 1374 2003 1383 ¹

215 1411 1008 1554 {xffiffimgffiffgsffimizaxgrf'ssffl'ssoffim
1063 1442 1253 1514 scriptionem
1269 1444 1499 1516 comprehendat
1523 1449 1662 1521 usquein
1690 1450 1828 1511 ultimum
1855 1459 1888 1515 tl-

216 1554 359 1624 mim
378 1553 441 1609 pm.
463 1553 582 1608 effidem
605 1555 709 1625 psalmi
733 1557 830 1610 umor
851 1554 937 1609 David
964 1555 1008 1608 Μ,
1061 1531 1153 1586 nemi
1169 1532 1237 1587 ldeo
1249 1537 1430 1603 sequestrata
1440 1534 1611 1606 hujusmodi
1625 1538 1804 1611 delinitione,
1823 1562 1888 1620 quaa

156 1671 159 1680 ,
214 1627 328 1692 mirum,
339 1641 375 1678 arr
392 1569 487 1694 Asopi
497 1623 773 1680 ilicmdacoideatar.
1061 1618 1100 1675 eit
1112 1618 1218 1691 psalmi
1235 1621 1325 1677 series
1340 1623 1570 1695 consideremus,
1599 1632 1660 1684 eta
1687 1629 1782 1701 primo
1800 1637 1889 1693 vemt.

215 1733 242 1788 1,
274 1735 399 1787 Decuma
423 1733 468 1785 esp
496 1729 689 1803 interpellatio
714 1730 808 1786 sancti
836 1729 891 1787 χοι)
925 1731 1005 1803 (23):
1061 1708 1126 1808 culo
1156 1709 1401 1782 interpellationis
1432 1712 1607 1785 prophetica
1637 1716 1781 1776 ducamus
1803 1739 1887 1782 exor-

178 1803 260 1877 nune
275 1818 444 1876 adoriamur
458 1835 521 1874 eam
542 1817 803 1892 interpellationem
820 1836 909 1892 quam
925 1836 1006 1892 repe·
1060 1799 1152 1853 (ilum-

178 1913 275 1966 rimus
291 1909 320 1964 in
335 1907 469 1981 psalmis.
484 1907 547 1980 lpse
559 1908 678 1980 quidem
691 1907 780 1964 liavid
793 1907 927 1981 pluribus
935 1907 1006 1965 locis
1387 1907 1504 1964 CAPUT
1524 1909 1559 1965 ll.

176 2001 214 2055 de
230 1997 329 2056 seculi
346 1996 472 2052 vanitate
488 2013 543 2054 noo
561 1997 660 2066 iacuit,
677 1997 819 2054 elinaoia
853 2013 917 2054 esse
942 2013 1005 2069 quae
1062 1993 1102 2046 Ec
1122 1994 1181 2064 ipso
1227 1995 1311 2050 salini
1337 1997 1449 2052 ceordic
1477 2000 1673 2056 correctionem
1700 2002 1812 2060 Doridis
1838 2007 1885 2065 de·
1944 2052 1947 2059 .

176 2084 642 2161 putanturbonaistiusmundi,
672 2087 840 2159 frequenter
869 2086 1004 2154 assernit,
1095 2065 1196 2134 When
1218 2068 1242 2121 ²3
1273 2067 1357 2122 ΒΜ·
1378 2070 1463 2139 iiiiii
1490 2085 1594 2141 iemite?
1631 2072 1732 2129 ionem
1758 2091 1824 2146 ⁶⁸⁸6,
1853 2097 1885 2137 eo

176 2184 207 2232 et
236 2175 363 2232 maxime
378 2175 409 2229 in
434 2173 547 2246 psalmo
573 2174 723 2247 trigesimo
752 2180 863 2242 octavo,
888 2175 917 2230 in
947 2191 1006 2247 quo
1096 2135 1216 2278 affici„
1231 2139 1886 2286 rssissrxssmmagpvffi'ggnwrffmrffinmffi

177 2264 268 2322 dicit:
300 2287 314 2314 a
343 2262 552 2320 Verumtamen
582 2263 718 2320 universa
746 2264 868 2332 vanitas,
908 2263 1006 2320 omnis
1096 2279 1589 2356 paticaiatimonioccultispacais
1615 2302 1667 2342 sao
1685 2289 1802 2360 spoliari
1820 2310 1885 2365 pos-

177 2354 268 2410 homo
291 2351 392 2409 vivens
416 2353 503 2420 (Pani.
529 2369 648 2420 xxxviii,
678 2354 750 2423 6);·
779 2357 806 2408 et
833 2368 1005 2426 quenquam
1095 2353 1328 2421 aurrtsapieatio:
1345 2353 1552 2411 borrnmtomerr
1578 2357 1662 2414 etiam
1681 2360 1885 2433 improbircace

174 2444 208 2498 in
225 2441 355 2513 imagine
369 2439 421 2496 Dci
437 2439 569 2496 ambulet
583 2440 681 2511 bomo,
698 2445 878 2499 tamenvane
891 2445 1006 2497 cantur·
1097 2421 1193 2503 Dium,
1208 2422 1254 2477 isti
1274 2438 1325 2506 00³,
1340 2425 1415 2509 nolle
1438 2431 1566 2498 paratam
1592 2430 1719 2486 manitas
1742 2433 1821 2490 iltius
1836 2436 1882 2492 ὁρ.

175 2530 307 2598 habitur,
324 2528 513 2599 thesaurizat,
529 2533 556 2585 et
570 2528 685 2602 ignorat
700 2529 744 2585 eui
771 2533 929 2603 congreget
955 2545 999 2586 ee.
1015 2546 1040 2611 B
1094 2496 1212 2548 ”mem
1228 2510 1360 2566 exim

175 2618 312 2676 stetini:
330 2641 344 2668 a
361 2617 518 2690 Usquequo
534 2621 710 2690 peccatores,
731 2618 863 2686 Domine,
894 2633 1001 2690 usque·
1094 2614 1120 2668 3.
1138 2638 1152 2664 «
1169 2618 1261 2681 Quam
1278 2618 1372 2674 bonus
1387 2620 1464 2676 Deus
1479 2620 1567 2677 lsrael
1583 2624 1670 2680 rectis
1684 2627 1771 2683 corde
1795 2630 1882 2697 (Psoi.

176 2725 238 2784 quo
268 2709 434 2781 peccatores
463 2704 667 2779 gloriabuntur
690 2708 773 2778 (Psoi.
811 2725 890 2774 netu,
928 2706 1001 2773 3tia
1058 2719 1143 2769 axau,
1161 2701 1201 2772 l)!
1220 2728 1234 2754 a
1250 2705 1349 2763 illucet
1364 2708 1392 2762 in
1408 2708 1551 2782 principio
1580 2712 1793 2772 emendationis
1815 2733 1882 2791 pm.

176 2797 260 2864 Quod
276 2795 323 2852 hic
338 2795 463 2852 habeant
479 2793 664 2852 umbratilem
680 2795 814 2868 gloriam,
829 2796 880 2853 ubi
902 2797 938 2852 de
950 2814 1002 2853 saa-
1058 2791 1161 2847 lectae.
1179 2793 1269 2850 Nerno
1284 2796 1362 2851 enim
1379 2801 1475 2869 potest
1487 2798 1696 2858 Deumbonum
1707 2818 1773 2860 vere
1784 2804 1879 2877 fateri,

176 2887 245 2945 culo
268 2883 455 2951 excesserint,
485 2884 611 2940 fructum
641 2885 847 2942 consolationis
870 2886 1002 2944 invenire
1057 2880 1113 2935 nisi
1132 2880 1243 2954 hicqui
1261 2887 1880 2952 nonexsuccessibuscommodarumsuo·

177 2993 236 3034 non
254 2975 378 3049 possint.
395 2973 473 3029 idem
485 2977 582 3030 tamen
594 2975 716 3030 inseruit
724 2975 876 3052 psalmum
887 2979 1002 3048 septua-
1057 2985 1134 3039 rum,
1156 2971 1207 3027 sed
1223 2987 1256 3027 ex
1271 2973 1434 3031 celestium
1450 2976 1656 3049 mysteriorum
1673 2981 1828 3054 profundo,
1851 2989 1881 3041 et

175 3065 326 3141 gesimam
342 3062 515 3130 secundum,
529 3062 557 3118 in
569 3079 626 3136 quo
635 3063 697 3136 ipse
708 3065 764 3120 sub
775 3063 874 3137 Asupb
883 3065 1002 3121 nomine
1056 3059 1159 3114 divinar
1170 3060 1372 3134 dispositionis
1382 3063 1536 3122 altitudine
1547 3065 1708 3125 bonitatem
1719 3071 1878 3146 ejusagno·

163 3157 356 3230 protestatur
371 3151 447 3222 quod
465 3151 528 3221 ejus
548 3151 636 3208 tuerit
651 3152 828 3225 principium
839 3153 1000 3226 prolapsio·
1055 3148 1125 3204 scil:
1142 3165 1206 3221 quae
1222 3167 1279 3206 non
1294 3152 1390 3225 specie
1406 3154 1606 3225 presentium,
1636 3156 1686 3212 sed
1711 3158 1877 3217 futurorum

175 3245 291 3310 nis,ut
307 3257 364 3296 non
377 3239 514 3296 mediocri
533 3239 632 3296 dolore
658 3241 832 3313 perstrictus
855 3243 905 3310 sit,
932 3259 999 3299 cum
1056 3236 1347 3312 utilitatcpensanda
1369 3246 1422 3298 est.
1452 3242 1538 3300 Justo
1566 3244 1665 3318 itaque
1689 3263 1806 3322 semper
1826 3250 1879 3308 bo·

173 3333 287 3390 videret
302 3335 468 3404 peccatores
483 3328 512 3384 in
527 3327 582 3385 hoc
611 3329 722 3386 mundo
746 3331 866 3387 attinere
880 3331 999 3402 divitiis,
1055 3338 1171 3388 nusest
1189 3334 1285 3389 licus:
1303 3333 1745 3404 etcumtorqueturdoloribus
1774 3354 1876 3414 corpo-

174 3421 327 3480 abundnre
342 3417 432 3474 rebus
447 3418 599 3474 secundis:
617 3435 648 3474 se
663 3423 773 3484 autern,
789 3419 840 3490 qui
854 3419 1001 3491 justifica·
1055 3420 1107 3486 ris,
1118 3426 1222 3478 etcum
1240 3419 1381 3492 atiiigitur
1397 3420 1554 3477 acerbitate
1564 3437 1729 3495 pinnarum,
1759 3443 1877 3500 semper

173 3507 1000 3580 veiilcorsuum,csseinafflictationibusetaerumnis3
1056 3508 1143 3565 dicit:
1179 3533 1193 3560 a
1226 3509 1256 3564 si
1290 3509 1366 3563 bona
1408 3509 1569 3582 accipimus
1611 3513 1647 3568 de
1685 3523 1780 3572 tnaau
1819 3518 1878 3574 Do.

175 3617 231 3658 nec
244 3597 422 3656 mediocrem
438 3595 560 3652 traxisse
576 3596 716 3652 otiensam
731 3595 762 3650 in
788 3596 924 3666 exordio;
950 3599 999 3655 sed
1057 3597 1139 3666 mini,
1157 3615 1221 3670 quae
1237 3596 1399 3652 malesani
1427 3613 1481 3651 cur
1504 3616 1562 3655 aon
1591 3601 1792 3660 sustineamus
1821 3607 1879 3678 (iob

175 3691 278 3762 postea
293 3703 345 3760 per
359 3683 473 3742 Domini
488 3682 604 3757 tiegella
618 3689 791 3752 correctum,
808 3689 837 3740 et
852 3683 1001 3742 illumina·
1058 3702 1088 3752 u,
1107 3685 1171 3757 ¹⁰i‘i
1185 3708 1199 3736 »
1216 3683 1386 3740 Gratulatur
1401 3683 1448 3737 hic
1463 3701 1494 3740 se
1509 3687 1629 3754 coateri,
1645 3693 1678 3743 ut
1693 3690 1722 3745 in
1747 3693 1878 3750 futurum

174 3784 240 3834 tum
256 3776 359 3831 divinae
370 3771 546 3846 cognitionis
554 3773 658 3848 gratia,
667 3773 885 3830 veredirticissa
897 3773 1000 3832 seriem
1057 3773 1287 3830 consolationem
1303 3770 1435 3826 invenire
1449 3773 1555 3843 possit3
1572 3774 1668 3830 scieas
1678 3779 1817 3847 quoniam
1829 3783 1880 3853 qni

175 3865 356 3924 imdiiiOUiS·
1056 3865 1134 3921 bona
1145 3862 1285 3934 receperit
1301 3861 1330 3916 in
1345 3859 1400 3914 bac
1416 3859 1484 3923 vita,
1500 3860 1588 3917 babet
1598 3865 1762 3921 mercedem
1779 3883 1879 3938 suam;

160 3942 168 3948 ⁸
213 3956 241 4011 2.
259 3953 411 4024 Nusquam
427 3957 525 4008 autem
543 3950 658 4010 invenio
674 3954 808 4006 sanctum
823 3951 920 4025 Asaph
948 3952 1001 4009 ali·
1016 3910 1038 3978 C
1056 3954 1155 4010 sutura
1170 3951 1289 4024 premia
1303 3965 1420 4021 sperare
1436 3950 1514 4006 0⁰8
1528 3967 1585 4006 non
1601 3951 1717 4023 poterit,
1742 3956 1793 4026 qui
1821 3972 1879 4012 non

177 4045 288 4116 quibus
303 4039 432 4097 adversis
449 4039 538 4096 luisse
568 4044 719 4098 vexatum:
737 4047 766 4095 at
792 4056 859 4096 vero
883 4047 1002 4098 sanctus
1057 4042 1196 4107 luctatus,
1214 4035 1456 4095 nonexercitstus
1471 4038 1509 4094 sit
1524 4039 1706 4096 diversorum
1722 4043 1881 4100 certamine

177 4131 270 4189 traria
286 4129 413 4204 plurima
427 4133 456 4184 et
469 4127 666 4202 periculorum
693 4128 779 4200 plene
800 4128 942 4198 toleravit,
967 4133 1002 4186 de
1057 4129 1234 4204 praeliorum.
1248 4127 1301 4192 Oui
1317 4141 1383 4181 vero
1394 4126 1454 4181 sive
1465 4127 1736 4198 justesiveinjusto
1754 4131 1882 4189 allicitur

179 4221 245 4278 suis
256 4221 334 4276 enim
349 4217 500 4274 laboribus
514 4217 593 4273 dicit.
611 4216 692 4272 Unde
718 4221 747 4272 et
773 4203 906 4292 psalmus
926 4219 1002 4276 oete
1057 4220 1087 4274 in
1105 4219 1158 4274 bac
1173 4217 1290 4286 seculo,
1305 4212 1470 4288 gratulatur
1483 4215 1528 4272 vel
1544 4216 1621 4289 quod
1637 4215 1685 4271 hic
1708 4218 1801 4276 solvat
1815 4238 1881 4294 pre.

178 4327 238 4366 non
254 4307 339 4382 quasi
355 4306 447 4363 sancti
465 4305 570 4379 asaph,
588 4306 637 4362 sed
656 4306 741 4378 quasi
770 4311 870 4364 sancto
893 4306 1002 4380 Asapb,
1058 4308 1101 4362 tia
1115 4305 1289 4362 delictorum
1314 4318 1446 4368 suorum,
1464 4301 1508 4358 rel
1527 4304 1597 4375 quia
1624 4304 1705 4360 novit
1728 4323 1793 4364 eam
1817 4325 1882 4368 esse

178 4404 213 4456 ut
236 4398 320 4454 docet
347 4394 461 4462 titulus,
493 4393 731 4467 superscribitur,
759 4393 887 4466 quodex
909 4393 1003 4468 graec
1059 4396 1137 4469 apud
1162 4394 1253 4448 Deum
1284 4391 1449 4446 uberiorem
1477 4392 1610 4463 gratiam,
1640 4392 1664 4448 si
1693 4393 1804 4466 injuste
1829 4415 1882 4472 pro

179 4486 321 4543 Psalterio
337 4483 466 4558 apertius
481 4481 695 4548 manifestatur,
714 4485 745 4536 ut
759 4482 893 4540 videatur
914 4482 1002 4540 David
1059 4486 1123 4556 eJ‘us
1137 4481 1265 4545 nomine,
1281 4484 1331 4534 aut
1347 4495 1398 4551 pro
1413 4479 1489 4535 bono
1504 4479 1603 4554 aliquo
1618 4498 1705 4555 opere
1716 4486 1883 4544 acerbaeli-

178 4575 269 4632 etiam
290 4568 692 4644 huicAsephsicutetoliis‚
710 4571 886 4637 canendum,
916 4589 1003 4644 quem
1059 4589 1118 4645 qua
1145 4572 1282 4644 patiatur,
1310 4567 1472 4623 secundum
1489 4570 1566 4640 qnod
1581 4568 1793 4644 scriptumest:
1810 4576 1883 4642 Quia

179 4663 339 4736 scripserat
354 4661 416 4733 ipse
425 4657 704 4732 psalmumdedisse.
717 4657 773 4714 Sed
782 4658 851 4731 quia
861 4660 1004 4733 seriptum
1060 4661 1141 4718 nulla
1156 4664 1200 4716 est
1227 4655 1320 4730 gloria
1348 4655 1372 4712 si
1399 4661 1553 4728 peccantes
1568 4659 1716 4732 punimini
1740 4668 1768 4720 et
1783 4665 1884 4720 satier-

218 4832 274 4904 (23)
293 4831 369 4886 Edit.
386 4829 468 4886 Rom.
481 4829 515 4884 ati
528 4827 637 4884 calcem
650 4826 753 4882 iniibri
765 4827 909 4902 interpell.
918 4844 1005 4902 quom
1062 4846 1156 4903 usqne
1167 4828 1203 4883 ad
1218 4824 1351 4881 Psalterii
1368 4826 1456 4881 linem
1471 4827 1597 4884 subinde
1607 4828 1722 4910 aliquos
1734 4845 1884 4888 occurrere

180 4922 202 4961 tt
218 4903 421 4974 nuncupabat,
435 4898 626 4956 transtulerat
641 4898 695 4954 ires
709 4914 804 4968 voces,
820 4901 937 4958 decursu
967 4909 1006 4957 est
1062 4903 1113 4974 qui
1142 4897 1349 4964 inscribantur,
1372 4899 1495 4969 psalmas
1509 4899 1780 4970 novidniamatia
1799 4919 1885 4976 aeque

181 4975 370 5046 interpellatio
397 4975 486 5029 sandi
512 4971 574 5036 iola
604 4975 633 5026 et
657 4971 774 5027 omissis
815 4972 1006 5044 sequentibus
1062 4970 1325 5041 inattiraumfioem
1341 4969 1417 5024 idern
1433 4968 1706 5039 hicesseiafiaem,
1740 4989 1782 5027 ue
1798 4974 1886 5031 verba

155 5062 277 5120 .usque
293 5045 328 5100 ad
344 5047 427 5100 istas.
443 5044 501 5115 lpse
522 5041 640 5114 quidem,
668 5045 761 5098 tolum
794 5041 873 5099 bunc
896 5042 1006 5100 librum
1062 5039 1560 5117 psalmisnonpaucisprieirguutur
1577 5038 1729 5115 Porroquo
1755 5043 1885 5102 insoluta

180 5120 323 5188 rejecerat
338 5115 414 5170 inter
427 5113 627 5171 enarrationes
643 5113 824 5185 psalmorum
843 5113 898 5170 sub
921 5113 1006 5172 titulo
1062 5113 1241 5187 relinquitur
1251 5111 1449 5176 seditionibus,
1457 5126 1514 5165 non
1522 5109 1808 5196 mirabiturquicum
1830 5119 1886 5173 Au·

157 5191 164 5201 '
180 5185 377 5247 enarrationis
391 5186 422 5241 in
437 5184 584 5259 psalmum
600 5201 686 5240 nxxn.
1062 5187 1181 5260 guetino
1195 5185 1225 5240 in
1241 5182 1315 5257 psal.
1329 5201 1374 5250 cv,
1395 5197 1477 5237 num.
1494 5182 1522 5246 i,
1536 5179 1713 5240 intellexerit
1736 5202 1824 5257 quam
1847 5188 1886 5244 sit

160 5260 164 5268 '
218 5259 366 5330 (estitit.
383 5274 494 5324 omnes,
526 5272 559 5311 ac
584 5272 668 5324 mss,
699 5255 906 5326 inscriptionem
934 5259 1188 5347 com-Darduum
1204 5256 1336 5310 omnium
1353 5268 1459 5334 arcana
1471 5250 1624 5333 titulorum
1649 5261 1810 5326 penetrare.
1827 5260 1885 5317 Sed

179 5329 345 5406 prehendit3
362 5335 480 5402 excepto
503 5325 631 5394 Thoan„
660 5325 710 5382 ubi
739 5326 840 5392 babes,
867 5327 1008 5398 inscriptio
1063 5329 1164 5386 hocin
1188 5324 1887 5404 rimispsalmidequoegimustitulocongruere

181 5399 413 5472 compreberrdot;
443 5401 515 5456 torte
539 5397 641 5470 lapsus
669 5400 714 5454 est
742 5394 853 5452 librarii
882 5397 910 5452 in
939 5413 1008 5454 voce
1063 5401 1142 5456 idern
1178 5402 1257 5453 octor
1276 5395 1349 5450 satie
1382 5397 1517 5474 testatur,
1547 5409 1613 5450 cnm
1644 5404 1710 5470 post
1731 5403 1887 5475 mysticam

183 5474 338 5555 inceptio,
357 5471 412 5530 uisi
441 5471 575 5527 dicamus
604 5468 884 5541 oppositionemseu
911 5469 1008 5540 potius
1063 5463 1885 5546 ipsiusinterpretationemistasubjungit:Periculosam,

184 5543 311 5617 ellipsim
340 5559 414 5600 esse.
430 5541 489 5600 Hoc
504 5547 601 5598 autem
616 5539 679 5596 loeo
705 5539 820 5593 videtur
834 5539 863 5594 id
886 5539 1007 5597 Ambro-
1065 5542 1172 5616 inquit,
1189 5541 1276 5597 locum
1290 5536 1366 5594 tituli
1390 5536 1491 5607 psalmi
1518 5542 1670 5609 presentis,
1695 5542 1765 5600 iicet
1793 5547 1885 5606 Domi·

184 5617 249 5672 sius
265 5613 440 5689 agnitionis,
457 5620 519 5689 post
532 5615 630 5668 decem
646 5611 856 5681 sirtrscquerrtes
867 5611 1007 5686 psalmus.
1064 5631 1116 5673 nus
1132 5613 1227 5678 ccliiii,
1241 5609 1527 5684 praeerectissima.

185 5703 312 5764 quorum
342 5687 474 5744 omnium
503 5683 682 5743 titulusest:
699 5683 754 5758 lpsi
781 5683 881 5758 Asopi,
906 5699 1009 5744 rursus
