4159 6184
174 401 250 475 llus
717 408 946 473 bunnuarlu
969 408 1006 471 lN
1030 406 1221 473 Pentheus
1242 408 1330 471 xbv.
1799 400 1880 474 lm

174 560 263 618 regne
278 543 397 617 peceati,
414 559 481 599 ourn
498 540 623 615 legitur:
646 543 704 597 rl'ou
732 546 828 612 repeat
853 550 1004 615 peceatum·
1017 540 1045 609 Α
1059 540 1190 597 lahorem
1228 540 1306 597 m
1332 541 1408 611 ejus.
1433 538 1515 595 Siout
1533 537 1612 593 enim
1645 537 1767 595 Abrahae
1790 555 1879 612 opera

172 634 304 689 iuvestro
328 632 440 691 mortali
455 646 565 703 corpore
580 632 667 702 (Rom.
685 647 722 686 vr.
755 630 810 701 12).
850 630 1003 687 inelinavit
1058 630 1318 692 taoeredebemus,
1348 633 1382 684 ιιι
1407 626 1460 682 filil
1475 627 1540 699 ejus
1567 625 1709 699 appellari
1723 628 1791 699 jure
1818 642 1880 685 me·

56 718 65 725 “
170 716 275 777 “omnia
288 736 379 793 regna
393 718 521 792 perlldiae
531 736 600 775 voee
619 736 674 775 sua
701 718 854 785 Dominus,
877 718 977 775 dioens
993 742 1000 780 :
1057 735 1176 774 reamur
1191 736 1198 785 ;
1214 718 1255 773 ila
1269 719 1358 773 etiam
1369 715 1505 773 exercitia
1516 708 1884 787 atqueoertumina‘saueti
1911 729 1917 740 ’

175 811 265 866 Venite
276 809 312 865 nd
325 825 381 876 me,
397 823 489 863 omnes
503 809 553 879 qui
563 807 696 863 taboratis
710 810 736 863 et
754 809 865 864 aerata·
886 810 961 876 estis,
977 809 1003 862 et
1056 806 1145 863 Jacob
1161 806 1260 861 subire
1274 806 1425 874 debemus,
1443 808 1475 861 ut
1488 805 1566 860 Deus
1580 804 1671 861 Jaeob
1685 804 1764 861 Deus
1785 809 1885 863 noster

170 914 219 967 eqo
238 897 360 967 reficiam
377 912 420 952 uon
436 895 532 965 (lluttlt
547 913 588 962 xl,
604 897 661 967 28).
1056 911 1120 951 asse
1135 895 1280 952 credatur.
1297 894 1371 950 Nam
1386 893 1410 950 si
1425 909 1515 966 opera
1524 894 1628 961 Jaeoh,
1645 891 1690 950 vel
1706 892 1776 966 quia
1797 892 1883 951 illum

205 988 248 1041 17.
265 986 344 1041 Hane
360 1000 461 1041 voeem
476 983 557 1041 dedit
571 984 754 1047 ditissimus,
771 989 801 1041 et
815 1002 918 1041 omnes
931 1000 999 1041 eum
1056 1001 1172 1055 sequare
1187 1000 1243 1040 uon
1260 999 1431 1055 possumus,
1442 981 1544 1038 studia
1557 980 1657 1053 operis
1671 983 1736 1053 ejus
1750 999 1785 1039 ao
1812 982 1882 1040 fidei

169 1075 260 1131 secuti
275 1078 345 1130 sunt
360 1073 462 1145 populi
478 1075 644 1141 nationum,
665 1074 739 1129 dura
762 1073 874 1147 peceati
911 1088 1000 1145 regna
1055 1076 1261 1145 nonagnosoat
1275 1072 1305 1126 in
1321 1072 1426 1128 nobis:
1442 1070 1589 1143 quomodo
1603 1071 1690 1143 qussi
1702 1070 1880 1131 Deuslaeeb

170 1162 532 1235 fugientes,etperpetue
557 1161 662 1218 mortis
691 1162 883 1225 atrocitatem,
912 1166 1000 1233 atque
1054 1178 1109 1217 nos
1120 1163 1224 1233 juvare
1238 1160 1437 1233 dignabitur?

168 1249 724 1323 intolerabilemflagitiorumomuinum
740 1250 997 1317 servitutem;eum
1089 1251 1134 1306 20.
1177 1250 1271 1319 (Vere.
1308 1248 1349 1312 Di
1386 1248 1462 1305 Dum
1489 1248 1552 1305 hae
1590 1249 1700 1306 dieeret
1732 1266 1800 1308 eooe
1826 1268 1880 1325 per

168 1336 355 1411 pollieerstur
366 1336 451 1394 lassis
463 1338 604 1410 requiem,
626 1339 749 1410 captivis
782 1336 997 1406 remissionem,
1053 1338 1342 1410 Spiritumsaaotum
1371 1353 1500 1410 presens
1521 1339 1619 1412 imago
1647 1338 1673 1395 ei
1702 1337 1805 1396 inlusa
1832 1345 1879 1398 est

168 1427 362 1484 servientibus
391 1424 576 1495 libertatem
592 1430 622 1483 et
647 1427 773 1485 deonsso
797 1427 871 1497 jngo
905 1426 997 1482 lerrao
1053 1427 1219 1483 futurorum
1237 1444 1244 1491 ;
1260 1430 1290 1483 et
1297 1426 1400 1483 videns
1414 1441 1449 1482 ex
1461 1426 1542 1499 gravi
1559 1427 1778 1500 perturbatione
1786 1426 1878 1486 bello·

169 1514 318 1589 Babylonii
327 1514 415 1587 regis,
427 1515 536 1587 jugum
549 1531 636 1571 suum
647 1530 738 1571 suave
748 1513 910 1570 eervioibus
926 1512 997 1569 ilde·
1053 1532 1119 1571 rum
1134 1532 1236 1589 paoem
1251 1521 1313 1572 toto
1329 1517 1399 1571 orbe
1413 1514 1592 1572 dilitrsamiu
1606 1514 1733 1573 adventu
1762 1516 1877 1574 Domini

170 1604 240 1661 lium
255 1603 446 1675 subrogaret3
467 1618 504 1659 ue
517 1618 608 1658 saeua
622 1600 698 1657 oolla
721 1600 876 1673 gentilium
893 1616 996 1656 rursus
1052 1602 1201 1671 salutaris,
1217 1605 1325 1659 elamat
1341 1604 1377 1658 nd
1393 1604 1545 1661 universos
1559 1604 1661 1661 dieens
1674 1620 1681 1661 τ
1694 1627 1708 1656 «
1723 1604 1827 1662 Venite
1847 1609 1877 1663 at

168 1692 305 1750 inimious
319 1691 430 1747 eatenis
441 1708 500 1747 sue
513 1689 680 1762 iniquitatis
695 1689 880 1761 astringeret.
897 1688 996 1745 Chris·
1050 1692 1145 1747 uidete
1159 1691 1379 1763 operaDomini,
1390 1708 1454 1765 qua
1462 1692 1561 1765 posuit
1575 1693 1708 1766 prodigia
1718 1697 1876 1766 superter·
1938 1723 1944 1733 ν

169 1785 216 1838 tus
230 1782 307 1838 euim
325 1778 520 1852 quaesitique
535 1778 660 1835 liberat:
683 1782 714 1834 et
742 1794 818 1850 quas
847 1776 994 1848 astringit,
1051 1779 1874 1853 ram.«Venite.»adcongregationemspeotat:«Videte»

167 1868 302 1926 absolvit.
319 1867 449 1939 Denique
464 1868 514 1937 qui
530 1882 631 1922 servus
641 1870 760 1921 venatus
776 1864 927 1921 aDomiuo
939 1867 994 1933 est,
1050 1868 1085 1922 ad
1097 1866 1289 1924 intentionem
1305 1871 1333 1923 et
1351 1868 1558 1941 cognoscendae
1586 1869 1717 1924 studium
1732 1870 1873 1927 veritatis.

168 1956 292 2015 libertus
303 1958 348 2012 est
358 1953 534 2021 Domioi;et
547 1954 598 2026 qui
614 1954 688 2009 liber
699 1958 817 2010 venatus
828 1958 882 2019 est,
895 1968 997 2010 servus
1050 1956 1163 2025 Videte,
1178 1955 1372 2027 inquitopers
1399 1955 1516 2012 Domini
1537 1955 1623 2028 plena
1650 1956 1812 2027 miraculis,
1842 1958 1873 2015 in

166 2042 273 2103 tibristi
287 2048 343 2100 est.
363 2042 490 2113 ideoque
505 2041 534 2097 in
548 2040 746 2098 suisvineulis
762 2040 870 2097 Paulus
890 2040 996 2114 gloria·
1051 2044 1159 2115 quibus
1175 2059 1349 2115 magnarum
1366 2048 1435 2099 sunt
1455 2042 1540 2117 signa
1558 2043 1713 2102 virtutum.
1742 2045 1873 2119 Denique

163 2132 371 2203 tur,diesus:«
387 2132 497 2187 Paulus
511 2128 627 2185 vinetus
651 2130 722 2185 lesu
739 2129 847 2201 (tipher.
864 2146 907 2193 111,
925 2130 992 2199 1).»
1049 2140 1140 2204 sepau
1167 2132 1274 2201 Graes,
1299 2130 1472 2188 admiranda
1499 2131 1640 2188 dicuntur
1673 2133 1775 2190 Latine
1801 2134 1872 2206 (90).

169 2222 251 2289 Quod
262 2222 320 2278 sub
333 2218 399 2277 aliis
413 2218 599 2283 contumelia,
616 2218 673 2274 sub
688 2217 803 2274 Christo
818 2217 910 2290 glarie
940 2222 993 2274 est.
1048 2220 1112 2275 Non
1122 2236 1192 2292 ergo
1206 2220 1290 2291 quasi
1307 2218 1477 2292 prodigialis
1491 2218 1622 2276 horroris
1636 2220 1761 2294 aoeipias
1785 2239 1875 2297 opera

169 2310 254 2367 Dedit
262 2324 363 2368 nouem
378 2322 463 2366 suam
478 2308 508 2362 in
524 2306 660 2379 passione
675 2304 867 2377 Dominus,et
882 2308 995 2361 univer·
1049 2308 1177 2374 Domini,
1204 2309 1253 2365 sed
1270 2310 1355 2382 quasi
1385 2309 1471 2380 plena
1493 2308 1707 2366 admirationis.
1735 2310 1874 2370 Praelsre

168 2414 201 2455 sa
214 2396 359 2455 elementa
372 2399 569 2462 tremuerunt,
586 2394 768 2451 omnisterra
783 2399 930 2449 eommota
949 2400 994 2451 est
1049 2398 1148 2471 posuit
1158 2414 1247 2469 super
1260 2403 1368 2453 terram
1386 2414 1393 2464 ;
1410 2397 1439 2453 id
1450 2396 1535 2453 estin
1549 2402 1694 2453 terram.»

168 2487 273 2561 (llutth.
289 2502 376 2554 xxvii,
398 2483 456 2557 51),
472 2488 505 2539 ut
534 2482 608 2539 ritus
636 2481 790 2555 gentilium
819 2482 993 2551 solveretur,
1084 2487 1129 2541 21.
1146 2486 1240 2559 (Vere.
1257 2487 1315 2554 tu.)
1331 2508 1346 2535 ι
1361 2484 1595 2543 Αειειεεειειιε
1614 2502 1709 2559 usque
1731 2487 1768 2544 ad
1797 2488 1873 2547 flues

170 2576 311 2647 lieretqus
324 2578 401 2630 terre
415 2571 543 2638 Domini,
560 2575 590 2628 et
604 2570 755 2645 plenitudo
771 2572 846 2641 ejus,
862 2576 895 2625 ut
922 2569 994 2625 seri·
1048 2578 1141 2641 terra,
1158 2588 1258 2629 areum
1273 2578 1404 2629 oonteret
1417 2578 1446 2629 et
1459 2573 1733 2647 eonfringetarma:
1749 2580 1779 2632 ει
1788 2582 1872 2637 soute

168 2668 251 2737 ptum
262 2666 307 2720 est
318 2662 405 2735 (Psoi.
421 2676 503 2729 xxrrr,
517 2660 572 2733 t.);
589 2664 738 2717 eessurent
770 2659 893 2730 auguria
907 2658 992 2731 peril-
1047 2661 1585 2734 eomhuretigni.»littereaotequam
1593 2663 1872 2723 Romanumditihn·

139 2740 141 2748 ἱ
167 2754 285 2817 dorum,
301 2755 330 2808 ει
345 2750 522 2808 saerilloium
538 2748 701 2823 impietatis
724 2747 853 2821 cognitio
868 2748 935 2803 fidei
965 2752 994 2803 et
1046 2752 1165 2807 deretur
1177 2750 1346 2823 imperium,
1361 2767 1420 2807 nan
1434 2749 1531 2807 solum
1553 2750 1739 2825 singularum
1750 2754 1869 2813 urbium

167 2842 299 2899 studium
316 2838 478 2895 devotionis
504 2837 666 2895 abolerent.
693 2836 747 2893 Dat
776 2853 875 2893 vooem
905 2852 990 2892 suam
1046 2840 1297 2913 ragesadversum
1312 2854 1344 2895 se
1358 2837 1869 2915 preliabautnmsedetismipsiite·

169 2928 313 2999 Dominus,
323 2926 463 2999 quotidie,
479 2929 507 2981 et
523 2924 645 2982 resultat
658 2926 688 2981 in
704 2924 844 2983 e'ordibus
860 2924 991 2997 singulo·
1046 2929 1126 2985 mani
1141 2928 1225 2984 bellis
1239 2922 1408 2999 frequenter
1420 2926 1558 2985 uirilibus
1571 2930 1780 2988 atterebantur.
1809 2931 1869 2989 Pu·

167 3032 232 3073 rum
244 3034 251 3084 ;
265 3020 298 3071 ut
312 3019 460 3071 terrenum
474 3028 561 3071 omna
577 3014 700 3071 daeedat
727 3014 793 3085 ejus
821 3014 871 3086 qui
901 3014 990 3069 hene·
1046 3018 1146 3088 gnavit
1160 3015 1270 3071 Marius
1285 3016 1568 3073 adversusGinnam.
1586 3017 1616 3073 ln
1636 3022 1762 3091 utraque
1783 3024 1867 3093 parte

167 3105 258 3163 eredit
272 3104 386 3171 alleato,
403 3108 491 3173 atque
507 3117 610 3159 omnes
623 3102 797 3159 interiorum
812 3101 989 3159 sensusani·
1046 3106 1197 3162 Romanus
1211 3104 1296 3160 lusus
1310 3109 1355 3159 est
1383 3104 1514 3175 sanguis.
1545 3104 1626 3178 Sylla
1648 3106 1818 3177 inseruerit,
1838 3112 1868 3166 ει

165 3208 279 3253 morum
295 3193 454 3257 aberrare,
470 3190 658 3263 eorruptione
671 3189 794 3247 luxurie
809 3196 838 3247 et
862 3190 989 3247 dissulu-
1044 3195 1136 3251 llario
1147 3192 1249 3250 victori
1261 3209 1365 3249 rursus
1375 3191 1867 3268 eivitiebellaeommovit.l.epidus

165 3286 252 3351 tione,
269 3282 306 3339 ad
323 3278 521 3353 eognitionem
546 3277 708 3335 celestium
724 3284 989 3346 sacramentorum,
1005 3270 1027 3336 C
1046 3285 1103 3356 (ill)
1129 3281 1334 3353 sertoriusque
1361 3280 1485 3338 rebelles
1514 3298 1546 3338 se
1572 3282 1704 3340 Romano
1740 3284 1866 3358 imperio

165 3372 339 3431 etstudium
355 3366 500 3425 eastitatis
514 3384 521 3434 ;
537 3382 554 3423 a
569 3364 700 3438 nequitia
714 3365 751 3421 ad
771 3365 908 3423 vimulum
938 3366 987 3438 pia
1041 3372 1239 3442 prebuerunt.
1255 3369 1538 3442 CasarPompeium
1562 3375 1607 3427 est
1627 3375 1809 3443 perseeutus,
1837 3377 1867 3429 et

165 3458 349 3518 oonlassione
363 3459 525 3512 moveatur.
1040 3456 1200 3516 Galliarum
1217 3458 1346 3514 furorem
1360 3457 1496 3516 excitavit
1508 3459 1649 3517 adversus
1662 3474 1746 3517 arma
1759 3458 1866 3518 Doma-

201 3550 246 3607 l8.
262 3540 354 3619 (Vens.
371 3544 397 3617 8)
413 3544 507 3601 Μοιοε
521 3557 589 3615 ergo
610 3557 659 3598 eos
688 3540 759 3599 dinit
774 3542 825 3613 qui
852 3540 883 3597 in
911 3545 989 3597 terra
1042 3544 1220 3601 na.Devioto
1234 3544 1347 3600 seniore
1356 3544 1864 3621 Pompeiu,junioremiuliispenia·

167 3641 247 3701 snnt,
262 3634 306 3689 val
322 3632 478 3706 quiaterra
493 3636 576 3687 erant
590 3646 692 3686 omnes
707 3629 851 3697 homines,
868 3630 899 3685 in
922 3628 988 3702 qui·
1042 3631 1258 3703 rumpentibus
1273 3630 1438 3687 debellavit.
1447 3632 1523 3697 Quid
1530 3633 1711 3692 Triumviros
1720 3635 1866 3711 loquarex

166 3726 222 3781 bus
237 3726 299 3778 erat
313 3726 429 3777 terrena
444 3718 593 3791 corruptio
611 3735 618 3787 ;
634 3719 705 3789 quia
719 3717 823 3773 oculus
845 3718 988 3773 mentium
1044 3720 1177 3779 hostibus
1189 3718 1301 3775 amieos
1315 3720 1384 3792 (92),
1401 3735 1436 3776 ex
1446 3720 1550 3775 amieis
1564 3737 1670 3777 rursus
1684 3724 1715 3779 in
1744 3725 1866 3785 hostiles

166 3815 202 3871 ad
218 3811 345 3869 sublime
357 3808 456 3883 gratia
472 3806 598 3864 eoelestis
612 3805 725 3863 elevare
745 3809 832 3878 atque
858 3804 991 3863 attollere
1044 3808 1190 3866 tumultus
1205 3822 1270 3863 esse
1285 3822 1475 3879 progressos:
1493 3806 1586 3863 maria
1600 3824 1718 3882 quoque
1749 3812 1866 3871 Aetiaeo

166 3900 335 3959 nesoiehnnt
349 3916 356 3966 3
371 3913 426 3953 neo
441 3900 577 3968 poterant
591 3894 704 3951 dicere:
722 3917 737 3944 ι
754 3894 829 3950 [ιειε
848 3893 990 3949 virtutum
1045 3898 1122 3955 bello
1134 3896 1244 3953 inleota
1254 3895 1399 3968 sauguine
1413 3896 1612 3952 Romanorum
1626 3896 1640 3951 t
1655 3896 1737 3954 Unda
1755 3899 1868 3957 laetum

167 3989 339 4057 nobiseum;
358 4008 372 4038 ι
387 3985 570 4059 eumquibus
585 3982 781 4040 noueratnisi
796 3984 992 4057 prolapsionis
1045 3991 1100 4054 est,
1117 3990 1150 4042 ut
1175 3984 1261 4040 tedio
1289 3984 1432 4041 bellorum
1461 3983 1602 4052 oiailium,
1631 3984 1710 4041 Julio
1735 3987 1868 4061 Augusto

167 4080 310 4142 inuentor,
327 4074 605 4133 etauotorermris.
633 4072 689 4129 Sed
720 4076 912 4145 posteaquam
938 4090 992 4131 vox
1046 4076 1212 4131 Romanum
1228 4072 1559 4145 deterreturimperium
1576 4089 1583 4130 ε
1599 4078 1628 4131 et
1640 4072 1869 4147 itapralieinte·

168 4160 283 4225 Domini
297 4164 329 4221 in
343 4161 497 4235 Evangelio
513 4160 675 4230 resultavit,
692 4161 780 4217 audet
793 4160 936 4233 Propheta
951 4163 993 4218 di·
1047 4164 1125 4220 stina
1137 4163 1240 4219 sedata
1255 4166 1334 4217 ειιιιι.
1351 4160 1410 4218 Ηοε
1425 4168 1524 4217 autem
1537 4177 1571 4218 eo
1587 4162 1719 4235 proiecit,
1735 4168 1769 4220 ut
1791 4170 1870 4223 reete

169 4270 249 4312 aere:
262 4276 276 4305 u
293 4251 517 4309 Deusvirtutum
527 4248 693 4305 nobiseum.
709 4271 722 4297 »ι
733 4248 808 4303 Βειιε
819 4248 890 4304 dioit
901 4250 992 4308 :Deus
1048 4270 1100 4326 per
1112 4255 1206 4308 tutum
1219 4251 1320 4305 orbem
1337 4248 1460 4321 apostoli
1476 4249 1662 4307 mitterentur
1674 4251 1790 4309 dieente
1812 4252 1871 4311 Do·

170 4344 312 4399 uirtutum
328 4338 502 4404 nobiseum;
518 4357 533 4388 u
550 4335 601 4408 qui
612 4335 736 4391 eredidit
750 4337 828 4408 quod
855 4335 943 4411 Virgo
963 4339 992 4395 iu
1048 4341 1129 4397 mino
1141 4339 1230 4397 lesu:
1247 4338 1354 4393 duratos
1375 4339 1475 4394 doeete
1487 4354 1600 4395 omues
1629 4344 1731 4413 ςειιιεε
1758 4341 1867 4414 (saut.

171 4436 253 4487 utero
268 4425 378 4501 aeoepit
392 4431 421 4483 et
434 4424 557 4499 peperit.
578 4423 729 4479 Audemus
756 4427 784 4478 et
804 4440 857 4479 nos
886 4424 992 4495 dieere,
1046 4446 1146 4497 ιιιιιιιι,
1161 4428 1217 4499 49).
1233 4425 1294 4482 lllis
1308 4426 1427 4498 quidem
1439 4426 1695 4486 etiaminterelusa
1709 4430 1873 4489 barbarieis

171 4543 186 4571 (ι
203 4520 280 4575 Deus
295 4516 437 4572 virtutum
452 4511 626 4570 nobiseum:
644 4532 658 4560 a
674 4514 863 4583 posteaquam
879 4512 994 4570 limma·
1049 4513 1873 4587 montibusregnapatueruntmrhomaludiallatthao

172 4607 251 4675 nuel,
268 4605 323 4661 hoo
338 4607 393 4671 est,
410 4602 487 4659 Deus
502 4600 588 4675 ooepit
602 4616 667 4655 esse
681 4597 846 4656 nobiseum.
862 4599 916 4655 Ubi
926 4618 995 4676 argo
1011 4632 1033 4696 D
1050 4604 1159 4661 Persia.
1175 4604 1231 4659 Sed
1248 4608 1346 4658 tameu
1359 4618 1417 4674 quo
1441 4602 1528 4674 plura
1541 4604 1656 4663 obirent
1669 4608 1766 4681 spatia
1779 4613 1872 4666 terra·

173 4692 356 4759 Emmflnssfll,
372 4691 413 4748 ibi
427 4713 441 4743 α
456 4690 533 4748 Deus
547 4688 688 4744 virtutum
706 4686 870 4743 nobiscum.
887 4710 902 4738 a
1050 4710 1127 4759 rum,
1140 4694 1169 4747 in
1182 4696 1283 4747 exortu
1299 4690 1432 4746 Eoelesia
1443 4695 1616 4763 potestatem
1624 4695 1748 4753 Romani
1757 4696 1874 4768 imperii

205 4784 270 4839 lu...
282 4782 425 4855 Suesptor
435 4784 535 4837 noster
545 4776 752 4835 nausearet.»
766 4776 996 4852 Imitemurerga
1051 4786 1113 4838 toto
1133 4782 1203 4837 orbe
1217 4779 1344 4845 dilludit,
1355 4786 1385 4834 ει
1399 4779 1608 4838 dissidentium
1633 4787 1760 4850 mentes,
1782 4787 1874 4840 terra·

174 4871 370 4945 patriercham
386 4870 488 4938 Jacob,
504 4870 622 4925 odorem
650 4868 726 4937 ejus,
752 4863 890 4921 virtutem
919 4868 995 4937 ejus,
1052 4885 1177 4941 rumque
1190 4868 1314 4923 divortia
1328 4869 1875 4943 donetapaoeoomposuit.Didieerunt

212 4995 274 5068 (00)
287 4995 357 5050 Μεε.
371 4993 513 5059 nonnulli,
525 5016 538 5043 a
552 4991 683 5063 Denique
694 4988 826 5063 prodigia
838 4989 1000 5061 Graece,ad-
1052 4990 1226 5049 triumvirali
1236 4995 1378 5063 potestate
1389 4994 1872 5066 armasusprimoconjunxarunt:

177 5063 661 5124 mirendsdieunturLatine.»Alii
676 5062 1000 5121 eteditutintextuex-
1055 5066 1106 5121 sed
1123 5064 1200 5119 brevi
1216 5063 1312 5119 soluta
1331 5068 1376 5118 est
1398 5062 1450 5118 illa
1477 5063 1609 5120 societas.
1634 5065 1767 5139 Namque
1794 5065 1873 5124 haud

178 5144 261 5204 captu
293 5132 1000 5206 uodliom.habet:»prodigiadiounturLatine.»
1055 5136 1149 5193 multo
1163 5142 1229 5208 post
1242 5134 1350 5206 Lepido
1366 5134 1395 5188 in
1411 5134 1544 5189 ordinem
1575 5135 1701 5201 redaeto,
1730 5138 1875 5195 Antonius

214 5210 271 5283 (ul)
305 5208 348 5265 uit
362 5208 388 5265 is
400 5208 439 5265 M.
455 5208 529 5263 AEm.
553 5203 679 5277 Lepidus
706 5204 904 5261 Marianarum
932 5224 1000 5280 pur·
1055 5207 1121 5264 deni
1147 5224 1183 5263 ue
1208 5208 1285 5278 apud
1312 5205 1428 5286 Aetium
1457 5205 1638 5263 maritimam
1666 5207 1744 5280 ilpiri
1771 5210 1875 5266 urbam

179 5284 253 5338 tium
269 5284 409 5348 assertor,
428 5278 479 5351 qui
493 5277 633 5334 adversus
647 5274 780 5331 Catulum
793 5274 916 5348 Syllana
943 5278 1001 5335 sso-
1056 5224 1150 5335 nesab
1166 5292 1267 5350 pugna
1277 5274 1453 5358 profligatus
1467 5276 1503 5331 ab
1519 5278 1650 5350 Augusto
1660 5277 1801 5335 violentas
1815 5296 1877 5337 ma·

176 5350 268 5408 tionis
283 5350 388 5407 ducem
403 5350 524 5423 quinum
544 5345 626 5420 prius
645 5344 830 5402 consulatum
860 5354 1001 5422 gesserat,
1057 5368 1113 5407 nus
1128 5349 1158 5405 iu
1175 5362 1260 5404 suam
1277 5346 1370 5428 ipsius
1384 5345 1474 5401 vitam
1489 5348 1639 5406 conuertit.
1653 5352 1712 5405 llus
1727 5348 1876 5409 Octaviani

180 5420 292 5479 bellurn
309 5422 410 5495 gessit.
426 5421 467 5480 De
481 5418 689 5477 eodemautem
700 5416 807 5491 Lepido
818 5432 885 5475 mox
895 5420 1002 5478 iterum
1057 5419 1177 5480 casaris
1191 5417 1386 5499 demumst
1400 5432 1502 5488 paoem
1517 5419 1584 5475 iude
1598 5423 1729 5477 sonuum
1757 5421 1878 5480 'lenitus

181 5492 326 5550 dioemus.
1058 5488 1231 5564 compendio
1265 5491 1403 5561 exprimat
1429 5487 1489 5545 iliis
1530 5491 1644 5549 uerbis:
1670 5491 1768 5565 Lepidi

219 5561 443 5635 (bttdntonius,
467 5562 504 5618 Le
526 5560 605 5625 idus,
628 5562 656 5616 at
679 5573 714 5614 ue
742 5560 783 5615 Au
828 5565 892 5618 stus
921 5562 1004 5637 prius
1058 5562 1262 5621 tomitanae
1279 5559 1476 5633 iuduqmtum
1494 5576 1605 5633 oeuere,
1633 5565 1682 5649 qui
1708 5568 1808 5622 caeru
1847 5569 1877 5608 '-

184 5633 347 5702 discordes,
363 5632 482 5692 utJulii
543 5630 660 5691 sarisa
695 5635 1007 5713 rutosusqueeouju·
1059 5630 1525 5708 eorditteioittbusfetsqaomiae
1548 5636 1694 5714 meropis,
1721 5636 1772 5697 rut
1796 5636 1880 5718 impe·

183 5708 256 5767 ratis
284 5704 427 5767 interlecti
446 5720 546 5768 neoeru
577 5706 833 5785 persequuntur,
853 5713 1006 5785 assumpta
1060 5709 1137 5773 nunt
1150 5703 1263 5779 metuit.
