4159 6184
30 351 39 376 0
130 307 191 378 lis
776 305 1047 376 mussabat
1069 309 1143 376 uta.
1166 311 1191 378 1.
1779 313 1838 382 tto

129 445 315 542 amoverent
335 439 465 518 lapidem
480 440 515 502 de
534 439 678 519 sepulcro,
694 448 728 502 ul
751 449 901 504 mortuum
915 445 958 504 vi·
972 443 1001 514 A
1014 451 1157 518 Dominus
1180 477 1282 522 eorum
1306 459 1447 522 malitiam
1472 461 1624 536 creaverit3
1641 479 1709 525 oum
1735 464 1838 541 utique

131 535 248 604 dentes,
263 533 588 607 P⁰⁸¹⁰⁸10³⁰⁵⁰st³2⁰ffl
610 535 770 592 θΐθᾶθῐθῦῑ·
787 535 897 592 Deinde
911 555 960 592 νῦ·
1015 553 1302 626 consubstantialis,
1318 556 1370 614 sed
1385 557 1519 617 accidens
1541 558 1580 615 sit
1602 558 1725 628 malitia,
1742 573 1806 632 qua
1822 576 1839 615 a

130 625 208 683 cavit
222 625 376 693 Lazarum,
392 628 422 680 et
437 623 606 690 resurrexit,
621 627 651 679 et
667 621 766 697 ligatis
780 625 917 682 manibus
932 629 961 682 et
1015 645 1126 699 natum
1143 644 1273 704 bonitate
1287 647 1414 705 deflexit,

129 714 257 790 ”dim
271 712 434 813 ⁰¹ii²‚s⁰¹'⁸⁸
445 714 539 816 (5⁰fm·
557 730 597 781 ¹¹¹
608 713 711 785 3944)·
731 713 832 771 N⁰¹¹¹¹⁰
846 721 961 816 anmt
1049 741 1095 798 29.
1107 742 1206 816 ltaque
1221 744 1251 801 in
1266 746 1475 804 constitutione
1489 749 1591 806 mundi
1608 750 1706 821 opinio
1721 749 1839 807 malitie

130 819 279 905 amouere
290 802 431 902 lapidem,
442 818 493 874 qut
507 806 623 902 potarat
633 807 782 860 mortuum
796 803 960 905 suscitare?
1014 828 1133 888 interim
1148 838 1360 906 sequestretur,
1374 852 1410 893 ne
1424 835 1528 894 divin&
1542 837 1717 910 operationi,
1733 842 1763 895 et
1775 838 1843 909 pul·

129 893 165 950 m
179 909 230 966 ‘1¹¹¹
251 895 348 965 P⁰t¹¹¹t
370 890 508 991 d⁰f¹¹¹¹⁰t⁰
524 895 613 948 ”tm
630 891 762 993 ‘effre’
779 909 838 993 {¹⁰¹¹
864 897 961 993 ΡΜ
1014 918 1165 978 cherrima
1190 928 1338 994 creaturae,
1354 941 1389 980 ea
1403 942 1466 998 qua
1488 925 1623 983 decolora
1646 932 1725 996 sunt,
1742 928 1840 984 admi-

127 999 226 1038 ηοω
251 979 362 1038 ⁸⁰1V⁸¹¹⁰
388 979 598 1037 mmmm?
617 982 670 1038 ⁰⁰¹
697 987 804 1038 V¹¹¹⁰t¹⁸
833 982 959 1056 P⁶d¹b⁰³
1015 1011 1486 1080 soersvidesmur‚mnximeaum
1503 1019 1663 1087 sequatur:
1679 1017 1839 1088 Etspiritus

127 1087 265 1146 grossum
279 1069 370 1139 dedit,
387 1068 456 1126 huie
472 1086 539 1170 non.
553 1069 648 1143 potuit
662 1071 757 1171 ruptis
772 1070 899 1128 vinculis
913 1070 959 1128 in·
1014 1099 1064 1155 93,-
1090 1103 1311 1172 superferebatur
1337 1119 1420 1172 sm,
1445 1104 1753 1177 mmfflidffluem
1781 1107 1837 1162 etsi

128 1175 249 1216 mum
265 1157 405 1215 reddere?
424 1158 481 1215 Sed
496 1163 600 1231 utrque
615 1159 794 1216 advertimus
815 1162 891 1234 quod
911 1178 958 1218 vo·
1014 1186 1106 1260 aliqui
1123 1206 1174 1261 pm
1189 1205 1255 1247 aare
1270 1191 1423 1262 pompinat,
1440 1191 1531 1264 aliqui
1554 1211 1606 1266 pro
1627 1193 1733 1266 spiritu
1748 1209 1837 1266 quem

125 1248 184 1305 ¹¹¹st
203 1248 299 1322 Prlffl⁰
322 1247 525 1348 dffm9¹¹⁸tmf⁰
539 1252 708 1350 fnwuumq
726 1253 758 1350 Π)
781 1249 874 1306 ⁰⁰⁰¹i⁸
896 1251 959 1352 ξω)
1014 1277 1163 1349 spiramus
1176 1283 1205 1335 et
1219 1280 1369 1352 carpimus
1381 1299 1459 1338 aura
1474 1281 1670 1351 hujusvitalis
1681 1282 1834 1354 spiritum;

127 1337 286 1395 crederent
297 1354 304 1393 τ
316 1337 422 1393 derude
437 1341 611 1394 resusmtsre
624 1355 631 1394 :
644 1341 727 1394 tertio
738 1339 843 1410 Juhere
858 1344 891 1395 ut
903 1357 960 1413 ipat
1016 1382 1069 1421 „05
1083 1371 1181 1423 tamen
1197 1384 1264 1424 cum
1286 1374 1455 1426 mmmm
1480 1376 1510 1426 et
1534 1371 1665 1427 fidelium
1693 1372 1839 1428 sententia

128 1425 252 1484 vincula
266 1425 381 1528 lunaris
396 1425 553 1496 solverent,
570 1432 603 1484 ut
617 1426 694 1484 inter
708 1428 766 1484 ista
779 1427 852 1486 fides
866 1429 960 1486 int'un·
1014 1461 1219 1526 congruentes,
1237 1457 1378 1529 Spiritum
1403 1464 1537 1516 sanctum
1563 1461 1735 1532 accipimus,
1750 1464 1783 1516 ut
1807 1459 1837 1516 in

128 1514 445 1586 defft⁰¹¹⁰fid⁰l¹b¹¹⁸r
460 1518 489 1573 θ)
503 1533 555 1590 1³4³r
572 1517 682 1590 &udus
697 1517 842 1590 ‘imm
856 1520 960 1575 ΗΘΜ·
1014 1545 1223 1603 constitutione
1247 1549 1351 1604 mundi
1379 1550 1509 1620 operatio
1536 1549 1687 1605 Trinitatis
1716 1549 1837 1606 eluceat.

123 1604 196 1663 5¹⁸³
212 1607 396 1661 meretur·
1013 1634 1169 1692 Praemisso
1184 1637 1262 1693 enim
1279 1637 1349 1710 quia
1363 1641 1394 1694 in
1414 1641 1553 1710 principio
1576 1640 1640 1710 tecit
1659 1640 1728 1694 Deus
1742 1639 1839 1695 calum

438 1693 555 1751 CAPUT
575 1693 649 1751 vm·
1013 1725 1279 1797 atterromtden.1,
1296 1727 1335 1796 l),
1353 1727 1380 1782 id
1407 1732 1461 1790 est,
1473 1729 1502 1784 in
1518 1726 1633 1784 Christo
1658 1727 1725 1784 lecit
1750 1727 1839 1790 Deus,

123 1784 473 1928 Tvgaemmffm
486 1785 961 1913 {3⁸3⁸b‘3743333'23192‘g‘l‘atzn§affl
974 1817 1000 1885 Β
1013 1811 1164 1914 vallilias
1179 1815 1228 1870 Dei
1245 1815 1322 1874 Deus
1338 1815 1414 1880 lecit,
1425 1815 1469 1872 vel
1486 1833 1537 1888 per
1547 1816 1653 1872 Filium
1667 1817 1745 1874 Deus
1755 1815 1838 1881 tecit;

161 1943 213 1997 W
227 1927 356 1982 umbra,
366 1943 422 1982 ,m
437 1926 645 1999 inanimam
659 1927 780 1998 spirim
794 1936 903 1984 samm,
916 1930 959 1999 fe,
1016 1918 1086 1973 quta
1101 1903 1201 1960 omnia
1224 1904 1388 1977 peripsum
1403 1905 1478 1960 lucta
1493 1909 1573 1968 sunt.
1589 1909 1617 1962 et
1631 1905 1694 1962 sine
1717 1905 1781 1977 ipso
1797 1906 1839 1960 la·

162 1999 279 2053 reantur
305 2013 388 2070 super
415 2015 510 2069 aquus,
527 1999 639 2070 alioque
662 1998 890 2056 dectaroumed
917 2001 960 2056 oet
1016 1994 1096 2048 etum
1111 1992 1256 2060 estnihil,
1280 1997 1431 2066 supererat
1451 1993 1602 2065 plenitudo
1617 1993 1793 2066 operationis
1808 1994 1839 2050 in

160 2073 287 2126 ’mim‘
300 2069 371 2142 luld
383 2071 494 2126 ”lilim
507 2085 564 2126 '‘0'‘
578 2072 635 2126 '¹1⁸²'
648 2087 667 2126 ⁰
680 2071 758 2127 ⁷1⁰1>ss
772 2072 890 2128 vrisslvr·
1016 2080 1139 2152 Spiritu,
1155 2081 1233 2138 siout
1251 2083 1454 2154 scriptumest
1468 2099 1475 2139 ε
1497 2084 1576 2140 Verbo
1591 2085 1703 2140 omnini
1715 2084 1777 2140 cali
1791 2085 1839 2154 fir·

159 2178 206 2233 28.
225 2176 305 2232 Facit
319 2192 388 2248 ergo
407 2176 486 2232 Dens
502 2177 597 2249 primo
611 2175 717 2233 coelum
739 2182 768 2233 et
790 2182 910 2244 terram,
927 2194 963 2233 aa
1015 2172 1087 2226 matt
1106 2173 1343 2244 contemptrice
1365 2174 1422 2228 oria
1444 2173 1503 2244 eius
1526 2175 1617 2230 omnis
1637 2175 1725 2230 virtus
1745 2189 1840 2230 comm

121 2268 227 2322 umen
242 2280 303 2320 non
326 2265 413 2336 quasi
434 2270 577 2337 perpetua
591 2266 659 2337 (3t).
676 2267 728 2322 sed
752 2266 837 2338 quasi
862 2283 961 2322 corru-
1015 2259 1102 2324 (Psoi.
1114 2276 1202 2326 mir,
1218 2261 1256 2332 6).
1274 2261 1384 2332 ltaque.
1397 2260 1646 2332 quemadmodum
1670 2261 1701 2316 in
1725 2261 1840 2317 Psalmo

121 2352 242 2427 ptibilia
256 2358 397 2409 creatura
419 2354 670 2411 consummationi
684 2354 778 2412 voluit
797 2356 960 2426 subjacere.
1010 2347 1364 2421 docemuroperationem
1375 2349 1472 2412 Verbi.
1485 2350 1563 2422 quod
1579 2354 1624 2406 est
1637 2351 1760 2407 Verbum
1778 2351 1840 2419 Dei,

122 2442 209 2500 Unda
231 2441 263 2498 in
289 2442 371 2498 Iasio
393 2441 468 2498 libro
492 2444 534 2499 ait
550 2460 557 2499 :
574 2445 668 2500 Tollite
691 2446 722 2500 in
743 2446 844 2500 catum
868 2444 961 2500 maalon
1017 2438 1197 2494 stvirtutem
1212 2454 1302 2510 quam
1327 2439 1407 2494 dedit
1428 2439 1554 2510 Spiritus
1568 2442 1704 2508 sancium
1729 2439 1771 2496 ita
1793 2439 1841 2496 hia

122 2535 240 2597 tatros,
257 2534 284 2585 et
309 2532 425 2602 aspidis
445 2539 550 2588 unam
572 2533 714 2594 deorsum·
729 2535 796 2604 quio
817 2534 918 2588 catum
931 2542 961 2596 ut
1017 2525 1220 2598 propheticum
1236 2526 1389 2583 resultavit
1406 2525 1568 2590 oraculum.
1580 2528 1651 2601 quia
1663 2528 1741 2584 Deus
1755 2527 1838 2595 dixit,

121 2622 221 2691 fumus
235 2617 450 2684 solidatumest,
466 2621 646 2675 terroomm
663 2621 694 2675 ut
712 2621 959 2676 vestimentumve·
1015 2618 1046 2670 et
1059 2615 1137 2671 Deus
1150 2615 1228 2672 lenit.
1248 2614 1375 2684 Spiritus
1390 2631 1506 2686 quoque
1529 2615 1580 2671 Dei
1603 2615 1840 2688 superierebatur
1921 2675 1927 2694 ⁹

44 2761 48 2766 .
121 2711 242 2765 arescet
252 2706 318 2778 (lta.
332 2723 370 2774 nt,
385 2707 423 2778 6).
435 2706 501 2763 llas
515 2712 593 2764 terra
607 2713 661 2777 est,
678 2725 743 2780 qua
758 2712 826 2764 ante
838 2713 900 2764 erat
913 2708 957 2764 in·
1016 2719 1105 2776 super
1119 2721 1221 2774 aquas.
1232 2703 1369 2762 Ornanda
1379 2704 1457 2760 enim
1468 2703 1534 2774 polo
1543 2703 1619 2766 coeli,
1629 2703 1838 2774 germinaturis

120 2795 301 2868 composita.
315 2795 454 2851 Nondum
469 2795 548 2852 enim
563 2802 647 2853 erant
660 2799 712 2854 10
725 2797 821 2852 maria
832 2813 885 2853 auo
900 2797 958 2852 ssna
1014 2789 1101 2847 terris
1130 2789 1251 2862 pulchre
1274 2789 1401 2864 Spiritus
1429 2791 1760 2863 superferehatur,quia
1786 2808 1838 2864 per

119 2885 276 2951 distincta,
292 2887 322 2940 et
342 2883 407 2940 ideo
422 2899 495 2956 vago
511 2884 612 2953 tluctu,
623 2890 653 2941 et
675 2884 820 2958 profundo
842 2885 958 2959 gurgite
1015 2878 1114 2951 ipsum
1132 2879 1279 2936 habebant
1293 2895 1433 2936 novorum
1449 2885 1586 2950 partuum
1602 2879 1716 2936 semina
1729 2878 1836 2950 germi-

117 2979 201 3030 terra
215 2971 432 3028 inundabatur.
445 2971 614 3042 Considera,
625 2973 695 3047 quia
709 2973 797 3030 etiam
812 2991 891 3030 nuno
906 2990 956 3046 pa·
1013 2984 1094 3032 nare,
1113 2969 1276 3026 seeundum
1292 2968 1370 3040 quod
1394 2968 1467 3025 dixit
1480 2968 1625 3039 Propheta
1640 2985 1647 3024 :
1664 2971 1712 3025 11
1737 2969 1836 3024 Emiue

120 3061 213 3119 lustri
232 3059 343 3134 uligine
352 3065 432 3117 terra
443 3061 594 3118 inhorrere
609 3063 769 3130 consuevit,
781 3079 834 3120 nee
843 3062 957 3135 patiens
1013 3056 1150 3129 Spiritum
1172 3061 1261 3122 tuum,
1277 3061 1304 3114 et
1326 3059 1501 3126 tractamur,
1521 3065 1547 3114 et
1568 3058 1711 3114 rameniis
1736 3059 1837 3128 sociem

122 3158 172 3208 est
199 3149 343 3215 vomeris,
362 3148 413 3204 ubi
439 3149 556 3206 int'usus
580 3151 666 3207 terris
689 3151 798 3207 humor
818 3152 954 3208 exundat.
972 3189 995 3258 c
1012 3151 1095 3203 terrae
1118 3146 1204 3218 (Ptol.
1226 3163 1285 3210 cur,
1301 3147 1358 3218 30).
1383 3147 1511 3219 Denique
1531 3147 1632 3219 Syrus,
1649 3145 1698 3218 qui
1722 3145 1838 3202 vicinus

121 3240 195 3296 brat
221 3254 294 3310 ergo
321 3235 532 3309 incomposita,
559 3243 661 3311 utpote
682 3239 800 3296 solertis
823 3239 956 3311 agricola
1014 3235 1132 3292 Hebrso
1147 3240 1243 3305 estet
1264 3251 1399 3292 sermone
1422 3240 1564 3292 consonat
1587 3235 1617 3291 in
1641 3233 1787 3308 plerisque
1810 3238 1839 3290 et

121 3327 244 3382 inarata
257 3323 393 3392 culturis,
406 3326 477 3398 quia
492 3326 588 3383 adhuc
602 3328 702 3384 deerat
717 3327 820 3384 cultor.
832 3329 900 3385 lirat
914 3328 956 3382 in·
1010 3324 1157 3396 congruit,
1178 3325 1220 3380 sie
1235 3323 1341 3381 habet:
1356 3327 1389 3380 lit
1404 3325 1524 3397 Spiritm
1537 3326 1588 3381 lici
1609 3324 1719 3396 fouebat
1742 3338 1838 3394 equos,

122 3415 307 3488 compositu
323 3414 394 3485 quia
408 3414 488 3471 nuda
501 3415 698 3488 gignentium,
714 3433 768 3473 neo
782 3416 876 3473 thoris
890 3416 956 3473 her·
1011 3412 1043 3468 id
1058 3418 1114 3480 est,
1129 3413 1304 3480 vivificabat,
1321 3417 1353 3469 ut
1374 3414 1404 3469 in
1425 3430 1514 3470 novas
1538 3417 1654 3486 cogeret
1678 3415 1838 3477 creaturas,

121 3505 198 3561 bosa
213 3502 360 3574 riparum,
377 3519 430 3558 neo
451 3519 542 3576 opaea
565 3505 746 3572 nemoribus,
762 3521 816 3562 neo
830 3504 896 3562 laeta
911 3521 958 3562 se·
1011 3506 1041 3558 et
1055 3502 1116 3558 lotu
1132 3518 1186 3558 suo
1202 3503 1347 3559 animaret
1358 3504 1394 3558 ad
1405 3502 1505 3559 vitam.
1515 3503 1589 3559 Nam
1600 3501 1688 3558 etiam
1698 3499 1840 3573 Spiritum

121 3593 258 3666 gestibus,
281 3607 336 3646 nec
361 3592 503 3648 umbrosa
529 3593 696 3666 superciliis
723 3595 880 3660 montium,
905 3609 959 3650 neo
1012 3597 1148 3648 sanetum
1166 3589 1292 3661 legimus
1312 3594 1483 3657 creatorem,
1504 3590 1618 3647 dicente
1638 3590 1704 3655 Job.
1720 3589 1840 3661 Spiritus

121 3683 220 3739 odora
236 3679 370 3746 lloribus,
385 3697 440 3736 nec
457 3683 541 3754 grata
559 3681 675 3738 vinetis.
691 3683 794 3740 Merito
810 3683 958 3756 incompo·
1012 3680 1124 3736 divinus
1139 3681 1188 3750 qui
1201 3681 1266 3750 iecit
1289 3695 1333 3735 ate
1348 3679 1410 3750 (lob
1434 3697 1516 3745 xxm,
1528 3680 1566 3748 i).
1577 3680 1642 3736 Sive
1656 3695 1724 3752 ergo
1748 3677 1840 3750 Spiri-

120 3772 193 3838 sita,
210 3786 280 3842 quse
294 3769 450 3826 ornatibus
472 3769 633 3843 indigebat,
648 3771 695 3827 eui
721 3771 841 3829 deerant
855 3772 959 3827 vitium
1013 3772 1063 3825 tus
1084 3773 1204 3825 sanctus
1226 3768 1462 3838 superierebatur
1485 3784 1574 3838 super
1596 3783 1700 3839 aquas,
1713 3767 1839 3823 tenebra

119 3866 204 3916 serta
219 3857 448 3931 gemmantium.
466 3858 627 3916 Ostendere
651 3860 730 3917 enim
754 3860 847 3916 voluit
871 3861 959 3923 Deus,
1014 3857 1228 3916 contrariarum
1237 3857 1379 3912 virtutum
1390 3873 1479 3928 super
1488 3872 1537 3913 aas
1548 3871 1612 3911 esse
1623 3871 1681 3910 nou
1693 3858 1838 3926 poterant,

120 3948 195 4020 quia
211 3962 269 4003 nec
284 3946 414 4002 mundus
437 3946 502 4019 ipse
516 3946 639 4005 baberet
658 3949 795 4022 gratiam,
811 3949 869 4004 nisi
892 3965 960 4005 enm
1015 3945 1064 4002 ubi
1081 3944 1177 4002 losum
1201 3944 1257 4002 sibi
1281 3948 1363 4002 tanta
1388 3943 1483 4015 gratia
1504 3941 1694 3998 vindicabat:
1710 3941 1780 4008 sive,
1807 3944 1840 3998 ut

118 4037 205 4093 racio
222 4033 305 4090 cultu
320 4041 456 4108 operator
471 4042 616 4092 ornasset.
627 4035 740 4093 Goelum
756 4036 854 4110 ipsum
868 4037 961 4093 intex·
1015 4034 1137 4108 quidam
1152 4033 1265 4101 volunt,
1280 4049 1376 4090 aerem
1400 4031 1555 4103 accipiant,
1571 4030 1767 4102 respondeant
1782 4046 1840 4101 qua

119 4129 188 4182 tum
206 4123 351 4191 nubibus,
371 4123 522 4181 horrorem
538 4123 642 4193 oeulis,
657 4125 830 4183 maestitiam
854 4125 961 4181 animis
1016 4122 1128 4178 ratione
1142 4123 1285 4194 Spiritum
1299 4121 1350 4179 Dei
1372 4121 1486 4188 dixerit,
1496 4136 1563 4178 eum
1586 4117 1659 4176 satis
1682 4119 1771 4176 luerit
1783 4119 1838 4188 spi-

120 4214 257 4270 excitare
290 4212 451 4269 consuevit.
481 4213 572 4270 'l'arra
602 4213 748 4271 imbribus
786 4214 960 4280 madefacta,
1015 4213 1101 4268 ritum
1117 4227 1298 4283 nuncupare.

58 4345 65 4354 .
119 4301 250 4360 fastidio
264 4305 321 4358 est.
339 4301 433 4357 Maria
450 4301 587 4375 procellis
602 4303 730 4371 turbata,
747 4319 821 4376 quos
844 4319 903 4360 non
916 4303 962 4358 iu·
1051 4309 1096 4364 30.
1113 4306 1148 4363 lii
1162 4323 1231 4378 ergo
1245 4305 1376 4362 volunta
1390 4305 1513 4362 Domino
1526 4303 1585 4361 Deo
1601 4307 1700 4360 nostro
1715 4307 1842 4375 quatuor

121 4391 247 4448 cutiunt
260 4390 379 4446 metus?
393 4389 595 4448 Pulcherrima
604 4396 649 4448 est
661 4408 759 4449 rerum
776 4391 899 4465 speeies,
911 4392 962 4448 sed
1017 4395 1147 4468 primum
1162 4393 1307 4451 elementa
1321 4397 1467 4466 generata,
1483 4391 1598 4457 coelum,
1612 4395 1732 4459 terram,
1749 4406 1841 4458 mare,

120 4481 200 4553 qnid
216 4483 298 4536 esset
311 4478 376 4535 sins
390 4478 523 4536 lumine?
546 4480 618 4553 quid
637 4480 702 4537 sine
716 4480 877 4553 temperiei
892 4481 962 4554 quid
1017 4500 1131 4552 aerem;
1147 4499 1180 4540 eo
1196 4482 1274 4553 quod
1299 4497 1393 4537 causa
1415 4496 1524 4548 rerum,
1538 4480 1616 4552 ignis
1639 4483 1668 4536 et
1690 4495 1749 4548 aer,
1765 4483 1843 4535 terra

120 4569 192 4626 sine
207 4584 358 4640 aquarum
372 4568 608 4642 congregatione,
619 4570 729 4641 quibus
744 4573 813 4626 ante
828 4569 962 4625 demersa
975 4560 1000 4627 l)
1015 4577 1045 4629 et
1059 4589 1137 4644 aqua
1158 4571 1229 4633 sint,
1244 4569 1402 4642 exquibus
1417 4569 1521 4624 mundi
1547 4569 1660 4640 species
1686 4570 1845 4624 consistet

118 4657 186 4731 poli
201 4657 298 4728 huius
312 4655 497 4713 habebantur
510 4657 650 4714 exordia?
663 4656 744 4715 Tolle
759 4657 850 4714 solem
866 4657 962 4726 terris,
1017 4659 1182 4717 tormani
1194 4659 1283 4733 igitur
1295 4658 1421 4715 tenebra
1432 4658 1631 4729 nequitiarum
1644 4655 1841 4730 spiritualium

118 4745 197 4803 tolle
212 4744 299 4801 ooelis
314 4743 469 4801 stellarum
482 4745 596 4819 globos,
607 4745 709 4802 omnis
723 4745 853 4802 tenebris
868 4746 965 4802 inhor·
1018 4748 1116 4806 iocum
1132 4749 1239 4804 habere
1263 4751 1430 4820 potuerunt,
1446 4763 1514 4804 cum
1529 4752 1662 4818 augusta
1687 4745 1777 4816 hujus
1792 4745 1843 4798 de·

119 4837 267 4892 assuunt,
284 4833 333 4889 Sic
349 4839 435 4890 erant
456 4837 614 4907 antequam
638 4834 738 4890 lumen
762 4834 965 4892 boiamundo
1018 4853 1114 4894 coram
1133 4837 1233 4909 ligura
1249 4835 1378 4892 mundus
1402 4835 1554 4890 indueret?
1579 4832 1729 4904 Numquid
1753 4828 1841 4886 simul

119 4923 278 4981 Dominus
303 4921 481 4978 infunderet.
498 4923 534 4979 Et
557 4924 622 4979 ideo
647 4923 799 4996 Scriptura
819 4923 860 4980 ait
876 4941 883 4980 ε
899 4925 966 4996 quis
1019 4925 1163 4982 malitiam
1179 4924 1256 4980 Deus
1272 4922 1398 4979 creavit?
1413 4923 1468 4978 Sed
1493 4938 1527 4978 ca
1546 4938 1580 4978 ex
1595 4920 1679 4977 nohis
1694 4921 1766 4982 orta,
1783 4931 1841 4972 non

119 5011 253 5069 lambres
278 5014 359 5066 erant
380 5027 464 5082 super
486 5011 617 5082 abyssum
641 5012 717 5084 (Gen.
734 5029 755 5079 1,
770 5013 809 5084 2).
826 5012 965 5068 'l‘enebrra
1020 5019 1179 5071 screatore
1194 5013 1252 5069 Deo
1267 5011 1394 5080 condita,
1410 5027 1526 5067 morum
1546 5008 1662 5066 levitate
1675 5008 1842 5079 generatur,

120 5103 230 5167 erant,
242 5098 315 5171 quia
329 5099 470 5172 splendor
489 5099 589 5157 deerat
613 5099 698 5157 lucis.
710 5100 849 5158 Tenebrae
871 5105 965 5167 erant,
1020 5120 1079 5159 non
1096 5101 1186 5158 ullam
1201 5104 1340 5157 creaturae
1354 5100 1466 5156 hahens
1481 5094 1709 5170 prerogativam,
1725 5109 1778 5150 neo
1791 5111 1843 5150 au·

46 5263 50 5267 q
121 5190 206 5264 quia
220 5204 273 5244 aer
288 5186 352 5260 ipse
366 5189 541 5246 tenebrosus
563 5194 617 5246 est.
633 5193 717 5262 Aqua
740 5190 804 5262 ipsa
819 5191 875 5247 sub
890 5194 967 5247 nube
1021 5192 1186 5248 ctoritatem
1207 5189 1378 5246 substantia
1394 5187 1547 5253 naturalis,
1564 5184 1614 5242 sed
1639 5181 1843 5240 mutabilitatis

120 5276 966 5350 tenebrosaest,quiatenebrosanuainnubibusseris.
1020 5281 1136 5346 vitium,
1164 5287 1194 5336 et
1217 5293 1344 5334 errorem
1367 5275 1573 5350 prolapsionis.
1597 5270 1745 5330 liradicari
1769 5271 1845 5329 hane

121 5368 227 5426 Erant
240 5379 312 5437 ergo
327 5365 454 5421 wnehre
478 5381 569 5438 super
588 5366 711 5440 abyssos
735 5382 889 5438 equorum.
905 5367 968 5423 Non
1024 5371 1100 5427 Deus
1111 5368 1171 5425 vult
1180 5369 1216 5424 de
1229 5366 1337 5422 ultimis
1348 5363 1542 5437 singulorum,
1551 5362 1696 5436 quomodo
1707 5378 1771 5418 eam
1783 5362 1846 5435 ipse

121 5455 215 5513 enim
228 5452 327 5510 malas
341 5453 567 5528 intelligendum
581 5455 709 5512 arbitror
718 5456 968 5527 potestatemquae
1023 5456 1192 5533 generaret?
1219 5454 1331 5510 Clamat
1359 5451 1500 5526 propheta
1521 5469 1528 5508 ε
1551 5453 1668 5509 Desinite
1692 5467 1709 5506 a
1729 5451 1847 5515 malitiis

160 5561 229 5633 (3⁴)
248 5559 295 5618 lta
317 5576 392 5617 mss.
412 5560 566 5619 duodecim
581 5577 616 5618 ao
634 5564 693 5617 vet.
709 5560 792 5627 edit.;
814 5575 885 5616 mss.
903 5577 970 5620 vero
1023 5566 1103 5639 quusi
1113 5556 1531 5634 corruptibilescrcuturas.Vat.
1542 5558 1644 5630 uodo,
1653 5537 1846 5632 perpetuom...

123 5635 322 5704 crememus„
334 5631 419 5691 Gorh.
431 5649 520 5706 unus,
531 5636 561 5693 et
574 5633 660 5692 Rom.
673 5632 742 5690 edit.
755 5639 911 5706 perpetuat,
925 5634 971 5693 sed
1024 5633 1230 5710 aonuptibitem
1242 5635 1406 5688 mouturam.
