4159 6184
1037 319 1069 379 S.
1088 317 1275 380 AMBROSll

701 637 1060 804 SANCTI
1123 495 1619 802 AMMROSH
2019 598 2022 708 ³

920 903 1211 962 MEDIOLANENSIS
1229 901 1387 960 EPISCOPI

567 1068 642 1175 llll
691 1060 1201 1176 BENEMCTMMBUS
1248 1060 1741 1174 PdllllhllllllhlllJM

942 1297 1104 1381 LIBER
1134 1294 1292 1382 UNUS
1312 1285 1370 1382 (¹³.

484 1639 629 1696 aaa-1⁸
651 1636 766 1693 CAPUT
786 1633 938 1690 PRIMUM.
1139 1631 1319 1697 ,bservavit
1338 1639 1368 1686 ut
1384 1631 1490 1687 seniori
1507 1629 1567 1687 filio
1583 1629 1649 1704 plus
1664 1631 1797 1696 deferret,
1821 1631 1888 1686 sicut
1906 1631 1962 1687 larse
2019 1640 2024 1698 ¹,

302 1759 333 1816 tlt
354 1757 438 1812 liberi
452 1756 490 1811 ott
505 1755 634 1810 honorem
649 1751 825 1822 deserendum
838 1748 1003 1876 pirreretilms
1028 1747 1126 1816 impet·
1182 1735 1299 1791 qu⁰q¹¹e
1314 1719 1344 1774 ln
1361 1720 1434 1774 3⁵⁰⁰
1452 1719 1577 1792 primm
1594 1717 1686 1774 fillum
1702 1719 1916 1775 benedl⁰¹l⁰⁰⁰¹¹¹
1930 1721 1963 1775 l0'

334 1829 468 1893 serentur,
484 1842 617 1897 mappam
636 1826 693 1880 vim
715 1825 812 1878 horum
854 1819 1020 1876 mediatione·
1042 1819 1127 1875 Deum
1182 1807 1256 1863 serre
1270 1807 1421 1880 cupiebat:
1438 1808 1489 1864 sed
1506 1807 1648 1864 minorem
1665 1807 1759 1862 tilium
1773 1808 1800 1861 in
1816 1811 1876 1879 typo
1890 1808 1965 1878 junio·

335 1899 478 1956 indidisse.
493 1903 642 1954 Paternum
668 1893 879 1975 benedictionem
903 1892 1023 1972 accipere
1046 1892 1126 1971 iope·
1181 1895 1222 1952 ris
1239 1894 1337 1968 populi
1353 1894 1476 1952 credidit
1492 1895 1715 1968 preterendum,
1733 1896 1809 1951 sicut
1825 1900 1881 1951 erat
1900 1895 1965 1968 ipses

334 1971 420 2098 pirum
433 1971 590 2042 festinasse,
603 1975 682 2038 ctqne
696 1967 781 2021 etium
801 1963 872 2034 filios
894 1965 968 2034 patro
996 1959 1127 2016 obtulisse
1181 1990 1274 2040 matre
1285 1983 1433 2057 praelapus·

352 2041 535 2098 mndmendos.
553 2043 586 2096 dr
601 2053 663 2110 qaae
678 2037 721 2092 bis
736 2036 869 2108 rnqsterio
878 2033 1073 2088 contineantur
1214 2074 1241 2127 4·
1258 2073 1390 2145 Denique
1405 2073 1555 2130 Mamm
1571 2090 1605 2129 ex
1620 2072 1767 2130 oblivione
1780 2073 1853 2143 (Gen.
1865 2089 1912 2137 ω’
1923 2072 1962 2141 5η

334 2174 360 2230 l.
372 2173 502 2228 Primum
519 2170 653 2228 omnium
673 2173 814 2241 quantam
830 2165 972 2222 discimus
995 2163 1124 2236 parenti·
1179 2161 1283 2217 Latina
1299 2159 1547 2233 interpretatione,
1563 2162 1698 2234 signatur
1714 2179 1751 2218 ec
1775 2162 1848 2234 qued
1869 2161 1965 2234 popum

300 2263 355 2317 bus
371 2261 476 2317 reterre
490 2259 692 2324 reverentiam,
710 2273 776 2312 curn
791 2255 916 2327 legimus
932 2254 970 2325 (2)
982 2251 1058 2324 (Gon.
1083 2269 1122 2319 rx,
1177 2249 1345 2306 iudeorum
1360 2249 1469 2306 oblitus
1484 2256 1529 2306 est
1543 2249 1635 2306 Deum
1651 2268 1743 2306 suum
1759 2250 1809 2323 qui
1829 2250 1889 2306 lecit
1907 2266 1964 2304 eun.

297 2349 390 2422 2527)
403 2349 543 2420 quoniam
560 2346 609 2420 qui
625 2345 852 2402 benedicebatur
880 2359 897 2398 a
918 2347 1010 2412 patra,
1034 2341 1122 2396 bene·
1177 2339 1213 2394 Et
1227 2339 1405 2412 quicumque
1420 2354 1455 2395 ex
1469 2357 1503 2395 en
1518 2338 1602 2411 plebe
1616 2339 1787 2408 crediderit,
1811 2344 1931 2412 tanquan
1942 2355 1966 2392 es

297 2439 394 2494 dictus
409 2444 480 2502 erat,
497 2443 526 2492 ct
540 2453 590 2508 qur
606 2433 844 2500 maledicebatur,
861 2430 1034 2486 maledictus
1050 2429 1120 2484 erati
1177 2426 1321 2483 oblivione
1337 2434 1497 2484 revocatur.
1513 2413 1647 2500 Ephrem
1670 2434 1773 2485 autem
1794 2428 1965 2485 secunditatem

298 2527 365 2582 ldeo
376 2526 451 2583 hanc
463 2525 633 2598 parentibus
643 2523 768 2596 gratiam
780 2519 897 2576 donavit
908 2519 995 2585 Deus,
1009 2522 1040 2572 ut
1051 2515 1123 2571 filio·
1176 2515 1254 2582 fidei,
1270 2515 1509 2588 interpretatione
1524 2516 1652 2573 nominis
1661 2515 1827 2588 pollicetur,
1850 2515 1894 2588 qui
1908 2517 1966 2570 aurit

297 2633 362 2672 rum
376 2615 470 2689 pietas
481 2617 661 2688 provocetur.
672 2607 1121 2682 Prarogativaigiturparentnm
1175 2608 1300 2676 patrem,
1317 2605 1394 2661 sicut
1408 2604 1449 2661 ait
1461 2605 1524 2677 ipse
1538 2604 1646 2677 ioseph
1663 2605 1785 2662 dicens:
1803 2629 1817 2656 «
1831 2606 1896 2669 Oula
1907 2603 1966 2660 ⁸⁰¹5*

297 2703 455 2777 disciplina
468 2708 513 2760 est
529 2702 666 2758 filiorum.
684 2700 800 2756 Honora
813 2714 881 2772 ergo
893 2700 1016 2768 patrem,
1032 2694 1122 2749 utba·
1176 2708 1223 2748 me
1236 2691 1315 2750 Deus
1330 2693 1359 2748 in
1376 2698 1453 2749 terra
1466 2692 1642 2750 humilitatis
1657 2692 1965 2766 resequestrabat

296 2793 412 2849 nedicat
426 2797 465 2848 te.
481 2793 609 2848 Honoret
624 2789 691 2861 pius
707 2792 818 2859 patrem
841 2788 959 2856 propter
982 2781 1119 2855 gratiam,
1173 2781 1325 2852 proprium
1336 2787 1381 2837 est
1392 2781 1489 2854 populi
1496 2782 1636 2853 junioris,
1647 2783 1699 2852 qui
1712 2800 1818 2856 corpus
1825 2789 1865 2838 est
1874 2780 1964 2843 Christi,

295 2883 430 2954 ingratus
446 2885 565 2952 propter
578 2877 724 2932 timorem.
743 2873 777 2930 m
791 2874 814 2928 si
828 2888 938 2945 pauper
958 2875 1003 2926 est
1026 2875 1119 2942 pater,
1174 2885 1285 2942 augens
1299 2874 1422 2941 patrem,
1440 2875 1468 2926 et
1482 2871 1573 2926 Deum
1585 2871 1739 2942 proprium
1750 2889 1808 2928 non
1819 2871 1965 2942 relinquens.
2024 2914 2028 2927 .

295 2973 323 3026 et
340 2985 396 3024 non
412 2968 499 3024 babet
512 2962 788 3035 divitiarumcopias
799 2978 871 3033 quas
884 2958 1117 3031 relinquatssliis,
1208 2961 1235 3014 5.
1253 2959 1382 3030 Denique
1397 2958 1566 3030 spiritaliter
1580 2960 1616 3015 de
1630 2960 1749 3033 populis
1762 2961 1816 3017 bne
1845 2978 1900 3016 esse
1919 2973 1965 3028 my·

296 3058 488 3113 habettamen
501 3055 610 3110 ultimae
622 3050 833 3108 benedictionis
845 3048 1119 3119 hereditatemque
1171 3052 1294 3110 sterium
1307 3048 1404 3105 senior
1418 3048 1588 3104 declaravit.
1604 3049 1676 3104 Nam
1694 3066 1763 3105 cum
1780 3051 1854 3106 tilius
1877 3050 1967 3122 putant

295 3143 535 3203 sanctificationis
559 3157 629 3214 opes
659 3137 878 3196 successoribus
902 3134 1053 3207 largimur.
1084 3136 1118 3190 Et
1171 3159 1239 3199 eum
1250 3152 1363 3196 errasse
1377 3135 1446 3192 vitio
1469 3138 1627 3194 hebetioris
1655 3145 1807 3210 aspectus,
1831 3143 1966 3194 consertos

295 3232 388 3290 multo
404 3231 469 3306 plus
484 3241 529 3287 cst
544 3231 660 3286 beatum
676 3243 765 3300 quam
781 3225 900 3281 divitem
917 3225 987 3280 tisri.
1170 3228 1454 3298 volnitmanusejus
1468 3226 1569 3283 dicens
1582 3244 1588 3282 :
1600 3249 1614 3276 «
1628 3226 1748 3283 Nausic
1762 3222 1966 3300 persenserim

329 3324 355 3378 2.
373 3320 540 3378 Festinabat
548 3317 657 3390 ioseph
670 3332 785 3372 sumere
796 3315 1025 3371 benedictionem
1038 3313 1114 3384 (Gen.
1171 3316 1337 3392 primitivus
1352 3320 1406 3382 est,
1420 3316 1538 3387 impone
1552 3316 1700 3370 dexteram
1717 3321 1799 3372 tuam
1810 3331 1891 3388 super
1900 3318 1967 3383 caput

293 3427 390 3477 xcvru,
411 3408 615 3478 l·l).Denique
630 3411 659 3462 et
674 3404 749 3460 illios
765 3419 834 3460 aues
845 3403 951 3458 obtulit
960 3402 1117 3458 Manassen
1170 3409 1245 3479 ejus.
1262 3403 1586 3476 assolutamente:
1610 3403 1685 3470 Scio,
1713 3405 1766 3471 tili,
1790 3405 1858 3460 sein.
1881 3403 1909 3458 ht
1930 3399 1966 3454 bic

294 3505 323 3557 st
338 3498 482 3571 Ephrem,
503 3511 578 3569 quos
606 3492 755 3550 benedixit
776 3491 867 3547 iacob
893 3491 962 3560 (ibid
989 3491 1069 3562 9-20)
1086 3496 1118 3548 ut
1170 3497 1226 3554 erit
1239 3495 1270 3551 in
1288 3493 1442 3566 populum,
1457 3497 1486 3548 et
1499 3491 1548 3548 hic
1560 3491 1755 3550 exaltabitur:
1772 3493 1822 3550 sed
1835 3493 1913 3547 irater
1921 3489 1969 3558 ejus

294 3583 533 3660 quaestinonem
547 3583 673 3640 babebat
697 3580 783 3646 filios,
799 3585 826 3635 et
856 3579 960 3635 tertius
983 3579 1116 3637 decimus
1168 3584 1267 3656 junior
1282 3584 1376 3652 major
1385 3581 1434 3637 iilo
1450 3581 1515 3648 erit,
1535 3584 1563 3636 et
1579 3598 1682 3638 semen
1693 3583 1763 3654 ejus
1771 3582 1828 3638 erit
1837 3575 1967 3636 multitudo

294 3681 356 3733 erat
371 3676 487 3731 iuturus
502 3671 651 3745 apostolus
667 3670 785 3735 PauluS,
802 3667 885 3740 quasi
902 3668 1046 3741 posterior
1059 3668 1116 3725 ele·
1170 3673 1301 3747 gentium
1318 3672 1393 3743 (Gen.
1410 3686 1507 3737 ausiti,
1526 3672 1559 3726 18
1578 3675 1606 3726 et
1620 3671 1679 3742 aa).
1697 3693 1713 3720 »
1741 3671 1869 3742 Denique
1890 3667 1970 3740 poelt'

294 3769 371 3828 ctus,
385 3765 471 3820 tertia
491 3762 604 3819 decima
620 3761 714 3816 tribus
729 3760 765 3814 de
781 3758 916 3814 Manasse
930 3761 959 3812 et
982 3756 1116 3828 Ephrem
1171 3764 1295 3819 rendum
1310 3760 1444 3832 Ephrem
1464 3758 1572 3816 seniori
1591 3775 1745 3832 germano,
1772 3760 1858 3816 ctiam
1879 3752 1970 3812 beneti-

293 3853 449 3926 nepotibus
463 3851 695 3908 sanctificaretur
709 3847 737 3902 in
755 3851 912 3918 utrumque
932 3845 1035 3913 divisa,
1059 3863 1117 3918 quo
1172 3851 1278 3906 ctinnis
1295 3849 1370 3905 serie
1385 3848 1569 3922 prophetavit
1584 3848 1705 3904 dicans:
1720 3875 1734 3899 ιι
1748 3850 1780 3906 ln
1793 3841 1971 3905 sobisbcnedi·

294 3942 403 3999 Paulus
419 3958 476 3997 non
493 3944 573 3996 extra
589 3943 779 4011 paternarum
805 3950 961 3990 arimenum
985 3935 1117 3990 tribuum
1172 3945 1255 3996 cetur
1269 3936 1370 4003 isreel,
1385 3936 1573 3993 dicentibus:
1591 3936 1666 3992 Mb
1692 3937 1795 3993 Faciat
1816 3935 1893 3991 vobis
1912 3931 1971 3988 litus

294 4029 483 4090 inveniretur,
502 4028 552 4101 qui
567 4026 680 4083 Veteris
696 4023 877 4082 Testamenti
894 4027 922 4079 ct
945 4023 1015 4078 Novi
1037 4039 1118 4096 egre·
1174 4027 1251 4083 sicut
1267 4026 1400 4098 Ephrem
1423 4029 1453 4080 et
1481 4023 1635 4081 Manassen
1659 4025 1733 4096 (ibid
1755 4026 1811 4097 20).
1832 4047 1846 4075 r
1870 4023 1901 4078 Et
1923 4017 1971 4072 id⁰⁰

293 4119 361 4192 gius
371 4117 551 4191 predicator,
563 4120 689 4188 paternae
700 4111 911 4169 benedictionis
919 4110 1119 4168 hereditatem
1174 4131 1241 4171 cum
1256 4118 1355 4171 essent
1370 4118 1501 4186 nepotes,
1518 4113 1548 4168 in
1563 4113 1662 4169 locum
1676 4113 1808 4170 liliorum
1822 4117 1887 4170 sunt
1904 4107 1972 4176 ador

295 4207 351 4264 sibi
367 4221 483 4279 quoque
500 4203 582 4260 facile
599 4202 756 4276 proiecisse
771 4202 984 4273 comprobaret.
1174 4204 1238 4271 tati,
1255 4207 1288 4259 ut
1301 4219 1359 4259 non
1374 4205 1474 4259 essent
1488 4201 1571 4258 avite
1583 4202 1800 4259 benedictionis
1821 4203 1946 4275 expertes.

329 4297 356 4350 3.
374 4295 545 4366 Quanquam
573 4289 712 4366 preclara
726 4289 787 4346 hac
803 4289 832 4344 in
849 4289 904 4344 boc
915 4287 1120 4360 sintmysteria
1509 4316 1622 4373 Cppqrp
1643 4316 1677 4372 ῃ,

296 4384 384 4449 m,
402 4383 481 4455 quod
498 4378 740 4451 sumensloseph
756 4379 833 4434 tilios
846 4393 916 4433 suos
931 4393 1005 4449 quos
1021 4390 1120 4431 susce·
1136 4364 1158 4432 C
1176 4411 1214 4464 De
1236 4407 1419 4463 benedicum
1441 4406 1534 4462 Rupe„
1555 4407 1742 4476 mmmm,
1789 4421 1834 4464 Μ
1859 4421 1907 4460 non
1929 4405 1974 4455 pm

295 4475 378 4542 perat
392 4470 423 4524 in
438 4471 559 4542 AEgypto
576 4511 583 4536 ,
601 4467 732 4541 Ephrem
749 4467 785 4522 ad
800 4467 946 4522 dexteram
963 4481 1061 4535 sunm,
1085 4464 1119 4519 nd
1213 4478 1374 4546 amiam,
1390 4493 1472 4550 quam
1483 4478 1626 4550 proppepa
1639 4481 1696 4534 m:
1716 4477 1750 4535 αὖ
1771 4425 1919 4536 §mom
1938 4485 1973 4547 ‘l'

296 4557 448 4614 sinistram
464 4565 561 4614 autem
578 4555 665 4613 lsrael
678 4555 768 4628 patris
780 4555 826 4611 sui
838 4571 845 4612 ι
856 4555 1010 4612 Manassen
1021 4557 1120 4608 autem
1211 4566 1272 4606 rnre
1282 4552 1356 4606 eirea
1372 4551 1460 4622 ipsam
1469 4566 1479 4610 ,·
1494 4548 1579 4621 deque
1589 4550 1731 4620 mysteriis
1743 4566 1795 4622 per
1816 4545 1926 4605 eamdem
1944 4555 1971 4594 tt·

295 4645 333 4704 ad
349 4645 499 4702 sinistram
515 4662 611 4708 suani,
636 4649 667 4699 ut
686 4645 722 4700 ad
745 4644 893 4701 dexteram
918 4646 996 4699 essct
1021 4639 1120 4709 lsrael,
1211 4622 1360 4693 tt'lififfllli·

295 4733 439 4810 applicuit
453 4749 502 4789 eos
518 4738 586 4788 ante
603 4737 714 4803 patrem
731 4747 829 4788 suum.
847 4731 1010 4786 Extendens
1022 4735 1120 4786 autem
1209 4738 1237 4792 q,
1254 4733 1753 4807 1100henqdissfioneoepebrmpgp
1775 4733 1882 4791 vomit
1902 4728 1972 4785 ,qam

295 4823 384 4882 lsrael
411 4838 533 4878 manum
563 4821 722 4888 dexteram,
754 4819 894 4892 imposuit
921 4836 1009 4890 super
1033 4823 1122 4890 caput
1174 4823 1572 4895 ssliosauostden.xnrx,t).
1594 4823 1776 4895 Mtquinnts
1791 4822 1973 4894 junioremse

294 4912 430 4986 Ephrem
446 4911 497 4984 qui
511 4914 573 4968 erat
583 4909 686 4981 junior
700 4913 728 4965 et
739 4909 837 4964 stabat
849 4909 884 4964 ad
897 4909 1048 4964 sinistram
1059 4909 1120 4968 nvi:
1175 4911 1249 4969 niori
1266 4911 1575 4985 pratulcrnt,coepita
1596 4911 1711 4986 primn;
1739 4912 1825 4968 utin
1848 4907 1894 4964 illc
1922 4917 1973 4971 my·

295 5008 323 5060 at
339 5002 491 5059 sinistram
507 5016 592 5056 suam
609 4998 708 5072 posuit
723 5013 813 5069 supra
828 4996 981 5054 Manassen
998 4997 1121 5068 quierat
1175 5001 1257 5057 sterii
1273 4999 1422 5074 preferret
1435 4999 1571 5073 gratiam,
1586 4999 1616 5054 in
1640 4999 1695 5056 boc
1718 5001 1851 5056 ordinem
1870 4991 1974 5052 servaret

296 5093 332 5150 td
349 5093 510 5159 dentiam,
525 5094 553 5147 θὶ
569 5093 610 5144 lli
624 5086 787 5146 immulfllls
804 5086 950 5152 manibus.
974 5086 1122 5142 benedixit
1178 5089 1289 5157 atatim
1305 5088 1395 5144 simul
1410 5088 1461 5160 qui
1477 5092 1544 5144 ante
1560 5089 1589 5144 in
1605 5088 1721 5144 duobus
1736 5087 1914 5145 benedixerat
1925 5075 1973 5133 uni

294 5180 426 5250 eos(lbid
442 5179 547 5252 l3-2t).
566 5179 597 5234 ln
614 5193 671 5250 quo
687 5180 716 5232 et
729 5173 837 5247 Jcsepb
852 5177 961 5229 naturas
986 5175 1119 5230 ordinem
1175 5195 1274 5236 versos
1285 5194 1357 5256 eum
1377 5177 1622 5249 omnposteritate
1633 5176 1807 5251 etprogenie
1821 5177 1972 5231 suturarum,

330 5339 369 5409 (1)
383 5339 515 5411 Scriptus
530 5339 607 5395 cirea
622 5355 669 5394 an.
686 5337 748 5392 387.
1172 5338 1214 5394 vit
1230 5341 1326 5395 autem
1342 5335 1432 5392 Jacob
1447 5333 1523 5393 filios
1537 5353 1616 5404 suos,
1632 5341 1661 5393 et
1684 5337 1742 5393 ait:
1762 5323 1972 5408 aonpegcmipi

328 5409 373 5534 M)
389 5409 430 5464 lta
445 5427 517 5466 mss.
534 5427 566 5465 ac
581 5413 638 5466 vet.
662 5409 731 5464 edit.
756 5423 868 5464 omncs.
893 5405 977 5462 Rom.
1007 5411 1118 5472 nutem,
1174 5415 1206 5466 ut
1221 5407 1394 5464 annuntiem
1409 5408 1571 5480 vobisque
1591 5425 1748 5465 occursura
1770 5413 1839 5464 sunt
1861 5400 1933 5458 vobis
1949 5409 1972 5448 m

297 5503 310 5529 ιι
352 5479 459 5536 nimum
474 5482 606 5538 omnium
617 5480 761 5536 discimus
779 5481 919 5552 quantam
946 5479 1118 5552 parentibus
1173 5479 1344 5538 novissimis
1362 5479 1476 5534 diebus.
1493 5479 1623 5536 Duorum
1640 5485 1779 5553 nepotum
1794 5470 1972 5535 benedictione

298 5552 488 5610 reverentiam
504 5553 616 5610 deterre
633 5553 859 5620 debeamusetc.
873 5573 887 5600 r
1173 5553 1328 5623 celebrata,
1344 5549 1456 5610 vocavit
1468 5550 1560 5610 Jacob
1571 5553 1671 5624 etiam,
1686 5557 1741 5610 ete.
1760 5573 1772 5602 ι

333 5621 372 5702 (3)
392 5620 483 5700 Caput
493 5623 547 5683 boc
562 5625 592 5682 in
606 5623 676 5682 edit.
692 5623 774 5682 Rom.
786 5623 828 5682 ita
843 5619 964 5698 incipit:
994 5641 1005 5670 ι
1031 5620 1119 5682 Voca-
