4159 6184
223 279 283 375 ou
956 275 1199 344 assuescas
1868 269 1921 334 ua

224 414 288 485 ipsc
324 409 485 482 restringit,
522 410 643 483 poenitet
679 427 746 466 eum
784 410 886 483 culpa,
925 411 961 466 de
985 410 1049 482 ipsa
1065 411 1237 477 Aloannis,
1263 425 1345 465 amas
1357 425 1404 466 me
1429 409 1509 482 (ibid.
1536 405 1654 482 tutat
1667 407 1859 464 contristatus
1873 408 1922 469 est,

224 517 340 571 surriper
358 497 476 572 cogitat,
497 502 526 554 et
540 499 694 573 cogitando
709 516 739 555 se
768 499 830 573 ipse
857 500 1042 556 oondeuumt.
1102 499 1169 571 qum
1185 499 1257 553 dixit
1273 498 1295 554 ei
1309 498 1393 554 tertio
1407 513 1413 553 :
1429 499 1519 555 Amas
1534 513 1598 566 ma;
1612 494 1779 554 atdixitei:
1795 493 1922 550 Domine.

222 590 326 644 Justus
359 588 437 644 enim
465 587 496 644 in
530 588 690 660 primordio
723 588 868 645 sermonis
894 596 1047 645 accusator
1101 587 1200 644 omnia
1223 591 1253 642 tu
1276 586 1344 656 scis,
1371 591 1402 642 tu
1427 587 1503 643 nosti
1528 583 1924 660 quiaamote(tbid.).»lit

221 681 268 734 ast
295 677 354 733 sui.
383 678 438 743 Qui
465 693 497 734 se
527 678 769 750 aecusat,justus
795 681 860 746 est3
878 678 929 750 qui
944 679 1046 749 justus
1101 677 1213 732 dictum
1229 681 1273 732 est
1287 675 1313 731 ei
1325 675 1403 732 trina
1414 676 1520 732 vicem<
1536 676 1625 733 Pasce
1649 691 1717 733 oves
1741 670 1922 740 messatici.

221 771 277 835 est,
304 766 422 824 sobrius
449 772 503 832 est,
532 783 623 822 sanus
650 774 703 822 est.
733 767 837 822 iustus
867 766 961 822 lavere
989 767 1047 822 sibi
1101 767 1165 835 18),
1191 781 1312 836 sequere
1339 781 1396 830 me,
1413 787 1427 815 u
1445 764 1530 835 quusi
1551 764 1600 836 qui
1617 769 1872 836 peccatumsuum
1883 760 1924 816 ui·

222 856 326 922 nescit,
351 856 476 928 rigorem
498 855 604 926 judieii
628 856 716 911 etiam
740 856 818 911 eirca
841 872 872 911 se
892 873 950 911 non
966 855 1047 910 novit
1101 852 1449 909 miacharitatetexisset.
1464 849 1924 926 Necotioseposteonieasiouem
2029 879 2030 884 κ

222 943 378 1012 inflectere,
399 943 631 999 recordationem
652 944 752 1016 lapsus
782 944 891 1017 proprii
925 944 1046 1016 perhor·
1102 941 1198 996 nimia
1220 939 1505 1012 charitatisjubetur
1519 939 1632 1013 plebem
1649 956 1758 1014 regere,
1774 939 1826 1010 qui
1841 938 1925 994 etiam

222 1031 1047 1104 rescit,etcommissumerubesciterrorem,omnemejus
1100 1031 1237 1086 turbatus
1253 1047 1311 1084 non
1328 1029 1475 1095 amiserat,
1492 1029 1741 1102 quemadmodum
1757 1029 1822 1100 ipse
1836 1043 1868 1084 ae
1883 1043 1925 1082 rc·

223 1121 395 1178 memoriam
424 1127 519 1192 pavet,
555 1121 670 1189 metuit,
707 1121 901 1189 reformidat;
929 1138 1046 1192 gravem
1101 1121 1205 1191 geret?
1220 1118 1547 1190 Hecproptergratiam
1571 1117 1700 1174 diximus
1715 1115 1878 1182 charitatis,
1893 1132 1924 1171 eo

222 1209 327 1266 sibiae
347 1209 470 1279 judicat,
499 1226 530 1265 se
553 1210 653 1281 ipsum
675 1211 819 1266 arbitrum
845 1210 962 1282 refugit,
994 1226 1047 1265 neo
1102 1207 1178 1278 quod
1194 1211 1345 1279 peccatum
1368 1211 1456 1278 tegat.
1484 1207 1617 1278 Denique
1641 1204 1774 1262 nonnulli
1796 1204 1925 1260 ideotri-

221 1315 286 1355 ease
314 1297 370 1354 sibi
399 1299 487 1354 audet
513 1299 712 1365 committere;
742 1299 819 1372 quod
848 1297 963 1353 nntium
993 1315 1047 1370 pu·
1102 1310 1170 1350 nam
1186 1295 1443 1366 interrogationem
1459 1293 1624 1351 dilectionis
1648 1292 1926 1350 lectemesssdixe·

224 1391 266 1442 tat
284 1386 341 1442 sibi
367 1401 431 1442 esse
455 1388 627 1459 graviorem,
652 1404 741 1460 quarn
763 1404 831 1443 eum
847 1403 934 1459 quem
959 1386 1048 1442 latere
1102 1388 1181 1450 runt,
1196 1382 1265 1454 quia
1279 1383 1356 1439 trina
1381 1383 1476 1438 linerat
1505 1384 1641 1455 negatio,
1659 1389 1690 1439 ut
1714 1383 1797 1438 trina
1812 1381 1927 1455 lapsum

224 1493 283 1531 non
312 1476 414 1548 possit,
439 1474 539 1531 tallere
569 1493 626 1531 non
656 1480 755 1548 queat,
781 1477 881 1547 sugere
910 1476 1049 1532 actitare
1102 1472 1266 1544 negationis
1284 1471 1424 1544 professio
1439 1472 1592 1528 charitatis
1610 1472 1697 1528 toties
1713 1472 1837 1544 repetita
1852 1471 1927 1527 dele-

223 1580 282 1620 non
301 1564 435 1636 reperiat,
462 1564 519 1619 nisi
543 1570 576 1620 ut
601 1581 633 1620 se
657 1565 713 1620 sibi
729 1566 861 1638 abneget,
889 1571 917 1620 et
932 1564 1047 1620 Domini
1104 1567 1156 1616 ret.

224 1668 340 1708 cruram
355 1653 440 1709 tollat
452 1655 519 1724 (26).

260 1744 304 1798 ta.
322 1742 429 1814 Magna
463 1743 506 1797 vis
539 1743 670 1798 obnoxiae
710 1744 902 1811 conscientia,
941 1759 1049 1815 magna

225 1830 379 1904 supplicia.
411 1831 566 1885 'timebunt
594 1831 685 1886 Adam
713 1836 741 1887 et
761 1833 836 1896 Eva;
853 1837 882 1888 et
911 1849 977 1886 cum
993 1832 1050 1888 Do-

224 1917 297 1973 mini
323 1933 424 1974 vocem
454 1917 483 1970 in
512 1917 649 1989 paradiso
677 1920 857 1974 ambulantis
883 1920 1049 1983 audierunt,

225 2005 382 2079 cupiebant
409 2023 440 2062 se
467 2007 656 2066 abscondere.
686 2023 760 2078 quos
786 2024 871 2062 nomo
892 2009 1048 2079 quaerebat.

224 2096 294 2152 Cain
323 2110 439 2167 quoque
465 2096 616 2151 metuebat
643 2113 679 2150 ne
707 2098 803 2152 omnis
832 2113 899 2152 cum
926 2100 1050 2168 quicun-

225 2199 282 2256 que
310 2183 462 2250 inveniret,
491 2185 635 2239 occideret
653 2203 660 2239 :
681 2185 722 2240 ita
746 2186 776 2240 in
804 2203 835 2240 se
858 2186 922 2258 ipse
941 2187 1052 2242 terebat

224 2273 412 2340 sententiam,
433 2272 510 2344 quod
539 2273 648 2345 dignus
667 2278 745 2329 esset
763 2275 810 2328 cui
833 2273 932 2329 nullus
952 2276 1051 2346 ignos-

225 2364 313 2418 ceret.
334 2359 416 2417 Unde
435 2360 508 2424 bens
528 2361 586 2416 ait:
610 2384 624 2412 u
644 2362 836 2418 sinelicium
863 2380 962 2417 meum
982 2380 1051 2418 con·

225 2453 273 2506 tra
292 2466 339 2505 me
357 2454 403 2505 est
422 2465 549 2521 semper,
564 2472 578 2500 »
598 2451 652 2505 hoc
671 2456 726 2514 est,
747 2451 810 2506 sine
828 2451 979 2507 intervallo
999 2451 1052 2506 ati·

226 2556 285 2612 quo
318 2539 478 2594 recordatio
507 2546 536 2594 et
564 2540 675 2610 species
701 2541 766 2610 ipsa
795 2542 852 2596 mei
880 2545 927 2596 me
945 2541 1053 2596 erroris

224 2627 410 2701 impugnant.
444 2629 602 2684 Considera
629 2631 776 2700 quomodo
806 2647 861 2686 nos
880 2631 1051 2694 contundat,

225 2733 293 2772 cum
313 2715 424 2789 aliquid
444 2718 633 2788 deliquimus,
654 2719 800 2789 quomodo
833 2719 963 2774 incurset
982 2735 1053 2774 ocu-

225 2804 280 2875 los,
311 2807 457 2876 quomodo
485 2808 514 2860 in
547 2807 721 2861 memoriam
758 2824 875 2880 semper
912 2812 1053 2864 recurrat.

222 2894 314 2959 Quem
333 2893 484 2948 commissi
496 2894 574 2952 m
593 2894 693 2967 pudet,
714 2895 805 2951 nescit
824 2901 924 2966 postea
942 2894 1053 2968 aliquid

219 2981 278 3038 tale
297 2981 490 3051 committere,
511 2983 588 3038 unde
607 2982 744 3038 similiter
765 2985 929 3039 erubescet.

263 3071 307 3126 ta.
333 3070 471 3126 Pracedit
490 3077 589 3127 autem
622 3071 773 3143 iniquitas,
794 3075 1053 3146 peccatumsequi-

226 3164 284 3216 tur.
300 3160 392 3216 Radix
406 3164 450 3215 est
465 3159 616 3230 iniquitas,
633 3163 689 3231 (27)
704 3161 817 3217 fructus
834 3166 930 3217 autem
945 3162 1053 3220 radicis
1068 3150 1089 3216 si
1109 3160 1304 3217 amaritudine
1319 3160 1474 3227 fatebatur,
1490 3161 1540 3231 qui
1554 3161 1642 3216 sciret
1656 3161 1820 3230 majoribus
1834 3164 1930 3218 vinou-
2029 3193 2030 3216 t

226 3254 272 3305 est
286 3247 383 3321 culpa.
400 3248 480 3304 Unde
497 3249 610 3303 videtur
622 3248 763 3320 iniquitas
779 3251 814 3304 ad
826 3251 932 3305 mentis
942 3251 1052 3323 impro-

225 3338 349 3394 bitatem
369 3337 480 3405 reterri,
502 3343 655 3408 peccatum
684 3339 720 3392 ad
748 3336 963 3409 prolapsionem
987 3356 1051 3395 cor-

225 3427 315 3498 poris.
346 3426 467 3482 Gravior
495 3425 636 3496 iniquitas
662 3430 803 3498 tanquam
832 3427 954 3483 materia
984 3445 1050 3499 pec-

225 3522 376 3583 catorum;
393 3514 485 3570 levius
515 3520 676 3586 peccatum.
692 3516 823 3587 Denique
844 3516 984 3588 iniquitas
1001 3535 1051 3590 per

1431 1676 1545 1732 CAPUT
1566 1677 1598 1732 X.

1064 1781 1087 1846 Β
1104 1794 1187 1848 barud
1203 1795 1264 1848 ticet
1281 1793 1384 1862 lepidus
1413 1793 1540 1848 trutannia
1569 1793 1697 1860 liberum,
1722 1810 1751 1848 se
1764 1797 1856 1849 tarmen
1878 1794 1927 1848 beo

1140 1867 1286 1936 subjecisse
1300 1867 1345 1918 rui
1363 1865 1417 1920 aeli
1443 1866 1583 1934 prcrnrit;
1611 1869 1636 1919 ct
1668 1869 1735 1936 quot
1755 1865 1844 1921 modis
1865 1866 1928 1920 ulti-

1139 1955 1215 1990 mum
1231 1937 1279 1992 troc
1302 1937 1524 2003 intettiqeodum.
1549 1938 1676 2008 liugnam
1695 1937 1785 1992 scetus
1799 1941 1929 2008 prasente

1141 2011 1192 2064 ltro
1205 2025 1324 2081 percura.
1342 2008 1395 2074 Qui
1406 2016 1574 2078 peccatorem
1587 2024 1616 2063 se
1643 2016 1731 2075 neget,
1746 2008 1885 2064 mendueit
1899 2009 1929 2064 ut

1141 2097 1170 2132 eu
1185 2081 1309 2134 ‹terreturi
1326 2081 1414 2148 ipsum
1440 2080 1537 2145 Deuru,
1552 2081 1631 2150 cujus
1644 2081 1780 2148 patientia
1795 2083 1822 2134 et
1843 2077 1928 2134 ruode-

1142 2160 1213 2205 rutro
1236 2149 1449 2206 couzmrmlutur.
1478 2149 1516 2204 Ad
1540 2150 1599 2206 iace
1621 2149 1707 2206 Deum
1729 2149 1763 2206 ob
1788 2151 1837 2207 iilo
1851 2151 1928 2206 etiam

1137 2223 1297 2294 justificari,
1313 2223 1361 2294 qui
1374 2222 1566 2293 penitentium
1581 2223 1645 2291 opat
1660 2223 1771 2277 erroris.

1140 2363 1186 2418 5t.
1202 2363 1349 2434 Sequitur,
1363 2386 1377 2413 α
1407 2363 1470 2418 Tibi
1498 2361 1552 2418 soli
1577 2361 1692 2435 peccavi
1718 2363 1806 2434 (Paul.
1823 2380 1849 2430 a,
1863 2365 1901 2434 a).
1917 2387 1929 2412 u

1108 2453 1166 2507 Rex
1183 2451 1364 2524 utiqueeral,
1380 2450 1471 2506 nuliis
1486 2449 1548 2523 ipse
1563 2450 1677 2522 iegibus
1687 2453 1854 2520 tenebatur,
1866 2452 1930 2525 quia

1107 2540 1190 2595 liberi
1221 2546 1290 2595 sunt
1318 2557 1433 2610 regesa
1460 2539 1586 2598 vinculis
1613 2540 1810 2608 delictorum;
1841 2557 1929 2614 nequa

1107 2630 1184 2685 enim
1202 2629 1271 2685 uilis
1299 2629 1334 2684 ad
1364 2646 1479 2701 poenam
1508 2633 1650 2686 vocantur
1663 2629 1790 2701 legibus,
1807 2629 1863 2686 tuti
1878 2632 1929 2685 sub

1107 2718 1389 2788 imperiipoustute.
1421 2719 1537 2774 Homini
1567 2733 1635 2791 ergo
1657 2719 1930 2790 nonpeoeavit,cui
2029 2727 2030 2730 ’

1108 2823 1166 2862 non
1181 2807 1335 2860 tenebatur
1349 2805 1503 2862 obnoxius.
1520 2806 1574 2862 Sed
1592 2806 1726 2878 quamvis
1740 2809 1826 2862 tutus
1841 2807 1929 2879 impe-

1108 2896 1162 2958 rio,
1178 2895 1435 2950 devotionetamen
1448 2911 1480 2950 ao
1492 2894 1548 2950 fide
1562 2899 1624 2950 erat
1648 2895 1705 2952 Deo
1732 2895 1889 2952 subditus:
1904 2899 1931 2950 et
2029 2913 2030 2976 ἰ

1107 2983 1163 3056 logi
1180 2987 1244 3052 eius
1259 2984 1423 3053 subjectum
1440 3000 1470 3038 se
1494 3000 1558 3039 esse
1574 2999 1766 3055 cognoscens,
1784 2989 1929 3056 peccatum

1108 3090 1197 3128 auum
1227 3088 1331 3144 negare
1357 3087 1414 3127 non
1442 3077 1573 3144 poterat;
1601 3072 1652 3128 sed
1676 3072 1762 3144 quasi
1784 3090 1852 3129 reus
1867 3089 1930 3128 curu

1106 3250 1142 3306 lis
1165 3267 1196 3305 se
1218 3249 1321 3314 teneri,
1344 3250 1413 3320 quia
1439 3251 1551 3318 mujora
1565 3248 1692 3316 deberet,
1709 3252 1851 3321 quoniam
1869 3249 1931 3324 plus

1106 3338 1142 3392 ab
1157 3354 1190 3393 eo
1202 3337 1337 3407 exigitur,
1349 3338 1394 3392 cui
1408 3337 1474 3408 pius
1490 3336 1683 3393 commissum
1697 3343 1750 3395 est.
1771 3339 1928 3394 Possumus

1105 3426 1236 3480 etiamst
1264 3426 1304 3480 ita
1332 3425 1473 3497 accipere.
1508 3425 1578 3489 Quis
1608 3442 1655 3482 me
1682 3426 1836 3497 dijudicat,
1865 3443 1928 3483 cum

1105 3531 1206 3570 omnes
1226 3515 1282 3571 sub
1297 3519 1414 3585 peccato
1429 3515 1512 3570 sinti
1527 3514 1656 3586 Denique
1673 3515 1817 3572 Dominus
1832 3518 1868 3572 de
1883 3517 1929 3571 iba

224 3602 372 3658 lavacrum
396 3603 566 3670 remittitur,
593 3610 745 3676 peceatum
768 3605 877 3676 tegitur
903 3605 1050 3662 bonisia-
1104 3602 1282 3658 adnltera:«
1310 3602 1364 3666 Oui
1388 3604 1451 3659 sino
1475 3607 1602 3674 peccato,
1629 3603 1735 3676 inquit,
1762 3610 1820 3670 est,
1854 3605 1929 3677 prior

225 3691 290 3754 ctis.
316 3695 345 3746 et
359 3695 500 3762 tanquam
516 3691 581 3749 aliis
603 3694 659 3764 (28)
682 3693 818 3765 oporibus
846 3695 1048 3749 obumbratur.
1104 3692 1213 3764 lapidet
1236 3692 1314 3748 aaa
1342 3709 1406 3746 eum
1432 3694 1521 3762 (tou-u.
1547 3710 1597 3758 vn,
1621 3693 1689 3762 7)··
1715 3694 1749 3748 tit
1768 3710 1930 3750 nemoeam

225 3779 1051 3853 Undebenesuprahierpseau:«uesciquorurnremis-
1102 3780 1252 3852 lapidavit.
1283 3780 1341 3835 iloc
1370 3780 1460 3852 igitur
1489 3781 1530 3836 ait
1555 3781 1748 3854 Propheta:«
1780 3783 1846 3838 Tibi
1876 3781 1928 3838 soli

136 3858 139 3865 ’
224 3886 262 3926 aa
286 3869 826 3941 suntiniquitates,etqnorumtecta
846 3876 1051 3942 suntpeccata
1103 3869 1227 3941 peceavi,
1245 3870 1326 3940 »qui
1350 3869 1431 3925 sotus
1455 3869 1518 3925 sine
1541 3874 1660 3942 peccato
1683 3885 1724 3926 es.
1756 3871 1812 3934 Oui
1835 3876 1928 3928 autem

222 3959 307 4028 (Paul.
326 3975 402 4025 xxm,
420 3959 484 4028 1).»
500 3958 634 4013 Charitas
648 3958 724 4012 enim
741 3959 896 4014 abscondit
909 3976 1047 4028 errorem,
1103 3965 1219 4029 peccato
1234 3959 1377 4014 obnoxius
1393 3963 1446 4026 est,
1459 3957 1544 4029 quusi
1555 3963 1735 4030 peccatorem
1752 3977 1811 4015 uon
1838 3965 1929 4032 potest

222 4051 251 4102 et
263 4047 357 4120 operit
379 4046 601 4102 multitudinem
612 4051 807 4118 peccatorum.
825 4047 917 4102 Multa
932 4064 1048 4120 queque
1098 4047 1241 4117 judicare.
1260 4045 1470 4102 lnexcusabilis
1493 4049 1538 4102 est
1552 4045 1631 4102 enim
1657 4047 1860 4104 omnishomo
1879 4046 1928 4120 qui

222 4136 350 4192 charitas
372 4136 496 4192 remittit
519 4135 606 4190 etiam
632 4134 698 4206 ipsa
722 4141 849 4204 peccata,
875 4138 953 4191 sicut
975 4138 1047 4192 scri·
1102 4137 1132 4190 iu
1148 4135 1204 4190 alio
1219 4153 1252 4190 ea
1277 4152 1340 4206 quae
1356 4136 1498 4208 agitipse,
1516 4135 1710 4203 condemnat;
1728 4136 1757 4191 in
1779 4153 1838 4210 quo
1852 4137 1926 4193 euim
2029 4159 2030 4162 ¹

221 4225 415 4296 ptumestde
443 4223 575 4292 muliere,
600 4241 664 4296 quae
692 4241 780 4296 super
801 4225 955 4281 bominum
973 4227 1048 4282 indit
1102 4227 1192 4280 alium
1213 4225 1336 4295 judicat,
1365 4224 1557 4296 semetipsum
1585 4224 1743 4295 adiudicat.
1761 4248 1775 4275 u
1793 4225 1869 4295 Tibi,
1885 4226 1927 4279 in·

222 4316 424 4385 unguentum:
443 4335 457 4363 «
474 4313 608 4369 Remissa
622 4318 693 4369 sunt
720 4318 839 4385 peccata
859 4315 923 4384 ejus
943 4312 1045 4380 multa,
1102 4315 1176 4387 quit,
1188 4314 1313 4386 peccavi,
1330 4317 1358 4368 et
1373 4312 1592 4369 malumooram
1608 4316 1637 4368 te
1649 4313 1722 4381 ieci;
1740 4319 1773 4369 ut
1784 4315 1927 4385 justitiae·
2029 4329 2030 4336 ¹

222 4402 362 4472 quoniam
379 4401 478 4457 dilexit
493 4402 619 4457 multum
635 4402 711 4473 (Luc.
728 4420 780 4470 vu,
796 4404 852 4474 47).
871 4425 885 4452 »
1101 4404 1142 4458 ris
1159 4403 1187 4457 in
1217 4401 1402 4458 sermonibus
1431 4400 1500 4466 tuis,
1527 4407 1556 4457 ct
1582 4400 1683 4458 vincas
1698 4417 1767 4458 cum
1784 4403 1927 4474 judicaris

255 4491 300 4544 50.
317 4492 392 4543 Sunt
414 4490 502 4544 etiam
523 4491 574 4562 qui
597 4491 741 4562 accipiant
766 4492 893 4562 priorem
919 4493 1045 4549 versieu-
1061 4519 1085 4584 D
1101 4493 1187 4562 (Psoi.
1205 4509 1232 4558 u,
1248 4492 1285 4562 6).
1304 4513 1318 4540 »
1334 4491 1400 4546 Tibi
1415 4490 1542 4561 peccavi,
1558 4490 1608 4561 qui
1624 4507 1671 4546 me
1686 4491 1722 4546 ad
1734 4490 1853 4548 virtutis
1868 4497 1927 4547 stu·
2029 4507 2030 4524 ¹

219 4669 308 4724 etiam
322 4666 418 4739 gratia
432 4666 534 4720 Petrus
549 4667 598 4737 qui
615 4671 682 4721 ante
706 4668 799 4723 tuerat
809 4669 984 4741 baptizatus,
1000 4671 1045 4725 in·
1100 4669 1152 4724 soli
1161 4669 1308 4741 peccavi»
1318 4683 1404 4738 quem
1415 4667 1512 4722 solum
1523 4667 1694 4723 abscondita
1704 4669 1926 4740 cogitationum,

217 4760 393 4830 terrogatur,
411 4759 565 4826 postquam
581 4755 661 4810 risus
676 4760 721 4810 est
733 4756 889 4812 bominum
902 4776 1043 4829 negasse:
1099 4763 1127 4813 et
1140 4757 1246 4812 mentis
1263 4755 1376 4812 occulta
1391 4774 1447 4811 non
1464 4754 1581 4812 fallunt.

218 4869 232 4896 «
249 4848 352 4902 Simon
364 4844 498 4908 loannis.
523 4844 623 4916 diligis
646 4844 810 4901 me‘lDixit
831 4847 998 4918 ei:Utique
1012 4856 1044 4905 tu
1133 4849 1176 4902 52.
1195 4869 1208 4896 u
1227 4847 1260 4900 at
1289 4844 1400 4900 malum
1430 4861 1527 4900 coram
1556 4849 1583 4901 te
1613 4845 1925 4918 leci,»quemsolum

218 4935 286 5003 scis,
302 4935 436 5002 Domine,
463 4934 533 5006 quie
556 4933 693 5005 diligete
718 4935 807 5004 (loun.
835 4953 882 5001 xx,
906 4939 959 5006 15).
977 4960 991 4988 s
1010 4939 1042 4993 ar
1098 4935 1290 4992 sanctificatio
1316 4935 1409 4991 decet.
1430 4933 1564 4990 Hominis
1579 4934 1785 4992 testimonium
1799 4934 1926 4993 declina·

216 5023 322 5081 iterum
337 5023 552 5096 interrogatur:
564 5047 578 5074 «
596 5023 695 5078 Simon
712 5023 843 5090 loannis,
860 5023 958 5097 diligis
975 5027 1043 5083 me?
1098 5042 1175 5093 mus,
1189 5029 1217 5079 et
1229 5025 1257 5078 in
1269 5027 1425 5096 conspectu
1438 5029 1487 5079 tuo
1500 5039 1534 5078 aa
1548 5041 1612 5096 qua
1625 5027 1696 5080 aunt
1710 5023 1833 5099 indigna
1847 5039 1924 5080 com·

106 4582 109 4592 “
219 4579 282 4634 lum
298 4578 334 4634 de
350 4575 464 4633 lavacro
476 4594 550 4648 esse,
563 4581 725 4634 secundum
741 4580 777 4634 de
790 4582 969 4651 poenitentia
983 4585 1046 4648 Oua
1100 4579 1332 4652 diaprovooasti,
1359 4578 1409 4650 qui
1426 4595 1472 4633 me
1487 4577 1610 4634 erudisti
1626 4578 1656 4633 in
1680 4579 1819 4652 tegetua.
1832 4605 1847 4632 u
1862 4578 1927 4636 Tibi
2029 4597 2030 4666 p

217 5112 296 5183 (ibid.
315 5113 414 5184 iiiii»
429 5113 464 5168 Et
478 5114 585 5168 iterum
602 5115 800 5185 responditzu
818 5114 860 5168 Tu
885 5116 943 5170 seis
971 5119 1042 5188 quia
1096 5115 1251 5169 mittimus.
1280 5111 1391 5184 injuria
1422 5117 1466 5168 est
1494 5111 1606 5168 homini
1636 5115 1768 5185 spectare
1805 5113 1923 5187 flagitia.
2029 5111 2030 5138 ³

217 5216 282 5257 amo
302 5207 331 5257 te
357 5202 459 5273 (itit).
477 5202 541 5256 »Et
570 5202 654 5257 tertio
678 5201 922 5272 interrogatum«
940 5206 1040 5262 Simon
1095 5204 1188 5260 Deum
1205 5203 1347 5258 arbitrum
1371 5202 1504 5258 onmium
1529 5201 1731 5272 essescimus,
1762 5207 1793 5259 et
1812 5203 1923 5274 seipso

253 5340 309 5411 (ab)
325 5341 372 5398 Sic
387 5342 457 5399 edit.
473 5359 575 5399 omnes
601 5361 633 5398 ac
658 5343 788 5415 plerique
804 5362 876 5400 mss.
891 5347 928 5400 At
941 5347 1037 5417 corb„

479 5415 496 5425 ..
748 5419 778 5428 ..
945 5420 950 5429 .
1130 5343 1915 5430 (2tttltdituet5,bonbtmtistuuqucmmctis:Rom.

216 5408 376 5477 Alb.,iibr.
407 5419 435 5468 et
463 5413 546 5470 lino.
574 5415 777 5470 boberanum
807 5418 1040 5475 rrtobuourrumse
1094 5419 1176 5486 edit,
1215 5421 1239 5473 et
1280 5417 1356 5473 tenu
1408 5417 1535 5490 operibus
1582 5423 1715 5488 tunquam
1756 5418 1818 5481 oles,
1859 5427 1914 5468 non

214 5483 389 5540 consumite
415 5487 545 5553 tuemur.
586 5488 684 5557 ttuprm
718 5489 853 5559 supplicio
896 5490 1038 5565 tunetunc,
1093 5490 1181 5546 mata.
1197 5490 1334 5546 Attamen
1350 5486 1482 5564 plerique
1497 5504 1600 5546 omnes
1620 5505 1692 5546 mss.
1710 5488 1858 5547 uobiscum
1870 5485 1912 5541 ia·

215 5558 271 5614 etc.

250 5623 308 5708 (at)
323 5621 393 5682 Mas.
410 5622 531 5698 aliquot,
555 5630 663 5687 Peccati
677 5627 760 5690 vatim
774 5631 916 5708 iniquitat.
1094 5566 1186 5622 clunt'
