4159 6184
992 186 998 198 Ι

247 223 310 286 m
979 227 1012 288 S·
1034 224 1223 288 nuanosn
1874 236 1924 297 118

250 357 345 425 detur,
362 356 439 428 quod
455 371 537 429 spem
553 358 578 413 ei
594 356 773 430 posteritatis
784 354 1074 428 cripiat;quiasicut
1089 358 1115 423 Α
1130 357 1210 413 nitus
1234 355 1367 437 interire,
1378 355 1451 423 Quid
1473 356 1551 412 enim
1575 355 1612 412 de
1635 353 1777 427 parricida
1797 357 1928 419 dicimus?

248 443 370 517 sanguis
383 446 494 501 etlusus
508 443 538 500 in
556 450 673 510 ter-ram,
690 443 744 499 hac
760 448 847 516 atque
865 442 932 500 illac
955 444 1071 518 spargi·
1128 446 1202 509 Ouid
1219 446 1307 502 etiam
1321 446 1357 502 da
1371 445 1517 501 homicida
1532 444 1546 499 ‘l
1561 442 1634 511 Quid
1651 444 1688 499 de
1703 444 1826 503 adultero
1839 448 1929 515 ‘iouid

248 537 307 597 tur,
324 532 364 587 ita
379 533 535 605 impiorum
552 532 1073 606 aniciacorporeaetragilitatismore
1127 535 1163 588 dc
1194 532 1434 605 praevaricatore?
1449 534 1527 599 Quas
1542 532 1567 589 ei
1595 536 1694 605 partes
1722 533 1820 589 anima
1845 537 1877 591 ad
1891 554 1932 593 ve·

249 620 379 676 solvatur
393 623 448 693 (82)
463 640 469 688 ;
486 622 554 695 qnia
570 628 598 677 ct
612 623 649 677 de
665 621 750 677 ruina
762 621 873 678 dictum
889 628 934 678 est
949 628 1073 678 mortem
1128 623 1206 679 uiam
1224 621 1432 679 reservamus?
1449 622 1529 677 Unde
1545 622 1639 693 magis
1653 618 1723 676 illud
1736 621 1930 695 arbitrorquod

249 709 315 779 ejus
329 726 394 767 case
416 710 632 783 corruptionem
651 711 710 778 (lob
731 726 832 775 xxxiii,
856 712 914 781 28),
935 726 969 767 eo
993 712 1072 782 quod
1129 716 1263 783 provocet
1277 710 1419 767 Dominus
1439 711 1528 776 Deus,
1543 715 1576 766 ut
1590 710 1678 766 etiam
1694 708 1719 765 si
1747 710 1812 781 quis
1825 710 1933 769 leviores

250 798 350 869 gratia
365 799 628 855 coelestismuuere
652 798 989 867 defraudetur,etvelut
1014 798 1073 854 col·
1129 800 1319 855 alicshabeat
1333 802 1496 870 passiones,
1522 816 1577 854 nou
1607 796 1723 871 penitus
1746 798 1869 854 divinam
1890 802 1933 857 ‹le-

251 886 309 942 lisa
321 886 438 942 malitiae
459 885 590 959 scopulis
614 887 796 944 salubritatis
811 904 871 943 sua
885 903 993 960 corpus
1017 886 1074 943 im-
1129 894 1227 959 speret
1242 889 1379 959 gratiam,
1395 904 1448 943 nec
1463 886 1641 961 omnimodis
1656 884 1801 942 victurum
1827 904 1858 943 sa
1880 904 1936 945 essa

252 975 377 1030 minuat.
1132 975 1255 1031 diffidat.
1273 976 1329 1033 Sed
1344 976 1432 1032 etiam
1448 976 1472 1031 si
1485 980 1530 1031 est
1544 974 1778 1041 luxuriosusn,ec
1789 978 1937 1047 potestatu-

287 1062 332 1117 911.
361 1063 458 1121 Movet
481 1067 570 1122 etiam
599 1065 756 1138 plerosquo
780 1066 856 1139 quod
881 1064 1004 1121 dixerit:
1035 1064 1074 1120 Ait
1129 1065 1211 1120 dium
1226 1064 1316 1120 vitare
1331 1064 1463 1131 luxuriae,
1483 1064 1520 1120 ab
1546 1062 1690 1119 adulterio
1714 1066 1810 1119 tamen
1832 1064 1938 1119 studeat

252 1152 402 1221 irncqinem
415 1153 467 1208 liei
478 1156 544 1225 [ecit
567 1156 706 1209 homiaem
726 1154 802 1223 (Gen.
828 1171 866 1218 rx,
890 1154 937 1226 til:
965 1159 994 1210 ct
1014 1169 1072 1207 non
1129 1158 1312 1223 temperare:
1330 1154 1369 1210 sit
1383 1153 1520 1225 epulandi
1537 1151 1701 1217 delectatio,
1717 1168 1775 1207 non
1797 1153 1938 1224 stuprandi

253 1238 374 1295 dixerit:
392 1240 431 1294 dd
449 1241 608 1313 imaginem
624 1258 732 1308 meam,
748 1258 815 1299 cum
831 1242 894 1315 ipse
916 1243 956 1297 sit
984 1242 1072 1296 Deus.
1129 1242 1176 1297 sit.
1193 1242 1327 1298 Etiamsi
1342 1241 1439 1299 nescio
1464 1241 1531 1314 quis
1555 1258 1660 1298 avarus
1681 1240 1732 1312 qui
1762 1238 1854 1297 aliena
1872 1240 1938 1295 diri-

252 1326 308 1381 Sed
323 1326 453 1399 intellige
472 1334 501 1384 et
515 1329 628 1385 Patrem
643 1346 718 1393 esse,
731 1335 760 1387 et
776 1331 882 1385 Filium
897 1346 971 1386 esse.
989 1330 1023 1385 ut
1039 1328 1074 1384 li·
1130 1330 1202 1402 puit.
1219 1332 1303 1401 eiecit
1316 1329 1454 1403 pupillos,
1469 1330 1632 1386 eliminavit
1647 1328 1761 1395 viduas,
1784 1328 1827 1385 vel
1851 1334 1940 1401 postea

251 1421 297 1470 eet
311 1432 363 1487 per
378 1416 483 1472 Filium
501 1419 601 1473 carnia
626 1418 702 1475 lacta
723 1422 803 1490 sunt,
825 1424 925 1475 tamen
948 1418 1074 1487 legimus
1129 1424 1226 1475 tamen
1244 1420 1273 1474 in
1289 1419 1489 1490 peonitentiam
1501 1434 1652 1490 regressus
1663 1417 1941 1490 restituatquodabs·

251 1505 431 1576 quiaPater,
448 1506 548 1561 iecerit
567 1506 676 1570 omnia,
701 1512 731 1562 et
760 1508 860 1564 lecerit
883 1523 934 1580 per
956 1506 1073 1573 Filium,
1128 1507 1205 1562 tulit.
1223 1507 1354 1579 Denique
1367 1506 1504 1563 Zachaeus
1519 1505 1582 1563 ideo
1604 1504 1719 1561 veniam
1744 1505 1860 1572 meruit,
1882 1506 1943 1577 quis

251 1595 329 1648 sicut
342 1593 484 1665 scriptum
499 1599 562 1649 est:
581 1595 679 1650 Omnia
693 1598 724 1650 in
738 1597 975 1667 sapienticfecisti
986 1594 1072 1665 (Pscl.
1130 1614 1187 1651 non
1203 1596 1298 1651 solum
1315 1594 1518 1651 restituturum
1535 1611 1576 1661 sc,
1594 1594 1643 1650 scd
1660 1592 1857 1665 quadruplum
1880 1609 1938 1665 pro·

250 1698 311 1747 cnr,
326 1683 383 1752 24).
399 1683 465 1737 Sive
479 1699 549 1756 ergo
563 1684 647 1739 Pater
662 1683 743 1750 dicit,
760 1686 795 1739 ad
812 1684 972 1755 imaginem
989 1683 1073 1740 Verbi
1091 1720 1114 1785 Β
1130 1684 1212 1740 misit
1222 1685 1330 1757 quibus
1343 1684 1442 1755 eliqua
1452 1682 1631 1750 sustulisset,
1646 1680 1943 1755 pauperibusquoque

251 1770 415 1827 iecit:sive
441 1770 531 1827 Filius
554 1772 636 1839 dicit,
665 1773 702 1827 ad
722 1772 882 1844 imaginem
906 1771 957 1828 Dei
981 1771 1075 1827 Patris
1130 1773 1315 1829 medietatem
1332 1773 1378 1828 sui
1394 1771 1562 1845 patrimonii
1577 1772 1770 1827 donaturum.

235 1857 328 1939 tecit.
344 1857 457 1913 ntideo
474 1857 649 1915 familiarem
664 1862 825 1931 quamdam
841 1866 870 1916 et
881 1860 1073 1917 domesticam
1167 1863 1227 1917 1113.
1250 1862 1477 1918 Consideremus
1501 1861 1589 1917 etium
1615 1859 1791 1932 diligentius
1815 1859 1883 1931 quid
1904 1859 1946 1925 sit,

252 1947 502 2004 Deodemoustrat
516 1946 645 2003 hominis
660 1966 725 2005 esse
741 1955 887 2012 naturam,
903 1951 932 2004 id
959 1954 1004 2005 cst
1029 1967 1075 2004 ra·
1130 1952 1207 2022 quud
1226 1950 1284 2006 ait:
1300 1952 1399 2006 Arctum
1416 1966 1506 2005 meum
1520 1964 1620 2020 ponam
1644 1950 1672 2003 ivr
1698 1948 1784 2017 nabe,
1810 1956 1835 2003 et
1848 1948 1898 2003 erit
1914 1948 1947 2001 si·

253 2035 404 2092 tionabilis
419 2035 548 2091 hominis
562 2038 724 2093 secundum
749 2038 827 2109 quod
852 2038 887 2094 ad
913 2036 1074 2110 imaginem
1129 2058 1214 2113 qnam
1228 2041 1383 2095 testamenii
1396 2040 1496 2095 aterni
1510 2040 1582 2093 inter
1605 2054 1648 2093 me
1669 2041 1694 2093 et
1728 2040 1803 2092 inter
1829 2044 1947 2091 terram:

253 2124 305 2180 Dei
321 2122 409 2179 creati
424 2140 528 2180 sumus
542 2142 550 2191 ;
566 2140 658 2197 cuque
673 2142 764 2180 causa
784 2124 911 2181 inultum
938 2142 997 2181 non
1012 2142 1076 2181 esse
1133 2136 1159 2184 et
1173 2130 1225 2183 erit
1241 2144 1303 2183 curn
1319 2127 1510 2183 innubilavero
1524 2125 1609 2181 arabes
1624 2140 1710 2196 seper
1724 2132 1825 2180 terrem
1837 2124 1951 2197 3pcreiit

255 2212 332 2285 apud
348 2212 440 2268 Deum
455 2214 533 2285 quod
549 2213 580 2269 in
594 2213 788 2270 domesticum
812 2214 921 2270 animal
950 2214 1005 2270 sihi
1034 2214 1075 2268 vi·
1130 2232 1212 2271 creua
1227 2232 1301 2271 meva
1318 2216 1444 2280 inante,
1466 2220 1492 2271 et
1520 2230 1623 2271 memor
1651 2228 1699 2269 erc
1729 2215 1884 2269 testamenti
1902 2212 1951 2267 mei

254 2304 322 2359 deat
335 2300 492 2357 crudeliter
505 2307 534 2357 at
550 2302 639 2374 impie
652 2320 717 2359 esse
728 2303 932 2361 commissum.
1131 2304 1207 2375 (Gen.
1224 2320 1263 2368 rx,
1279 2304 1324 2369 13,
1342 2304 1396 2373 lu).
1420 2304 1482 2359 Nou
1509 2303 1587 2359 enim
1613 2303 1689 2359 sicut
1722 2302 1855 2375 plerique
1882 2300 1951 2357 arbi·

289 2391 352 2446 luc.
368 2394 462 2446 causa
476 2406 545 2462 ergo
559 2391 891 2456 vindictaatlditafacit,
904 2396 936 2448 ut
947 2389 1076 2465 primum
1131 2398 1257 2454 trantuv,
1275 2408 1374 2447 arctim
1392 2394 1481 2448 istum
1507 2392 1579 2446 dicit
1602 2407 1689 2461 quem
1718 2392 1805 2447 aiunt
1829 2390 1952 2446 homines

255 2479 445 2537 excludamus
455 2478 697 2551 philosophorum
708 2479 1077 2552 quorumdamopinioncs,
1132 2498 1207 2549 essa,
1223 2500 1280 2553 (qno
1297 2481 1459 2553 pleniorum
1475 2480 1560 2552 signa
1582 2478 1679 2550 aliqua
1709 2477 1902 2545 declarentur,
1927 2478 1952 2531 in

254 2569 306 2641 qui
321 2573 429 2640 negant
451 2566 544 2623 Deum
569 2568 677 2624 habere
693 2584 795 2624 euram
818 2583 908 2640 super
921 2569 1074 2625 hominos:
1132 2586 1191 2643 quo
1206 2570 1316 2627 colores
1332 2570 1436 2625 diversi
1452 2573 1594 2641 tanquam
1610 2566 1766 2625 radiorum
1791 2567 1863 2625 solis
1884 2582 1954 2623 nnuc

254 2657 359 2713 deinde
375 2655 501 2712 scientes
516 2658 735 2729 prerogativam
747 2661 852 2713 nostra
867 2656 987 2713 ultionis
998 2658 1077 2731 apud
1132 2658 1329 2722 rutilantium,
1346 2674 1423 2714 nuce
1438 2658 1551 2714 lumine
1565 2656 1732 2713 lucentium
1748 2658 1870 2715 clariore
1888 2656 1955 2729 figu-

254 2746 347 2802 Deum
363 2760 492 2812 manere,
504 2761 598 2817 neque
613 2746 643 2799 in
666 2744 740 2802 alios
764 2746 984 2801 committamus
998 2748 1076 2818 quod
1132 2754 1252 2803 rantur:
1270 2748 1348 2803 unde
1363 2752 1391 2803 et
1407 2746 1505 2819 pluvia
1515 2748 1614 2801 lutura
1624 2744 1829 2818 significatur,
1840 2762 1872 2801 eo
1883 2743 1953 2817 quod

254 2835 352 2890 divino
373 2833 487 2904 judicio
514 2833 799 2901 vindicandumsit;
830 2849 924 2905 neque
953 2840 1077 2892 mortem
1132 2835 1331 2891 inconstantia
1346 2835 1478 2906 quadam
1492 2834 1857 2891 screnitatisvcrsieolora
1869 2832 1957 2905 specie

254 2923 311 2994 ipsi
339 2921 542 2978 vehementius
568 2921 823 2994 pertimescamus,
854 2938 921 2977 cum
947 2924 1077 2981 sciamus
1131 2925 1349 2980 demonstretur
1362 2924 1429 2991 (81).
1444 2926 1551 2979 Arcum
1567 2922 1645 2978 huuc
1664 2921 1739 2979 irim
1767 2923 1887 2996 quidam
1911 2936 1958 2991 ap-

254 3010 349 3067 necati
362 3008 492 3065 hominis
507 3008 670 3065 innocentis
685 3009 762 3081 apud
779 3008 871 3065 Deum
888 3009 1001 3067 nullum
1012 3028 1078 3069 csse
1132 3011 1258 3083 pellunt:
1276 3012 1326 3066 sed
1337 3010 1413 3066 absit
1424 3018 1456 3066 nt
1466 3009 1544 3065 hunc
1556 3026 1656 3065 arcum
1668 3008 1727 3066 Dei
1741 3026 1809 3067 esse
1822 3008 1958 3066 dieamus.

255 3103 468 3171 contemptum.
1093 3090 1116 3153 C
1133 3099 1185 3156 llic
1200 3100 1277 3155 enim
1294 3115 1380 3154 arcus
1395 3098 1445 3171 qui
1462 3097 1513 3153 iris
1538 3097 1656 3164 dieitur,
1690 3115 1745 3170 par
1770 3100 1851 3154 diem
1877 3095 1957 3152 videri

501 3187 578 3244 209
592 3186 711 3244 CAPUT
732 3187 840 3243 XXVll.
1132 3186 1216 3256 solet,
1232 3192 1315 3243 nocte
1332 3204 1389 3243 non
1405 3191 1534 3258 apparet.
1552 3184 1646 3240 Etiam
1661 3202 1720 3259 per
1751 3187 1854 3261 ipsum
1880 3186 1962 3249 diem,

255 3280 432 3334 Promittitcr
459 3277 598 3331 diluuium
621 3293 764 3347 arvaqvom
792 3276 927 3347 ajanuarii
951 3280 1077 3350 [aarum
1132 3276 1157 3333 si
1172 3278 1317 3333 obductus
1332 3292 1381 3331 aer
1395 3275 1478 3331 tetris
1493 3273 1623 3331 nubibus
1639 3274 1745 3343 luerit,
1766 3293 1822 3332 ucc
1837 3277 1879 3332 sic
1901 3274 1959 3345 qui-

290 3354 403 3432 6318111
417 3353 521 3404 idriam
532 3363 639 3430 Omnem
652 3355 829 3431 ‘³⁰Wuml’flll,
841 3349 971 3431 ’11ῑῆ81151
988 3352 1078 3405 “nimi
1131 3366 1198 3421 dem
1214 3363 1337 3431 videtur,
1353 3364 1383 3419 ni
1399 3366 1472 3420 lorte
1487 3380 1554 3419 cum
1570 3363 1724 3437 graviores
1752 3365 1852 3421 nubes
1867 3382 1898 3420 sc
1911 3379 1961 3418 cm-

286 3435 428 3493 pcsrrcnea
451 3418 614 3474 traducitur.
638 3418 670 3473 ln
691 3435 758 3474 orca
773 3436 828 3544 Xer
851 3420 955 3476 dicitur
970 3437 1076 3492 ponen-
1131 3452 1227 3525 pem
1243 3450 1380 3507 relaxam-

289 3491 340 3547 das
354 3492 383 3546 in
398 3492 530 3556 audituris,
551 3506 605 3545 non
630 3490 771 3559 intelligor
792 3507 838 3545 cm
862 3491 961 3545 iridem
986 3494 1074 3547 osteo·
1355 3542 1358 3549 ,
1599 3538 1606 3550 .
1910 3540 1915 3549 .

288 3563 375 3631 ditor,
401 3561 572 3618 aediliciam
593 3562 704 3617 virtutis
728 3563 958 3617 intensionemcc
980 3565 1076 3619 remis·
1167 3541 1736 3612 101·131110111118111111116(11]111111115
1767 3558 1829 3614 (lim
1857 3542 1962 3613 sagitte

287 3636 403 3691 sionem.
1126 3631 1286 3703 jaciuntur,
1304 3646 1381 3684 nunc
1398 3627 1536 3695 tenditur,
1554 3644 1632 3684 nune
1656 3630 1837 3697 resolvitur,
1863 3644 1963 3703 quam-

190 3710 197 3716 ’
288 3720 827 3793 101.licuerit,inquit,ditiuicm,ut
845 3726 1073 3793 corrumpctom·
1130 3722 1197 3775 dam
1213 3718 1409 3775 extensionem
1438 3722 1467 3772 et
1492 3716 1699 3773 remissionem
1727 3718 1870 3775 videatur
1892 3716 1964 3773 Scri·

251 3814 431 3868 nernterrcm
450 3811 506 3882 (113)
531 3809 607 3882 (Gen,
631 3826 670 3876 rx,
699 3810 754 3881 11).
781 3807 910 3864 Dubium
941 3810 1072 3868 videtur:
1128 3812 1215 3881 ptura
1229 3804 1651 3879 'insignificaraperquam
1664 3823 1770 3880 neque
1783 3809 1903 3881 penitus
1918 3822 1965 3877 per

251 3905 350 3957 utrum
379 3900 468 3966 anim,
493 3898 695 3955 dilacivmnon
716 3900 778 3965 erit,
795 3896 1019 3969 intelligendum
1035 3901 1075 3957 sit
1128 3896 1251 3953 nimiam
1266 3895 1463 3951 extensionem
1479 3895 1615 3950 universe
1631 3904 1841 3968 rumpantur;
1862 3894 1914 3951 sed
1929 3891 1963 3948 sit

249 3990 327 4061 quod
343 3987 476 4045 dilivium
491 3991 660 4057 corrumpat
672 3993 780 4041 terram
793 4003 800 4053 ;
817 3985 872 4041 hoc
894 3986 972 4042 enim
996 3988 1072 4045 dilu-
1128 3985 1261 4057 quaedam
1279 3999 1427 4053 mensura,
1438 3986 1467 4038 et
1477 3983 1626 4055 quoddam
1640 3983 1754 4041 divinae
1769 3984 1892 4041 virtutis
1905 3998 1965 4038 era-

249 4077 295 4133 via
310 4077 403 4133 lacere
417 4079 617 4133 censuerunt:
634 4091 669 4131 an
685 4089 753 4130 varo
768 4091 827 4129 nou
841 4076 897 4130 erit
912 4075 970 4131 tale
994 4076 1071 4133 dilu-
1128 4090 1205 4129 men.
1223 4074 1272 4128 list
1287 4088 1356 4144 argo
1371 4072 1464 4127 virtus
1480 4069 1636 4127 invisibilis
1651 4071 1707 4127 Dei
1725 4090 1797 4145 qum
1818 4077 1848 4129 et
1873 4070 1964 4145 speeie

248 4166 401 4238 viamque
418 4163 605 4221 terracmnis
625 4169 840 4234 corrumpatur,
869 4166 946 4235 qnod
973 4173 1071 4238 poste·
1127 4162 1213 4218 istius
1228 4177 1313 4217 arcus
1328 4158 1502 4215 extendendi
1527 4163 1555 4215 et
1583 4158 1766 4217 remittendi
1794 4162 1967 4218 moderatur

248 4255 485 4326 rioraaperiunt,
501 4270 568 4309 cum
583 4253 655 4308 dicit
669 4268 786 4307 omnem
802 4257 910 4307 terram
926 4271 983 4309 riou
1007 4271 1070 4311 cor-
1126 4268 1177 4323 pro
1193 4250 1292 4306 divina
1306 4248 1464 4315 voluntate,
1481 4246 1697 4317 misericordia,
1717 4256 1883 4323 potestate,
1905 4264 1965 4320 qua

249 4342 466 4416 rumpendam?
481 4342 615 4398 Ostendit
627 4341 706 4397 enim
727 4339 837 4396 diluvia
861 4341 980 4413 quidem
1005 4360 1070 4401 ease
1125 4356 1220 4413 neque
1234 4338 1333 4395 omnia
1347 4336 1484 4393 conlundi
1501 4335 1593 4392 nimia
1611 4334 1783 4407 solutione,
1812 4354 1912 4413 neque
1927 4336 1967 4392 di·

247 4432 357 4499 lutura,
373 4432 423 4487 sed
439 4447 496 4486 non
518 4430 588 4485 talia
616 4428 723 4501 quibus
747 4428 841 4501 possit
866 4430 963 4486 omnis
991 4434 1069 4489 terra
1086 4451 1109 4515 D
1125 4428 1221 4501 rumpi
1242 4427 1334 4483 nimia
1348 4424 1509 4497 irruptione
1533 4425 1672 4497 patiatur.
1708 4430 1814 4495 Quam
1846 4430 1912 4484 idco
1940 4426 1966 4479 in

247 4518 406 4590 corrumpi.
1125 4516 1252 4573 nubibus
1267 4514 1338 4571 dicit
1352 4514 1431 4586 poni,
1448 4514 1519 4585 quia
1533 4519 1602 4570 tunc
1618 4515 1759 4574 maxime
1776 4534 1858 4591 opus
1874 4520 1919 4573 est
1931 4512 1969 4569 di·

284 4608 345 4663 102.
362 4607 474 4663 Sensus
490 4612 588 4662 aulem
602 4606 658 4662 hoc
673 4605 759 4661 altior
784 4605 882 4672 habet,
907 4608 985 4679 quod
1005 4608 1069 4677 jam
1124 4601 1529 4676 vineauxilicprovidentiae,
1546 4603 1663 4674 quando
1692 4607 1830 4678 agmina
1845 4606 1967 4662 nubium

245 4695 429 4768 providentia
444 4694 544 4750 futura
558 4694 595 4749 sit
610 4693 738 4757 Domini,
752 4709 789 4749 ne
804 4698 919 4749 tantum
934 4695 973 4749 sit
992 4696 1069 4751 dilu-
1124 4695 1153 4749 in
1170 4692 1310 4768 procellas
1326 4694 1572 4763 tempestatesque
1586 4696 1758 4763 coguntur.
1777 4694 1914 4769 Ideoque
1928 4690 1969 4748 di-

244 4786 325 4840 vium
340 4781 536 4856 corporalium
553 4782 736 4854 passionum,
754 4786 786 4837 ul
801 4782 1005 4839 animaomnis
1022 4785 1066 4839 in·
1123 4784 1179 4839 cit:
1197 4783 1401 4838 Arcammeum
1420 4796 1521 4851 porrum
1550 4782 1580 4835 in
1607 4780 1695 4847 nube,
1732 4776 1799 4840 non
1829 4783 1969 4857 sagittam

243 4877 345 4929 taceat.
375 4872 409 4929 lit
423 4871 543 4945 quidem
559 4888 617 4926 non
633 4872 725 4926 audeo
747 4870 841 4925 dicere
856 4871 927 4942 quia
954 4872 1070 4928 videtur
1123 4887 1241 4945 ponam.
1258 4874 1350 4925 Arcus
1366 4868 1443 4925 cuim
1459 4868 1693 4925 instrumentum
1708 4872 1894 4943 J'aculandae
1923 4886 1969 4925 sa-

244 4961 387 5018 Dominus
403 4965 541 5027 statuere,
560 4960 637 5032 quod
653 4959 765 5014 nultius
781 4960 881 5014 anima
902 4962 994 5032 possit
1017 4979 1067 5032 pe·
1122 4961 1200 5033 gitta
1212 4960 1371 5031 estltnque
1383 4975 1440 5015 uon
1453 4956 1771 5031 ipsearcusvulnerat
1782 4964 1839 5019 sed
1853 4962 1969 5035 sagitta.

242 5112 297 5162 ἀντὶ
333 5116 377 5163 τοῦ
410 5113 511 5169 atussa<
545 5108 621 5161 αὑτὸῡ
659 5109 830 5176 tepet-terrar-
872 5101 926 5158 Ubi
965 5113 1066 5159 vocem
1157 5102 1211 5175 (⁸3)
1228 5100 1297 5157 Mss.
1314 5104 1342 5154 et
1357 5102 1413 5155 vet.
1428 5098 1498 5155 edit.
1516 5099 1564 5155 hic
1579 5101 1798 5176 consentiunt,
1817 5104 1879 5161 nisi
1896 5098 1971 5175 quod

242 5183 373 5249 11ιχ1ων
403 5157 503 5231 reierri
533 5176 568 5231 ad
598 5174 719 5231 verbum
753 5180 916 5246 &egolisma
943 5175 1066 5229 manile·
1121 5189 1289 5245 proomnem
1304 5176 1416 5239 terram
1440 5170 1616 5227 recentiores
1639 5169 1684 5226 ali
1711 5180 1770 5231 uot
1798 5192 1876 5232 mss.
1906 5186 1971 5227 cnm

243 5252 322 5303 stum
338 5255 391 5303 est.
408 5248 474 5302 Edit
488 5253 586 5303 tamen
600 5245 687 5318 Vulg.
713 5246 756 5301 sic
783 5246 874 5317 legit:
906 5246 1066 5317 Qaierrcqce
1119 5250 1175 5301 vet.
1192 5246 1263 5301 edit.
1279 5242 1379 5317 legunt
1394 5258 1501 5298 omnem
1516 5242 1665 5299 hominem.
1687 5189 1756 5301 (ἐρα
1787 5247 1880 5304 Rom.
1902 5243 1971 5301 edit.

241 5317 370 5389 effuderit
397 5321 560 5390 sanquinem
592 5316 755 5383 laureacum,
788 5314 920 5388 sumletuv
951 5322 1066 5389 srivrpais
1120 5314 1320 5399 itareposnit:
1337 5316 1395 5369 Non
1411 5314 1564 5382 altraerit,
1585 5315 1691 5385 inquit,
1721 5318 1869 5375 dilutum
1895 5330 1972 5387 nque

242 5390 329 5444 illics.
1119 5387 1220 5445 Galeri
1241 5390 1274 5443 ut
1289 5401 1341 5442 nos
1354 5384 1384 5441 iu
1399 5388 1489 5441 testu.

277 5459 470 5530 (1111111111.
489 5476 561 5519 mss.
577 5464 607 5519 et
620 5460 690 5519 edit.
719 5458 803 5519 Rom.
828 5456 892 5520 Vct.
922 5462 1064 5531 autem,o
1154 5459 1210 5533 (81)
1227 5458 1298 5517 Mac.
1316 5456 1394 5527 cod,
1410 5455 1514 5517 diuersi
1535 5456 1701 5517 cclcrcsillo
1734 5462 1835 5539 specie
1864 5460 1974 5521 demon·

241 5545 353 5609 corpore
365 5530 530 5609 fragilitatis
544 5532 759 5593 moresotvctvr.
1119 5532 1251 5593 strcntvr.
