4159 6184
152 364 215 429 ees
767 360 883 427 uisset
904 360 956 425 bii
977 362 1084 429 BONO
1106 362 1269 431 Moeris.
1808 355 1875 429 888

154 500 419 560 creatoremque
437 494 493 575 (tt)
521 498 610 575 (loeo.
643 512 723 567 xuni,
750 498 807 568 24).
838 496 983 571 Repetitio
999 498 1118 569 Atium
1133 502 1188 556 est.
1204 499 1240 558 st
1252 506 1285 559 ot
1299 500 1532 563 esmnioaihuio
1547 500 1748 586 emungamus
1767 500 1874 576 auqto-

155 593 216 651 ista
230 590 416 650 oonflrmatio
430 594 474 648 est
488 590 565 648 sieut
578 588 651 646 illud
669 607 675 645 :
692 588 829 646 Atratum
845 588 986 645 Abrohom
1042 590 1171 657 ritatem,
1188 590 1225 646 de
1239 590 1295 649 hoo
1309 594 1386 651 hono
1412 594 1557 669 Propheta
1584 590 1657 651 dioit
1673 609 1680 649 ι
1709 581 1877 673 censerique

157 682 236 754 (Gen.
253 699 334 750 xxrrr,
352 682 391 755 (ἰ)
407 680 414 737 l
432 680 465 737 iit
479 678 550 737 alibi
568 696 574 735 :
592 682 646 750 Epo
660 696 731 747 eum,
761 694 809 750 epo
837 693 909 745 eum,
938 679 987 750 qui
1041 680 1140 734 opimo
1154 694 1227 750 ntea,
1245 683 1510 758 inrequiemiuom,
1526 684 1593 758 quie
1608 683 1744 740 Dominus
1765 668 1877 757 tenete-

156 772 237 829 deleo
252 772 413 843 iniquitates
434 777 493 826 tuas
508 770 571 839 (isa.
589 785 667 837 xarrr,
692 768 748 839 25).
780 765 903 823 Pulchre
933 784 985 823 au·
1041 770 1081 825 eit
1095 766 1150 823 titi
1165 783 1172 822 ε
1187 771 1320 840 quoniam
1331 776 1436 846 eripuit
1450 775 1577 831 animum
1597 788 1689 829 meum
1716 772 1750 854 de
1775 776 1876 847 morte,

156 864 219 918 tem
236 861 312 933 quod
328 876 420 932 supra
444 858 578 931 promisit
606 856 654 914 bio
682 854 823 931 poposcit.
852 855 888 911 itt
916 854 986 929 quia
1040 857 1134 914 ocutos
1147 860 1410 935 meoeolucrymie,
1422 862 1504 935 pedes
1516 862 1730 934 meosuluptu.
1760 859 1878 926 Placete

158 954 228 1007 ante
247 948 394 1023 promisit,
411 952 442 1005 et
456 947 498 1006 sio
512 946 653 1021 poposcit,
670 963 729 1003 non
745 950 812 1001 ante
839 944 983 1017 poposcit,
1040 946 1197 1002 nominoio
1212 950 1323 1021 repione
1335 953 1461 1009 uiuorum
1475 952 1562 1025 (Psoi.
1578 967 1653 1019 cxiv,
1664 939 1873 1031 7-9).Ptueeb'e,

156 1044 188 1097 et
202 1040 244 1097 sie
259 1038 397 1113 promisit
414 1036 574 1110 :promisit
588 1036 672 1109 quasi
703 1036 812 1092 arbiter
839 1034 983 1103 muneris,
1041 1031 1878 1119 dixit,n0nplaoeo,hoeeat,detemporssiblbleuditup,[u.

156 1129 294 1187 eonseins
309 1125 467 1201 potestatis
483 1143 490 1183 :
515 1124 678 1199 poposoita
694 1124 777 1181 Patre
792 1123 876 1197 quasi
891 1122 985 1196 pieta·
1042 1129 1119 1181 turo.
1137 1123 1290 1186 Contraria
1304 1132 1375 1185 sunt
1388 1133 1488 1186 autem
1502 1130 1580 1186 m
1593 1116 1788 1202 presentibus
1796 1119 1874 1190 futu.

155 1220 197 1275 tie
211 1218 365 1290 interpres.
382 1216 417 1273 lit
432 1219 499 1275 ente
514 1215 658 1289 promisit,
674 1217 708 1271 ut
733 1214 905 1287 potestatem
937 1229 985 1269 oo·
1040 1217 1121 1279 tura,
1135 1215 1165 1268 et
1179 1215 1392 1289 temporalibus
1406 1221 1526 1277 aterna.
1542 1218 1578 1275 iit
1591 1217 1657 1276 ideo
1672 1218 1814 1291 puppim
1828 1222 1875 1282 qq

156 1324 280 1383 gnoseos
296 1323 303 1362 :
320 1304 457 1379 poposcit
470 1309 582 1377 postea,
599 1307 632 1360 ut
656 1304 793 1376 pietatem
821 1300 983 1375 intelligas.
1039 1303 1176 1359 vivorum
1192 1304 1282 1377 regio,
1297 1307 1345 1363 hio
1359 1307 1463 1380 utique
1478 1310 1675 1365 mortuorum,

157 1398 219 1454 Non
234 1396 369 1469 poposoit
383 1396 463 1461 ante,
479 1397 509 1450 et
535 1393 577 1451 sie
606 1392 754 1466 promisit;
772 1408 808 1449 ne
835 1391 986 1448 videretur
1077 1392 1126 1449 56.
1141 1392 1245 1450 Annon
1264 1400 1450 1453 mortuorum
1473 1395 1537 1455 haro
1565 1396 1657 1469 regio,
1687 1396 1738 1453 ubi
1766 1402 1874 1461 umbra

155 1485 327 1561 promisisse
344 1483 445 1557 potius
462 1483 540 1555 quod
556 1484 773 1555 impetraverat,
789 1498 878 1553 quam
903 1481 983 1553 quod
1040 1482 1158 1548 mortis,
1170 1482 1220 1539 ubi
1231 1490 1316 1556 porta
1326 1484 1500 1552 mortis,ubi
1513 1501 1620 1558 eorpus
1633 1488 1679 1542 ast
1690 1488 1813 1549 mortiet
1823 1492 1872 1549 Da·

156 1572 340 1650 promiserat,
354 1571 599 1646 prestitisseNee
610 1570 791 1644 superlluum
803 1574 888 1644 putes
902 1570 983 1641 quod
1038 1570 1131 1642 nique
1145 1569 1418 1641 donaturPetro,ne
1432 1572 1507 1630 torte
1528 1577 1620 1647 porta
1633 1572 1719 1631 interi
1729 1579 1869 1649 prevale·

155 1661 297 1738 poposcit,
321 1678 390 1718 eum
406 1660 461 1717 tibi
491 1660 635 1733 exprimat
663 1664 791 1733 paternae
819 1655 982 1715 voluntatis
1038 1663 1089 1716 ant
1099 1657 1127 1714 ei
1137 1658 1251 1726 (Mettis
1261 1676 1318 1726 avr,
1334 1661 1391 1731 18).
1408 1660 1499 1717 Portas
1514 1660 1601 1719 interi
1614 1661 1761 1721 istasunt
1776 1670 1869 1726 terre·

153 1751 346 1819 oonsortinm,
362 1750 394 1806 in
409 1765 467 1822 quo
483 1749 605 1807 unitatis
630 1748 783 1815 indicium,
801 1764 859 1804 non
884 1747 980 1803 inore·
1036 1740 1874 1829 ne.Undeetilleaitzouieeaiioemedepoeteemo'etisldsul,

155 1846 288 1899 mentum
301 1843 346 1897 est
359 1839 523 1912 potestatis.
998 1853 1076 1939 Bur,
1091 1836 1147 1909 t5).
1164 1836 1336 1894 Sioutenim
1347 1842 1439 1911 portas
1450 1838 1575 1911 justitie
1603 1839 1633 1895 in
1661 1840 1775 1914 quibua
1803 1854 1872 1901 aaa·

192 1932 239 1987 55.
254 1929 412 2001 Sequimur
426 1932 465 1999 ts,
485 1926 609 1984 Domine
621 1926 691 1984 lesu
709 1943 716 1982 :
733 1926 785 1983 sed
814 1930 848 1983 ut
876 1942 983 1998 sequa·
1041 1925 1420 1993 etiDominoeontltentnr,
1436 1927 1479 1984 ita
1500 1932 1571 1985 sunt
1598 1918 1756 1987 eriminum
1781 1923 1873 2005 portes

156 2038 225 2078 mur
240 2018 356 2085 necersi,
373 2018 444 2091 quia
461 2017 567 2074 sinete
582 2015 684 2073 nullus
695 2015 837 2073 asoendlt.
849 2016 895 2071 'l'u
906 2014 984 2071 enim
1041 2014 1072 2071 in
1087 2013 1197 2086 quibus
1212 2015 1297 2088 impii
1310 2016 1470 2073 Dominum
1482 2020 1673 2092 negaverunt.
1693 2018 1770 2077 Audi
1793 2035 1867 2094 quo·

155 2111 206 2167 via
220 2126 261 2177 es,
276 2107 392 2175 veritas,
408 2107 479 2172 vita,
494 2103 675 2178 possibilitas
696 2106 764 2178 (37),
794 2104 879 2173 fides,
910 2120 984 2176 pres-
1042 2102 1122 2159 uiam
1133 2102 1534 2175 reginistasitmortuorum,
1556 2106 1659 2180 Siquis
1668 2096 1869 2179 quarneriu-

155 2191 984 2269 mium.suspioenosquasivia,oonfirmaquasiveritas,
1041 2208 1088 2247 um
1096 2192 1400 2262 tetiperit,immuudus
1410 2195 1871 2270 erittliumxrx,it).lmmnndus

156 2284 362 2358 eoumquesi
372 2282 542 2341 vita.Pande
552 2281 627 2338 illud
638 2286 723 2339 tuum
732 2283 843 2340 bonum
853 2283 933 2356 quod
942 2282 985 2337 vi·
1041 2280 1727 2361 autemineonspeetnltomiuiomnisiniqnua.
1746 2286 1777 2344 ei
1800 2284 1870 2360 quis

158 2378 229 2435 dere
239 2374 424 2433 desiderabat
435 2372 535 2440 David,
549 2369 719 2427 inhabitans
735 2373 764 2428 in
780 2373 868 2429 domo
885 2370 984 2429 Doni·
1043 2370 1135 2444 igitur
1143 2369 1271 2443 tetigerit
1279 2370 1478 2444 iniquitatem,
1489 2360 1663 2433 immundus
1673 2364 1728 2433 erit
1739 2375 1782 2434 :si
1799 2358 1869 2449 qnia

155 2467 188 2525 ni
200 2485 210 2534 ;
222 2465 345 2537 ideoque
360 2462 476 2519 dicebat
492 2478 499 2518 :
517 2462 583 2531 Quis
599 2458 805 2519 osaendituotie
815 2460 984 2531 boeoffeol.
1041 2459 1072 2515 in
1081 2458 1202 2527 deliciis,
1215 2462 1364 2530 mortuus;
1375 2465 1581 2537 quoniamque
1594 2466 1625 2521 iu
1635 2464 1744 2523 deiuta‘s
1759 2467 1810 2535 est,
1825 2452 1868 2522 ui·

156 2548 676 2624 1v,6)ebteiibi:creuooiueretono
687 2550 840 2607 Domiuiin
851 2558 930 2607 tenu
943 2551 986 2605 ui·
1041 2552 1226 2604 eommortoo
1236 2549 1260 2619 (l
1269 2548 1336 2604 Tim.
1347 2566 1373 2604 v.
1383 2550 1422 2622 8).
1441 2551 1478 2609 llt
1487 2552 1539 2625 qui
1562 2553 1866 2625 infidelessnnt,des·

155 2642 461 2714 uestiumtl'sut.xxvr,
475 2638 530 2711 13).
548 2636 592 2693 lbi
607 2636 686 2692 enim
715 2642 786 2697 sunt
815 2639 905 2705 bona,
935 2636 987 2694 ubi
1043 2636 1366 2694 eondunlininlernum
1377 2638 1869 2702 uveouezetsioobisoumvieea-

158 2732 220 2788 vita
233 2736 374 2804 perpetua
387 2734 443 2797 est,
460 2728 520 2785 vitu
534 2728 598 2785 sins
620 2726 754 2784 erimine.
769 2727 845 2784 illibi
870 2742 987 2800 quoque
1043 2725 1204 2794 turvivere,
1216 2726 1266 2782 sed
1277 2725 1308 2781 in
1318 2725 1434 2784 interno
1448 2734 1528 2788 sunt.
1548 2730 1579 2788 si
1590 2731 1866 2812 quislil,q.d,eap.
1973 2765 1978 2773 „

158 2822 222 2879 ait:
238 2820 413 2893 liepietimur
427 2820 457 2874 tn
473 2818 550 2876 hond
565 2818 663 2877 domus
677 2820 735 2876 tues
750 2818 837 2889 (Paul.
855 2834 929 2884 axsv,
946 2814 985 2888 5).
1042 2814 1075 2871 si
1085 2816 1146 2886 quie
1155 2814 1281 2887 usuram)
1291 2831 1414 2871 usuram
1426 2818 1542 2899 eooipit,
1556 2820 1690 2900 rapinam
1701 2820 1784 2889 feeit,
1807 2818 1869 2895 uita

158 2910 244 2977 Quod
260 2909 324 2966 ideo
340 2908 543 2982 hequentavit,
559 2911 593 2964 ut
607 2907 776 2964 seireshino
790 2908 901 2964 bonum
913 2904 986 2962 illud
1044 2920 1103 2961 nou
1113 2902 1194 2972 vivit,
1206 2904 1374 2961 athabesin
1385 2905 1531 2981 Ezechiel)
1541 2910 1636 2978 ame,
1647 2926 1746 2980 xxxsn,
1763 2910 1820 2989 iit).
1834 2908 1868 2968 si

157 2997 353 3074 philosophos
377 2996 655 3069 transtulisse,quod
672 3012 824 3055 summum
850 2998 988 3053 asserunt
1043 2993 1329 3067 quisautemjustus
1346 2994 1578 3065 justitioationes
1599 2999 1717 3057 Domini
1740 2996 1869 3057 ooeodt

158 3088 411 3162 (38).Pandesrgo
424 3084 497 3142 illud
508 3102 574 3142 vere
585 3086 803 3155 bonumeam,
817 3084 890 3141 illud
914 3082 987 3139 divi·
1043 3081 1532 3158 utieeiuteeepiu,inquitoioet,
1548 3091 1657 3146 etuioet
1684 3088 1765 3147 iueu's
1786 3073 1866 3169 (bit.
1981 3100 1985 3109 ’

157 3194 245 3243 num,
256 3176 287 3233 in
299 3190 357 3248 quo
368 3179 397 3230 et
405 3173 578 3242 vivimus,et
588 3189 703 3240 sumus,
715 3179 743 3230 et
754 3190 907 3231 movemur
917 3172 985 3245 (Aet.
1042 3171 1098 3244 ie).
1111 3173 1177 3244 lpse
1184 3176 1229 3228 est
1236 3186 1305 3245 ergo
1315 3170 1346 3225 in
1358 3173 1477 3246 regione
1486 3176 1629 3247 duorum,
1643 3177 1674 3233 in
1688 3175 1867 3252 illaregiona

155 3284 228 3333 xvn,
238 3265 296 3336 28).
308 3267 457 3319 lloremur·
467 3262 551 3335 quasi
566 3260 598 3317 in
611 3260 669 3329 via,
684 3277 789 3319 sumus
799 3262 884 3336 quasi
900 3262 930 3317 in
941 3240 1023 3317 tre-G
1043 3261 1094 3317 ubi
1107 3261 1167 3317 vite
1182 3277 1241 3317 non
1255 3264 1300 3317 est
1313 3260 1495 3337 abscondita,
1520 3267 1571 3324 aed
1582 3266 1674 3325 libem
1689 3283 1697 3335 ς
1722 3247 1780 3343 'ubi
1806 3282 1865 3324 non

156 3356 257 3419 ritate,
268 3353 393 3409 vivimus
404 3349 527 3424 quesita
540 3350 600 3406 vita
622 3354 730 3407 aterne
754 3354 842 3422 (loon.
871 3367 928 3418 arv,
944 3348 983 3421 6).
1040 3349 1156 3417 umbra,
1173 3350 1224 3407 sed
1239 3347 1340 3423 glorie.
1357 3350 1410 3408 llio
1424 3354 1504 3413 enim
1519 3372 1573 3415 neo
1586 3355 1651 3429 ipso
1665 3354 1772 3414 Ρσσίσσ
1784 3340 1863 3429 eive·

155 3446 335 3502 Demonstra
350 3441 435 3497 nobis
450 3439 525 3496 illud
538 3440 743 3511 bonum,quod
760 3445 805 3497 est
818 3439 915 3495 simile
926 3437 984 3494 sui.
1040 3439 1091 3494 bat
1101 3437 1130 3492 in
1146 3436 1248 3510 gloria.
1264 3438 1395 3509 Denique
1409 3440 1440 3497 in
1456 3460 1576 3521 eorpors
1602 3444 1709 3503 mortis
1722 3442 1864 3518 ingemis-

156 3548 277 3606 sempsr
290 3528 494 3587 indissolubile
505 3531 594 3601 utque
605 3526 800 3595 immutabile,
811 3527 842 3583 in
866 3543 924 3600 quo
949 3526 987 3583 si·
1041 3527 1134 3583 cebet.
1152 3527 1227 3583 Audi
1242 3525 1386 3583 dicentem
1403 3544 1410 3583 ε
1428 3530 1507 3590 lium
1519 3536 1577 3591 vite
1588 3538 1684 3592 nostra
1703 3533 1862 3592 eboeendita

158 3639 230 3680 mus
240 3620 376 3677 eeterniin
386 3617 535 3693 agnitione
545 3616 644 3673 omnis
656 3616 737 3685 boni,
754 3616 830 3673 siout
856 3630 908 3673 vas
931 3614 987 3674 ele·
1041 3622 1157 3672 σείουσι
1172 3615 1280 3671 dirim
1295 3616 1393 3672 indeo
1408 3632 1417 3671 :
1432 3634 1496 3677 esem
1509 3626 1601 3679 ouum
1622 3622 1751 3680 ctn‘stus
1778 3636 1864 3696 oppu-

157 3710 269 3769 etionis
282 3714 339 3766 tua
350 3707 458 3765 Paulus
472 3706 648 3767 testitioatus
663 3707 708 3761 est
721 3705 821 3762 dioens
838 3722 844 3763 :
861 3707 988 3763 Forsitan
1042 3704 1131 3760 ruerit
1144 3706 1203 3760 viia
1215 3708 1318 3769 nostra,
1333 3710 1397 3760 tene
1411 3713 1437 3762 et
1451 3712 1530 3766 m
1545 3724 1594 3766 uos
1607 3726 1671 3767 eum
1682 3697 1731 3769 itio
1749 3726 1864 3787 appere-

158 3802 238 3857 mim
247 3800 311 3856 ideo
327 3798 448 3853 duemit
466 3796 502 3853 ud
523 3797 630 3865 torem,
642 3802 672 3851 ui
683 3798 816 3851 semum
826 3794 906 3853 iilum
918 3797 987 3851 reei·
1044 3793 1134 3848 timue
1148 3795 1179 3849 in
1193 3794 1282 3863 pieria
1295 3793 1408 3861 (coloss.
1425 3812 1467 3863 nr,
1482 3798 1500 3854 3
1513 3800 1543 3853 et
1557 3796 1595 3869 i).

156 3885 709 3963 peresfftium.15).AEteroumergo
737 3883 909 3941 ministrum
938 3883 987 3940 Dei
1079 3882 1453 3955 57.liestinemusergoad
1470 3882 1791 3957 vitamfliquievttam
1803 3891 1868 3967 tan·

158 3977 247 4043 dixit,
258 3975 389 4033 scribens
399 3975 435 4031 ad
447 3972 659 4037 Philemonem,
669 3972 755 4043 eujus
765 3972 854 4030 ssdem
864 3973 894 4029 in
905 3972 987 4046 egni-
1044 3970 1187 4045 git,vivet.
1199 3971 1330 4043 Denique
1339 3972 1438 4045 tetigit
1447 3972 1500 4031 illa
1509 3970 1686 4047 mulierque
1693 3974 1865 4055 tetigit'dm·

162 4069 276 4125 tionem
287 4066 383 4122 omnia
394 4063 463 4121 boni
474 4062 552 4135 quod
564 4062 595 4117 in
606 4061 716 4117 sanetis
729 4064 784 4129 est,
794 4062 824 4117 in
839 4063 989 4120 christum
1044 4060 1140 4116 briam
1150 4062 1224 4132 ejus,
1236 4064 1265 4117 et
1275 4077 1291 4116 e
1303 4062 1531 4121 mortedimissa
1546 4063 1602 4129 est,
1613 4062 1661 4119 oui
1671 4058 1797 4121 dieitur:
1822 4064 1868 4120 i’i-
1928 4092 1933 4103 ·

160 4156 269 4213 lesum
284 4153 490 4211 evidentiorem
506 4150 569 4206 fleri
586 4148 763 4223 postulabat.
780 4150 813 4206 ln
828 4168 887 4224 quo
912 4153 989 4208 bono
1043 4150 1088 4206 des
1099 4151 1294 4205 iooteeoioom
1300 4151 1375 4221 feeit,
1383 4150 1449 4207 σαάσ
1457 4153 1488 4208 iu.
1493 4167 1561 4225 paee
1570 4150 1647 4223 (lue.
1664 4168 1743 4222 xvrn,
1755 4154 1811 4226 ie).
1835 4151 1866 4233 Si

159 4251 209 4303 est
229 4241 345 4316 requies
360 4258 444 4315 pura,
461 4239 511 4295 lux
525 4236 715 4307 immortalis,
728 4239 823 4311 gratie
837 4245 988 4313 perpetua,
1045 4237 1122 4295 enim
1135 4237 1185 4310 qui
1200 4242 1349 4294 mortuum
1361 4240 1464 4313 tangit,
1476 4239 1726 4314 immundusest;
1739 4240 1868 4321 sinodu-

160 4332 321 4389 heereditas
336 4330 502 4387 animarum
517 4328 575 4401 pia,
604 4331 633 4384 et
661 4343 765 4383 secura
789 4329 990 4402 tranquillitas
1044 4327 1093 4384 bio
1107 4326 1158 4399 qni
1174 4328 1316 4383 viventem
1336 4328 1440 4399 tangit,
1457 4329 1557 4385 selom
1569 4332 1624 4384 est.
1642 4331 1812 4397 Quaeramus
1822 4344 1866 4387 er·

159 4438 225 4481 non
239 4420 325 4477 morti
338 4419 480 4491 subjeota,
493 4418 544 4473 sed
555 4420 656 4489 erepta
666 4416 702 4472 de
712 4419 816 4483 morte,
828 4417 878 4473 nbi
903 4416 989 4473 nulle
1045 4432 1081 4489 go
1096 4415 1251 4472 viventem.
1267 4415 1323 4471 Sed
1338 4414 1445 4473 iterum
1456 4418 1609 4474 videamus
1623 4433 1661 4475 ne
1689 4434 1758 4476 eum
1787 4407 1866 4493 qnes-

159 4513 312 4581 laorymae,
327 4506 428 4563 nullus
443 4508 488 4564 est
503 4505 600 4562 iletus.
617 4504 699 4560 Unde
712 4504 792 4560 enim
809 4504 869 4561 illie
894 4506 989 4573 fletus,
1045 4522 1147 4562 ramus
1159 4505 1386 4576 intermortuos,
1398 4509 1426 4560 et
1447 4505 1656 4565 dieatnrnohis
1679 4506 1757 4566 sieut
1765 4512 1795 4566 et
1809 4525 1869 4575 me-

160 4600 218 4657 uhi
234 4596 333 4653 nullus
348 4601 394 4652 est
408 4594 510 4667 lapsus
521 4594 535 4650 ‘l
548 4593 602 4651 Ubi
619 4596 688 4649 sunt
703 4592 797 4648 saneti
814 4593 856 4647 tui
885 4594 989 4650 errori·
1006 4610 1028 4676 D
1045 4593 1166 4651 lieribus
1176 4592 1255 4648 illis:
1275 4592 1348 4661 Quid
1362 4595 1632 4665 pueritieoioeveem
1642 4613 1705 4654 eum
1723 4599 1868 4672 mortuis?

160 4690 259 4745 huset
265 4682 524 4754 sollicitudinibus,
541 4680 711 4756 insipientia
721 4680 989 4755 atqueignorantia,
1046 4685 1107 4740 Nou
1120 4685 1159 4737 eet
1173 4682 1227 4752 tio,
1242 4680 1287 4735 aed
1301 4683 1423 4738 eetrreeit
1435 4684 1512 4759 (due.
1528 4700 1606 4753 xxiv,
1621 4686 1660 4756 5).
1669 4686 1735 4760 lpse
1749 4702 1867 4759 quoque

160 4778 315 4834 timoroeo
325 4775 416 4842 metu,
428 4769 641 4845 cupiditatibus
651 4773 740 4842 atque
750 4770 992 4843 eorporeisoollu·
1046 4770 1189 4827 Dominus
1204 4768 1254 4825 ubi
1269 4785 1301 4825 se
1315 4770 1406 4844 quaeri
1416 4771 1778 4842 vellet,ostenditdioens:
1798 4762 1868 4832 ioue

161 4861 305 4921 sionibus
315 4862 343 4917 et
358 4859 547 4935 passionibus
562 4857 698 4929 absoluti,
716 4857 765 4914 ubi
788 4858 867 4933 regio
892 4859 993 4917 νίνσσ-
1047 4860 1189 4931 odsrotres
1202 4873 1283 4927 meos,
1299 4863 1326 4915 et
1340 4860 1384 4916 otio
1395 4862 1447 4918 eie:
1463 4862 1582 4919 Ascendo
1596 4861 1632 4919 od
1640 4864 1751 4919 Patrem
1765 4876 1866 4931 meum,

161 4994 259 5061 atque
287 4990 428 5058 apertus:
457 4988 587 5042 attamen
614 4982 640 5038 is
669 4981 790 5039 minime
818 4983 992 5055 rejiciendus
1048 4983 1105 5039 nisi
1121 4980 1191 5054 quia
1205 4981 1283 5038 idem
1298 4983 1413 5041 videtur
1426 4986 1474 5044 bis
1485 4986 1576 5043 tuisse
1591 4982 1789 5059 signiaeetom
1817 5000 1871 5058 pet·

162 5074 260 5134 quem
277 5074 378 5114 omnes
394 5058 455 5112 alie
471 5056 542 5123 edit,
559 5071 592 5110 ao
608 5068 680 5109 mss.
697 5071 755 5125 prae
771 5071 802 5109 se
824 5055 929 5111 ierunt.
961 5056 993 5111 ln
1048 5054 1098 5111 illa
1112 5054 1209 5120 verba,
1225 5062 1288 5110 ut...
1303 5055 1361 5111 aiut
1375 5073 1490 5131 meeum,
1505 5066 1536 5113 ut
1548 5055 1667 5121 videdat,
1688 5054 1743 5109 ete.

161 5130 374 5201 hissiqoidem
389 5144 422 5184 eo
436 5128 546 5184 dieitur
560 5126 679 5197 vitaper
692 5141 722 5180 se
733 5124 824 5193 reddi,
839 5128 915 5197 quod
926 5145 992 5183 enm
1083 5125 1138 5196 (37)
1154 5125 1223 5181 Cod.
1238 5124 1303 5181 Vot.
1337 5130 1407 5198 tque
1426 5128 1494 5183 edit.
1512 5128 1606 5193 Rom,
1633 5123 1812 5197 possibilitas,
1827 5142 1869 5182 ee·

161 5222 202 5263 aa
220 5202 363 5257 bonorum
378 5200 425 5258 sui
439 5200 551 5256 ordinis
567 5196 992 5269 (putareturslisnaturalium,
1047 5198 1103 5254 des.
1120 5196 1224 5253 Melius
1239 5196 1289 5253 alii
1304 5213 1377 5252 mss.
1389 5214 1422 5253 ae
1436 5198 1542 5264 edit...
1552 5195 1629 5266 ides.
1642 5194 1755 5253 litenim
1765 5211 1869 5268 qnem-

162 5270 405 5345 supernaturalis
421 5266 703 5345 supernaturalium)
726 5268 853 5339 primum
870 5286 903 5324 ae
927 5269 993 5326 lun·
1049 5268 1208 5325 admodum
1225 5268 1273 5325 hie
1284 5268 1449 5340 possibilitas
1464 5269 1500 5324 ad
1515 5269 1560 5327 oio
1573 5282 1611 5333 ee,
1622 5267 1770 5338 ursatum
1784 5268 1870 5325 adoi-

161 5348 343 5403 dementum
360 5344 411 5413 sit,
425 5360 483 5399 non
499 5340 610 5415 ipsaad
627 5338 694 5405 alia,
711 5339 761 5394 sed
775 5338 833 5396 alio
845 5340 880 5395 ed
900 5340 993 5411 ipsam
1048 5351 1077 5397 to
1088 5359 1096 5409 ;
1107 5340 1147 5396 sie
1160 5340 1225 5410 tetes
1240 5340 1365 5395 retertur
1374 5339 1410 5393 ad
1426 5341 1538 5395 ueritus.
1559 5337 1673 5395 Dioitur
1690 5353 1759 5412 argo
1774 5338 1871 5409 Chris·

163 5416 351 5475 reseruntur.
1050 5410 1187 5537 tustpdea
1210 5409 1333 5480 eoquod
1350 5409 1413 5479 ejus
1435 5408 1542 5466 veritas
1557 5409 1634 5479 fldei,
1650 5411 1684 5466 ut
1697 5407 1869 5483 loquuntur,

205 5486 265 5557 (36)
279 5482 566 5541 Eademltomedit.
575 5480 807 5549 potestatuum
816 5496 916 5549 menen,
939 5486 993 5537 Pe·
1049 5483 1088 5539 sit
1114 5480 1222 5538 ormole
1238 5480 1394 5551 dbjeetum.

159 5570 213 5619 ter
224 5556 415 5640 iustullubio
428 5553 617 5684 qaroeulquia
642 5551 762 5609 visaest
788 5550 885 5619 diotio,
915 5554 995 5609 Peter
1085 5554 1141 5625 (38)
1157 5552 1226 5607 bles.
1252 5550 1357 5621 majori
1381 5566 1503 5608 numero
1530 5557 1559 5610 et
1591 5551 1773 5622 auctoritate,
1799 5552 1869 5627 quod

161 5629 353 5709 geminanda
366 5628 425 5687 obi
462 5626 541 5701 quod
555 5624 699 5707 sequitur,
713 5624 847 5697 Repetitio
862 5626 924 5681 iou.
940 5624 993 5707 .V⁰'
1048 5642 1135 5683 unum
1148 5630 1284 5682 merum.

163 5718 241 5763 rum
257 5700 399 5757 hevaeos
414 5715 472 5757 non
486 5696 625 5755 videntur
638 5694 696 5753 alre
709 5695 745 5752 de
769 5710 858 5753 eausa
883 5704 994 5769 posita,
1373 5713 1382 5739 s
