4159 6184
219 282 277 355 aon
946 284 980 351 s.
1002 284 1192 383 anaaosn
1861 285 1923 355 aaa

220 428 391 507 adverterat,
408 425 437 482 in
453 424 548 485 virum
573 422 703 484 derivare
730 442 785 481 non
809 419 919 489 areu-tt,
946 440 1038 494 neque
1055 426 1081 489 Α
1096 427 1220 496 oportet,
1235 426 1356 482 utatur:
1371 428 1400 483 et
1411 423 1477 484 ideo
1491 430 1604 483 nonest
1618 421 1746 499 cognitio
1760 420 1851 492 bona,
1863 424 1920 481 nisi

219 506 374 590 conjugem
390 518 540 591 proprium
557 514 806 591 praevaricatorem
832 514 921 569 divini
949 514 1042 569 lucere
1097 530 1131 569 ea
1146 514 1238 571 utaris
1253 518 1287 570 ut
1301 518 1424 586 oportet.

219 608 477 665 mundati.Seiens
509 608 598 679 igitur
624 606 811 677 prudensque
846 604 984 671 peccarit,
1014 608 1043 660 et
1132 604 1176 659 37.
1197 605 1268 660 item
1284 603 1509 676 accipercthn
1525 604 1635 661 frustra
1653 603 1768 678 lignum
1793 606 1919 661 scientia

219 696 314 753 sciens
340 696 435 752 virum
460 698 489 753 in
509 713 594 752 suurn
621 694 709 750 traxit
739 710 876 750 errorem.
905 692 1040 765 Alioquin
1096 692 1209 749 boniet
1233 692 1302 749 muli
1327 694 1501 764 productum
1526 693 1619 750 estin
1646 692 1741 750 medio
1764 695 1918 767 paradiso:

218 785 560 843 invenieturfalsusessc
581 784 617 840 de
649 782 729 855 ligno
763 782 891 839 scientiae
916 782 983 838 boni
1014 786 1043 837 ct
1097 782 1165 837 etsi
1185 781 1349 853 cuicunque
1373 781 1484 837 homini
1506 783 1681 854 productum
1705 787 1794 847 esset,
1819 800 1922 856 super-

112 876 116 889 '
219 874 553 941 maliserm0,sletiam
588 878 778 944 posteaquam
813 872 848 927 de
883 888 916 927 ea
940 873 1042 927 arbore
1097 870 1157 925 ifua
1172 870 1348 926 interdictio.
1365 871 1419 926 Sed
1436 887 1530 943 neque
1552 872 1661 927 frustra
1674 872 1784 927 factum
1797 876 1851 941 est,
1871 889 1922 928 ne-

220 962 417 1031 manducavit,
441 960 593 1017 scientiam
622 961 691 1016 mali
721 962 828 1017 babere
861 977 918 1015 non
948 958 1043 1033 potuit
1098 958 1228 1030 quealii,
1249 958 1305 1014 nisi
1329 959 1440 1015 homini
1465 960 1650 1026 factumest,
1676 961 1726 1033 qui
1748 961 1920 1017 mandatum

220 1054 286 1123 (40).
304 1050 425 1115 Quodsi
442 1066 527 1105 uerus
549 1055 593 1105 est
617 1067 724 1115 sermo,
749 1049 917 1121 cupiditatis
941 1049 1043 1121 utique
1097 1048 1225 1120 accepit;
1242 1055 1276 1103 ut
1291 1065 1347 1103 non
1364 1048 1425 1104 solo
1440 1066 1484 1115 eo,
1505 1050 1555 1105 sed
1579 1065 1612 1105 eo
1634 1066 1701 1106 cum
1723 1050 1835 1107 caeteris
1859 1054 1922 1106 ute·

221 1156 339 1195 causam
357 1139 463 1194 habere
479 1156 535 1195 non
554 1138 661 1211 potuit:
679 1138 747 1193 licet
765 1137 896 1209 plerique
930 1137 973 1192 sic
995 1153 1042 1193 ex·
1098 1140 1189 1191 retur.
1205 1138 1277 1191 Nam
1293 1138 1317 1191 si
1330 1136 1424 1194 multa
1441 1138 1595 1205 discutias,
1620 1138 1771 1212 complura
1796 1140 1922 1213 reperies

220 1228 382 1286 cusandurn
398 1232 511 1301 putent,
527 1228 604 1299 quod
620 1227 745 1299 diligens
765 1226 861 1281 virum
886 1226 923 1281 ab
948 1242 981 1281 ec
1006 1224 1042 1279 ti·
1098 1229 1127 1282 et
1142 1224 1227 1298 plane
1240 1226 1405 1296 innumera,
1422 1244 1484 1299 quae
1500 1227 1524 1282 ei
1537 1227 1587 1299 qui
1604 1227 1646 1282 uti
1662 1228 1785 1300 nesciat,
1807 1230 1922 1300 possint

220 1317 328 1373 mucrit
342 1317 481 1390 separari,
498 1321 526 1372 et
540 1316 615 1371 hano
631 1332 751 1371 causam
776 1314 944 1387 cupiditatis
968 1330 1040 1386 prae·
1098 1330 1211 1369 nocere.
1237 1315 1295 1371 Nec
1319 1315 1399 1387 ipsas
1432 1315 1547 1371 divitias
1581 1315 1710 1374 invenies
1743 1318 1919 1385 fructuosus,

220 1407 351 1475 tendant,
366 1406 442 1478 quod
460 1422 524 1461 csse
536 1404 660 1461 voluerii
676 1421 740 1460 cum
759 1404 874 1459 marito.
1099 1401 1123 1459 si
1140 1402 1253 1460 habens
1267 1404 1346 1459 dives
1362 1404 1495 1461 subsidia
1511 1404 1664 1477 largitatis,
1679 1412 1766 1479 neget
1781 1406 1923 1464 alimenta

534 1513 651 1569 CAPUT
666 1512 726 1567 qq·
1099 1493 1288 1564 pauperibus,
1304 1492 1439 1549 excludat
1452 1493 1569 1566 inopem
1585 1493 1716 1549 subsidio
1737 1495 1921 1564 destitutum,

219 1605 362 1674 Quaeritur
375 1608 469 1658 utrum
484 1619 500 1657 c
513 1604 575 1669 lieo,
585 1603 626 1657 cot
641 1619 658 1657 o
673 1602 757 1672 liqna,
773 1601 814 1655 cci
828 1600 939 1656 demam
952 1600 1046 1655 oliuo·
1099 1580 1194 1637 aliena
1218 1585 1396 1655 0¹f0l‘iuellb
1421 1583 1491 1655 quia
1509 1581 1646 1655 ilraelalet
1667 1587 1819 1653 Ρθῖθῦῗᾶῑθ-
1854 1584 1921 1641 Pul·

254 1674 497 1732 demersionem·
511 1674 657 1729 ceciderit:
673 1678 754 1743 atque
769 1672 881 1743 objectio
895 1672 1045 1743 multiplici
1099 1669 1234 1727 claritudo
1249 1671 1314 1743 ipsa
1327 1673 1355 1727 el
1366 1671 1475 1744 gratior
1489 1670 1620 1743 corporis
1641 1671 1736 1727 forma
1757 1673 1923 1746 frequenter

254 1749 430 1819 feiflffllil'ffllss
443 1746 570 1801 ‘filiiflii-
1058 1758 1128 1856 Bin
1145 1759 1258 1827 vitium,
1275 1764 1363 1832 quam
1383 1759 1554 1816 deformitas
1573 1759 1663 1816 trehit
1683 1760 1750 1833 (43).
1771 1762 1921 1836 Numquid

253 1854 298 1909 35.
315 1854 423 1909 lterum
439 1852 497 1908 alia
512 1851 634 1925 questio
650 1849 782 1922 subrepit
799 1850 877 1905 unde
897 1866 976 1905 mors
998 1866 1043 1905 ac·
1097 1846 1188 1920 igitur
1213 1848 1370 1921 quisquam
1402 1847 1592 1905 deformiores
1624 1865 1713 1922 quum
1740 1849 1922 1923 pulchriores

218 1942 413 2007 cideritltdae,
429 1945 529 1997 utrum
554 1958 571 1995 e
595 1944 700 1995 nature
724 1938 795 2011 ligni
821 1936 978 2010 ejusmodi,
1005 1955 1043 1994 an
1098 1936 1174 1992 filios
1192 1936 1300 1994 habere
1328 1937 1485 2005 desiderat,
1507 1943 1536 1995 et
1561 1938 1664 2011 inopes
1696 1938 1794 2013 potius
1812 1940 1921 1998 liberos

217 2047 286 2089 vcro
301 2048 318 2087 a
333 2031 401 2087 Deo.
414 2029 443 2085 si
459 2033 570 2085 naturae
583 2028 655 2099 ligni
675 2028 730 2083 hoc
754 2026 939 2092 ascribimus,
964 2027 1043 2084 vide·
1098 2041 1168 2081 suos
1184 2025 1265 2099 cupit
1279 2042 1353 2094 csse,
1370 2044 1459 2100 quam
1476 2026 1580 2083 divites
1591 2027 1605 2082 ‘l
1618 2026 1705 2083 Plura
1724 2032 1792 2085 suut
1815 2028 1920 2101 hujus-

218 2124 268 2177 tur
295 2118 367 2193 ligni
397 2120 487 2191 hujus
519 2120 630 2174 fructus
658 2116 823 2172 vivificandi
849 2115 1042 2171 insufflationi
1099 2114 1177 2169 modi
1198 2132 1262 2187 qum
1281 2132 1339 2171 non
1363 2116 1399 2170 ad
1421 2115 1650 2187 imprudentium
1672 2114 1823 2189 largientis
1847 2116 1920 2174 nefe-

218 2208 271 2265 Dei
282 2213 419 2280 praestare
434 2226 440 2275 3
454 2208 599 2280 siquidem
611 2224 699 2279 quem
709 2205 904 2262 vivificaverat
914 2205 1045 2260 insuffla·
1098 2204 1189 2259 reads
1203 2208 1283 2271 sunt,
1300 2204 1350 2260 sed
1366 2204 1402 2259 ad
1419 2204 1494 2261 male
1509 2204 1619 2261 utentis
1639 2221 1778 2261 errorem.
1802 2206 1835 2261 ut
1855 2207 1920 2263 ideo

218 2296 485 2367 tio,fructushujus
497 2294 705 2367 lignitraxitad
715 2292 1042 2348 mortemnutstueum
1098 2295 1227 2348 utentem
1243 2292 1549 2367 accusandumpotius
1564 2310 1651 2366 quarn
1667 2294 1834 2351 donantem.

219 2392 401 2459 operatorem
418 2386 521 2441 mortis
536 2400 600 2440 esse
615 2397 822 2447 memoramus,
838 2380 941 2436 dicant
964 2380 1043 2451 quod
1404 2400 1520 2457 gpppqr
1543 2400 1614 2457 vm,

219 2476 338 2551 gemina
357 2492 423 2533 eum
448 2474 583 2547 opinione
608 2488 797 2528 accusemus:
823 2470 900 2541 quod
929 2474 980 2525 aut
1003 2469 1045 2524 ita
1097 2488 1653 2562 Solvunturquaeffionesdeproesmtpa
1676 2491 1726 2546 pm·
1747 2491 1822 2547 cim
1846 2508 1921 2563 W,

220 2567 354 2633 immitis,
373 2564 544 2621 ulnoluerit
565 2561 727 2634 ignoscere,
751 2576 818 2614 oum
847 2562 964 2630 posset:
993 2562 1044 2614 aut
1132 2563 1311 2617 coniectiones
1323 2562 1610 2633 Adeu,etopiaionem
1625 2562 1689 2617 boni
1701 2565 1729 2619 et
1742 2564 1811 2617 mali
1822 2563 1924 2619 asmo-

220 2657 246 2713 si
260 2656 408 2729 ignoscere
423 2671 481 2709 non
504 2650 639 2725 potuerit,
664 2649 796 2705 videatur
820 2648 967 2703 infirmus.
990 2646 1042 2700 Vi·
1132 2636 1177 2688 '²5³
1191 2635 1328 2688 Willfbfli
1343 2634 1475 2688 ‘¹50¹'an
1491 2634 1662 2705 imffeifssm·

220 2746 342 2802 deamus
357 2743 446 2816 igitur
464 2740 610 2814 quomodo
630 2738 801 2793 diluendum
828 2736 876 2790 sit.
901 2734 963 2790 Nisi
992 2733 1043 2789 fal·
1132 2741 1176 2794 38.
1194 2738 1570 2811 lterumquaestio:Sciebat
1583 2738 1923 2811 prevaricaturumDeus

219 2833 273 2902 lor,
288 2832 392 2888 mortis
407 2848 496 2886 causa
510 2826 708 2885 inobedientia
725 2825 796 2891 tuit3
814 2828 843 2879 et
866 2824 930 2879 ideo
954 2822 1040 2878 homo
1095 2828 1188 2883 Adam
1200 2830 1338 2883 mandata
1352 2844 1416 2897 sua,
1426 2844 1464 2883 an
1478 2826 1682 2884 nesciebat‘lSi
1693 2828 1850 2897 nesciebat,
1860 2846 1921 2886 non

218 2922 282 2995 ipse
294 2919 350 2976 sibi
366 2920 469 2974 mortis
484 2922 529 2973 est
544 2932 644 2979 causa,
659 2932 717 2970 non
734 2914 846 2969 habens
865 2912 957 2967 Deum
981 2928 1040 2967 suae
1095 2920 1140 2971 est
1150 2917 1205 2973 ista
1219 2915 1322 2972 divinae
1332 2916 1487 2989 potestatis
1498 2917 1635 2972 assertio:
1648 2917 1672 2971 si
1688 2922 1787 2974 autem
1798 2918 1921 2987 sciebat,

219 3010 323 3067 mortis
337 3012 495 3064 auctorem.
512 3006 611 3077 Neque
626 3002 703 3058 enlm
721 3000 745 3056 si
762 3000 893 3055 medicus
908 3000 1040 3072 ptaesctl·
1095 3010 1125 3062 et
1147 3004 1341 3061 nihilominus
1365 3006 1460 3061 sciens
1483 3003 1657 3079 negligenda
1679 3006 1837 3072 mandavit,
1858 3024 1921 3064 non

219 3100 280 3172 psit
294 3097 444 3171 egrotanti
461 3112 478 3150 a
493 3094 602 3167 quibus
613 3092 745 3146 rideatur
759 3089 931 3157 cavendum,
953 3092 1040 3160 utque
1097 3099 1142 3151 est
1155 3094 1204 3150 Dei
1220 3094 1329 3166 aliquid
1346 3094 1528 3166 superfluum
1543 3094 1709 3167 precipere.
1730 3094 1920 3168 Superduum

219 3188 315 3246 illoeb
330 3184 493 3242 interdictis
510 3199 566 3239 non
583 3178 727 3254 putaverit
738 3178 956 3244 abstinendum,
974 3158 1078 3231 cau-C
1097 3188 1195 3239 autem
1211 3182 1347 3255 precepit
1361 3181 1541 3255 protoplasto
1565 3182 1607 3237 illi
1638 3184 1716 3251 Ada,
1750 3184 1826 3255 quod
1850 3200 1921 3240 eum

220 3295 254 3336 „a
273 3277 298 3332 ei
320 3273 427 3332 mortis
455 3276 499 3329 est
523 3269 672 3327 medicus:
698 3268 749 3323 sed
771 3267 873 3338 utiquc
897 3266 959 3338 ipse
985 3264 1042 3321 sibi
1096 3276 1215 3328 noverat
1229 3271 1351 3326 minime
1366 3274 1567 3327 servaturum:
1602 3270 1676 3327 nibil
1709 3276 1807 3328 autom
1840 3273 1921 3330 Deus

219 3384 288 3423 reus
305 3364 408 3421 mortis
423 3368 467 3419 esi
483 3360 616 3433 propriae.
633 3360 733 3430 {laque
747 3356 823 3411 Deus
839 3354 922 3427 quusi
946 3354 1042 3410 honus
1096 3361 1276 3433 superfluum
1292 3360 1380 3425 facil3
1396 3376 1464 3432 ergo
1484 3375 1541 3415 non
1564 3364 1609 3415 nst
1626 3359 1777 3432 Scriptura
1794 3376 1828 3416 ex
1843 3360 1915 3418 Deo,

219 3454 355 3511 medicus
368 3450 519 3524 prohibuit
533 3466 569 3504 ne
584 3448 673 3503 Adam
691 3446 844 3500 nociturna
858 3446 999 3516 gustaret.
1095 3449 1154 3505 Hoc
1169 3449 1247 3505 enim
1262 3448 1415 3519 objiciunt,
1431 3448 1482 3520 qui
1495 3447 1585 3504 Vetus
1610 3466 1669 3504 non
1694 3449 1840 3521 recipiunt
1860 3450 1918 3507 Tc·

254 3544 300 3599 36.
323 3543 431 3598 iterum
452 3538 564 3609 accipe:
599 3536 677 3592 Scire
710 3535 820 3589 bonum
854 3533 964 3588 mellus
983 3535 1038 3595 esi.
1094 3537 1919 3608 stamentum,ethasinterseruutquaestiones.Verum

219 3627 535 3705 quamnosciretctei
556 3624 605 3698 qul
639 3625 749 3679 bonum
782 3622 865 3687 scial·
881 3621 1038 3695 pulchrum
1093 3626 1351 3683 hisuasententie
1369 3630 1399 3682 et
1420 3624 1556 3698 opinione
1580 3625 1713 3682 vincendi
1746 3627 1918 3684 sunt.Cum

218 3726 262 3779 est
276 3721 350 3776 scire
365 3719 443 3791 quod
459 3717 569 3773 malum
586 3719 639 3783 est,
657 3719 689 3768 ut
721 3712 793 3769 scial
828 3727 927 3767 cavere
960 3710 1037 3781 quod
1093 3716 1171 3771 enim
1187 3714 1257 3772 Novi
1272 3714 1450 3771 Testamenti
1466 3730 1524 3770 non
1540 3714 1670 3771 refutant
1692 3715 1792 3781 fldem,
1815 3730 1918 3771 exam-

217 3808 328 3867 mafum
343 3813 396 3877 est,
413 3811 442 3864 et
454 3811 487 3861 ut
502 3802 748 3878 prudeussuboat
762 3799 901 3856 custodiae
926 3798 1037 3854 cautio·
1092 3804 1226 3876 plosunt
1248 3802 1398 3876 arguendi,
1423 3806 1456 3857 ut
1481 3802 1573 3858 Vetus
1605 3804 1738 3859 credent:
1772 3804 1915 3876 quoniam

215 3916 282 3955 nem
299 3898 364 3970 (44).
382 3898 494 3952 Rursus
510 3898 608 3949 autom
624 3908 681 3946 non
698 3889 770 3944 solis
795 3892 839 3943 esi
862 3887 916 3943 hoc
941 3887 1035 3942 solum
1091 3893 1231 3949 cumsibi
1255 3892 1354 3948 diuina
1385 3895 1530 3964 precepta
1560 3893 1591 3947 ot
1624 3890 1699 3947 facta
1727 3892 1916 3959 conveniant,

214 3987 381 4044 ltltlscire
416 3984 492 4057 qnod
529 3980 638 4038 malum
673 3984 734 4045 esl;
769 3993 805 4032 nc
838 3992 905 4031 cum
925 3974 1035 4030 malum
1092 3978 1917 4053 uniusauctorisTestamentumutrumqualiqueteasc

213 4076 300 4144 scine,
317 4074 438 4131 scientie
452 4071 522 4128 boui
537 4069 661 4141 incipias
682 4064 858 4122 defraudari.
881 4063 1035 4120 Pulchrius
1090 4070 1279 4125 credendum.
1296 4068 1415 4125 Discant
1438 4068 1530 4141 igitur
1550 4084 1608 4124 non
1633 4068 1826 4141 superfluum,
1854 4085 1915 4126 non

212 4170 256 4221 est
271 4163 361 4237 igitur
378 4166 409 4217 ut
428 4164 587 4230 uirumque
604 4155 756 4219 norimus:
780 4157 812 4208 ul
835 4154 863 4207 el
886 4151 955 4224 (lilla
978 4151 1033 4207 801·
1089 4158 1233 4228 injustum
1249 4158 1336 4211 etiam
1357 4156 1580 4229 prevaricaturo
1612 4157 1814 4229 praescriptum
1847 4174 1915 4215 esse

212 4270 279 4309 mus
293 4251 415 4317 bonum,
432 4247 580 4319 fugiamus
594 4244 671 4316 quod
688 4242 798 4297 molum
814 4246 876 4307 est;
893 4244 921 4296 el
943 4258 975 4296 ex
1000 4256 1033 4295 <³0
1089 4248 1272 4302 mandatum.
1288 4244 1359 4301 Nam
1376 4246 1481 4317 etipse
1496 4245 1639 4303 Dominus
1653 4245 1741 4302 lesus
1760 4245 1847 4319 elegit
1862 4246 1915 4303 Ju-

211 4341 289 4414 qucd
304 4337 509 4411 cognoscimus
524 4334 645 4399 mulum,
662 4332 730 4387 boni
754 4330 875 4402 gratiam
900 4330 1032 4401 praefera·
1087 4335 1167 4400 dam,
1179 4350 1265 4407 quem
1281 4334 1457 4405 proditorem
1472 4333 1591 4389 sciebat.
1609 4332 1701 4401 Quem
1715 4333 1740 4389 si
1765 4349 1816 4407 per
1836 4334 1908 4391 m

211 4445 289 4484 mus.
305 4426 361 4483 Sed
377 4426 418 4481 ita
432 4424 520 4479 debes
536 4426 693 4494 utrumque
708 4419 792 4485 scire,
809 4423 840 4474 ut
860 4422 888 4473 et
912 4418 1031 4490 prolun—
1086 4422 1313 4495 imprudentiam
1341 4421 1464 4478 electum
1491 4424 1607 4493 putant,
1636 4422 1740 4477 ditium
1770 4422 1915 4496 derogant

209 4515 386 4581 dencveris,
406 4512 528 4585 etqucd
550 4510 663 4567 noveris
685 4508 864 4580 exsequaris,
890 4512 1031 4578 actusque
1047 4510 1300 4591 Maiestatis&
1330 4510 1384 4566 hee
1405 4510 1549 4567 estimare
1582 4526 1640 4566 non
1673 4515 1808 4583 possunt,
1842 4528 1913 4569 cum

209 4604 336 4662 scientiae
354 4603 505 4674 congruat.
531 4599 666 4671 Alioquin
700 4595 925 4653 tolerabiliorem
955 4595 1030 4651 Scri·
1089 4600 1241 4673 Scriptura
1256 4598 1448 4663 dicat:0uia
1460 4600 1563 4653 sciebat
1576 4600 1652 4655 iesus
1676 4600 1736 4672 qast
1760 4615 1822 4655 cum
1844 4616 1913 4672 pro-

207 4696 295 4766 ptura
308 4690 418 4747 indicat
450 4704 527 4755 eum,
545 4688 594 4761 qui
627 4692 786 4757 utrumqne
806 4684 1028 4755 nesciat,quam
1087 4687 1196 4743 diturus
1210 4690 1277 4743 esset
1292 4688 1379 4759 (foen.
1393 4703 1431 4751 vr,
1448 4686 1506 4757 65).
1526 4687 1728 4744 conticescant
1751 4687 1843 4760 igitur
1864 4706 1913 4745 re·

207 4780 257 4854 qui
273 4778 469 4853 perfunctorie
485 4781 642 4850 utrumque
660 4774 795 4848 cognovit
814 4774 889 4845 (tac.
909 4790 959 4839 xu,
985 4774 1029 4835 47,
1087 4780 1263 4849 pugnatores
1277 4776 1326 4831 isti
1339 4774 1453 4831 Veteris
1467 4775 1657 4832 Testamenti,

205 4871 261 4942 48).
282 4869 388 4925 Gravat
407 4866 485 4924 enim
502 4866 585 4935 scire,
611 4865 687 4937 quod
714 4862 758 4919 vel
780 4862 897 4934 exsequi
922 4859 966 4916 vel
987 4860 1029 4915 vi·
1121 4867 1165 4920 39.
1183 4865 1238 4921 Sed
1256 4863 1394 4937 quoniam
1410 4863 1499 4919 etiam
1514 4863 1684 4937 gentilibus,
1698 4864 1807 4921 sifortc
1829 4863 1913 4920 istud

180 4962 266 5021 iare
282 4974 339 5015 non
355 4957 451 5031 possis
467 4956 543 5028 (d2l;
560 4958 660 5028 gravat
676 4952 750 5008 scire
774 4951 837 5008 sine
861 4967 916 5005 usu
941 4954 1028 5021 atque
1084 4953 1266 5025 objecerint,
1300 4952 1536 5024 responde-ndum
1568 4952 1694 5019 videtur,
1729 4950 1779 5024 qui
1811 4967 1911 5008 exem·

203 5063 290 5119 0pere
303 5046 478 5120 cognitionis
494 5044 654 5117 profunde.
671 5040 802 5111 Denique
817 5040 900 5096 obest
920 5039 953 5093 ad
971 5038 1027 5094 exi·
1083 5043 1164 5116 plum
1181 5039 1410 5112 conrecipient,
1435 5039 1577 5096 rationem
1599 5039 1739 5113 exigunt:
1763 5038 1914 5113 accipiant

202 5136 400 5193 stimulionem
416 5134 530 5190 medico
542 5132 616 5188 scire
631 5131 700 5203 quid
722 5129 823 5201 prosit,
839 5128 952 5198 etquid
973 5144 1026 5181 no·
1081 5132 1169 5187 etium
1186 5131 1241 5203 ipsi
1263 5147 1322 5202 qua
1346 5130 1458 5184 ratione
1482 5129 1533 5185 Dei
1558 5128 1649 5184 Filius
1672 5128 1717 5185 vel
1737 5128 1912 5201 praevafiog.

201 5228 266 5281 ceat
298 5240 393 5297 egro:
428 5222 485 5278 nisi
513 5220 678 5294 cognitione
711 5235 745 5274 ea
775 5216 1023 5288 quemadmodum
1082 5219 1349 5284 turornaudarerit,
1366 5216 1410 5273 val
1426 5216 1547 5291 elegerit
1562 5216 1758 5289 proditurum.
1782 5216 1913 5274 Venerat

237 5392 293 5464 (40)
310 5391 378 5447 tiss.
392 5391 461 5456 duo,
476 5391 619 5447 seientiam
635 5391 698 5447 toni
711 5394 737 5445 ct
755 5388 824 5443 crati
847 5386 945 5442 tollere
968 5400 1023 5440 non
1114 5390 1232 5462 (t2lltu
1253 5405 1325 5444 mss.
1351 5390 1378 5443 et
1401 5385 1470 5454 edit,
1493 5385 1585 5458 antiq.
1610 5400 1717 5458 magno
1750 5401 1908 5443 consensu.

197 5462 298 5535 potnit.
1077 5464 1113 5517 lta
1128 5462 1212 5516 Rom.
1230 5459 1320 5516 edit:
1336 5460 1423 5514 uitarc
1437 5474 1493 5513 noe
1507 5458 1586 5524 celis,
1600 5460 1626 5513 et
1641 5472 1698 5511 non
1708 5458 1806 5530 poesis.

200 5532 257 5659 (ip)
272 5532 362 5660 1²³»me
371 5532 441 5659 {pd'it'
458 5547 463 5586 :
481 5536 589 5590 eieciat
602 5550 720 5604 proriam
734 5532 830 5597 vitare,
857 5530 881 5582 et
902 5525 1021 5598 prudens
1113 5532 1169 5604 (43)
1183 5532 1265 5589 Rom.
1279 5533 1354 5596 cod,
1370 5531 1401 5585 in
1412 5530 1512 5585 citiam
1522 5527 1704 5599 deformitates
1717 5529 1812 5585 optet.

192 5620 228 5678 pu
246 5618 278 5659 eo
320 5618 376 5661 oso
396 5620 435 5659 aa.
