4159 6184
143 385 196 448 ιιι
740 391 855 454 crana
877 391 928 454 ns
949 393 1055 454 nouo
1079 391 1238 456 uosvis.
1782 353 1843 459 sco

142 525 346 591 manetpoena,
365 519 718 593 aliasgloriatettamen
744 540 796 579 nec
822 523 1074 597 uiciate-Abii).
1105 526 1236 598 Denique
1264 530 1345 582 sexto
1374 526 1476 582 ordine
1506 525 1757 583 demonstrabitur
1792 528 1840 596 iis,

139 607 192 663 rim
207 607 273 663 sine
287 606 408 679 injuria,
424 625 477 664 nec
492 609 555 665 ists
571 611 635 667 sine
651 611 746 667 fructu
763 612 918 668 svrnthm
935 616 965 669 ct
1018 613 1095 684 quod
1109 610 1207 668 vultus
1222 631 1323 670 aarum
1347 615 1423 670 sicut
1443 616 1485 671 sol
1509 615 1630 688 incipiat
1643 614 1798 688 refulgere)
1813 620 1843 672 et

139 696 191 752 ille
203 696 338 754 videntes
353 697 539 754 servantibus
554 697 648 772 legem
661 700 709 757 liei
726 701 884 774 repositam
900 717 964 758 csse
1018 700 1171 757 stellarum
1185 701 1350 758 luminibus
1366 705 1528 776 comparari
1540 705 1612 778 :qui
1628 708 1726 780 tamen
1744 702 1842 777 fulgor

141 785 302 842 mercedem
323 784 433 858 glorio,
458 789 623 844 conservari
648 805 749 845 earum
785 790 822 846 ab
851 789 963 863 angelis
1017 805 1117 845 earnm
1132 790 1326 863 corruptelam
1340 792 1404 863 jam
1420 793 1528 849 sentire
1543 809 1601 847 non
1631 793 1733 865 possit.
1751 792 1842 865 Septi·

138 873 315 938 habitacula,
332 872 390 930 sibi
405 879 504 932 autem
515 877 799 935 dissimulationiset
815 882 963 934 contuma·
1019 894 1087 932 mus
1101 895 1168 934 vcro
1183 880 1253 935 ordo
1275 880 1301 935 is
1320 880 1385 948 erit,
1411 886 1444 936 nt
1471 880 1617 936 exsultent
1637 897 1704 936 cum
1720 881 1839 950 fiducia,

139 963 186 1020 cie
200 961 346 1036 supplicia
359 964 467 1033 lutura,
484 969 511 1021 et
526 966 668 1036 pudorem
685 971 714 1023 et
737 966 961 1036 contusionem
1017 969 1046 1022 et
1060 967 1124 1023 sine
1137 967 1197 1023 ulla
1212 969 1397 1024 cunctatione
1411 969 1568 1038 confidant,
1585 974 1614 1025 ot
1629 970 1692 1025 sine
1710 971 1841 1043 trepida-

142 1055 180 1121 ut,
196 1052 343 1109 intuentes
357 1050 481 1126 gloriam
496 1054 650 1124 Altiasimi,
668 1056 843 1112 erubescant
856 1056 887 1111 in
898 1057 962 1128 ejus
1016 1054 1096 1111 tione
1111 1055 1255 1124 laetentur,
1273 1057 1444 1113 testinantes
1459 1057 1574 1114 vultum
1590 1060 1654 1130 ejus
1669 1058 1776 1129 videre,
1793 1059 1840 1114 cui

138 1145 324 1214 conspectum
349 1142 458 1212 venire,
483 1143 569 1214 cujus
585 1142 724 1200 mandata
747 1145 960 1202 temeraverint.
1017 1143 1126 1200 sedula
1142 1144 1291 1201 servitutis
1306 1145 1446 1218 obsequia
1456 1145 1644 1206 detulerunt:
1672 1146 1779 1220 dequo
1795 1147 1839 1202 in·

137 1229 214 1284 Sicut
247 1229 328 1284 enim
353 1230 551 1302 pravaricatio
574 1233 655 1302 Adae,
685 1233 726 1290 ita
754 1236 782 1290 et
805 1234 960 1302 conl'usic;
1017 1233 1108 1288 noxiae
1124 1233 1307 1290 conscientia
1322 1235 1520 1291 recordatione
1533 1239 1714 1307 presumant
1733 1234 1840 1308 glorio·

140 1318 277 1390 quoniam
292 1317 369 1373 sicut
384 1316 431 1373 ille
445 1335 495 1390 per
512 1319 655 1376 incuriam
675 1323 880 1378 mundatorum
904 1339 960 1376 coe-
1016 1337 1078 1376 sam
1096 1323 1259 1378 mercedem
1286 1322 1396 1378 laboris
1421 1323 1529 1396 exigui,
1555 1339 1642 1394 qoam
1667 1322 1839 1396 incipientes

139 1406 253 1462 lestinrn
270 1407 372 1478 lapsus
387 1411 442 1473 est,
458 1413 487 1463 et
506 1409 615 1479 pudore
631 1427 662 1466 ee
684 1409 878 1483 prolapsionis
894 1411 961 1465 abs·
1016 1411 1154 1481 recipere,
1169 1416 1369 1483 cognoverunt
1383 1412 1520 1484 indignas
1535 1428 1600 1467 esse
1613 1411 1703 1482 hujus
1726 1415 1838 1485 tempo·

138 1493 243 1561 condit,
261 1493 404 1565 lulgorem
421 1494 526 1550 divina
539 1497 700 1567 praesentire
710 1499 884 1553 verecundia
899 1514 961 1570 pec·
1015 1495 1057 1551 ris
1072 1499 1235 1568 passiones,
1252 1499 1360 1570 quibus
1389 1498 1634 1554 remunerationis
1649 1502 1761 1554 aterna
1776 1497 1838 1572 glo-

135 1581 248 1638 catricis
265 1581 451 1638 conscientiae
467 1584 566 1639 subire
583 1601 641 1640 non
658 1601 772 1642 ansus:
800 1587 959 1642 itaetani-
1015 1585 1058 1639 ria
1073 1591 1154 1640 tanta
1170 1587 1302 1642 retertur.
1333 1587 1383 1642 llic
1409 1588 1490 1653 ordo,
1519 1587 1615 1660 inquit
1634 1589 1681 1657 (ll'
1703 1587 1837 1654 dadum,

135 1688 186 1726 ma
201 1675 388 1742 peccatorum
405 1671 548 1728 vibrantis
562 1672 683 1729 luminis
694 1675 757 1746 ejus
773 1673 958 1746 splendorem
1013 1677 1030 1727 7
1045 1674 1101 1737 tui.
1118 1676 1293 1744 animarum,
1310 1680 1459 1755 quaeunt
1482 1678 1643 1747 justorum,
1660 1692 1734 1748 quas
1749 1677 1837 1732 ctiam

135 1775 189 1814 non
213 1758 413 1824 sustinebunt,
444 1777 501 1832 quo
523 1764 596 1817 teste
618 1762 846 1818 reminiscentur
868 1779 960 1818 erras·
1014 1763 1197 1820 immortales
1214 1781 1272 1820 uon
1288 1765 1433 1821 dubitavit
1447 1765 1541 1821 dicere
1556 1765 1586 1820 in
1601 1765 1704 1836 quinto
1719 1765 1836 1833 ordine;

134 1865 174 1904 se.
973 1885 997 1951 B
1013 1853 1138 1924 eoquod
1156 1853 1296 1925 spatium,
1313 1854 1420 1925 inquit,
1436 1853 1580 1924 incipiunt
1595 1852 1722 1924 recipere
1737 1854 1836 1908 fruen-

453 1919 569 1976 CAPUT
590 1920 636 1976 ΧῙ·
1012 1947 1057 1997 tes
1072 1946 1101 1996 et
1117 1942 1306 1997 immortales.
1324 1943 1390 1998 Haec
1403 1946 1456 2009 est,
1480 1942 1586 2014 inquit,
1603 1941 1720 2012 requies
1735 1956 1837 1997 earum

134 1989 691 2136 &gigssrsssndiffitfflwoffm‘}“⁶325
702 1993 865 2122 mmm}
873 1996 959 2121 zm
1012 2045 1064 2128 per
1078 2035 1190 2102 septem
1205 2031 1333 2098 ordines,
1349 2034 1378 2085 et
1390 2031 1494 2086 loturae
1509 2030 1607 2102 gloriae
1616 2030 1711 2102 prima
1722 2030 1839 2102 periun-

166 2133 260 2187 cnimo
284 2133 455 2200 accedamus,
476 2136 660 2206 cequcfiuem
682 2138 748 2193 uite
767 2139 956 2208 perhorresco·
1012 2122 1079 2186 ⁰i¹02
1110 2118 1283 2190 priusquam
1318 2118 1349 2174 5¹¹
1384 2117 1447 2174 ⁵⁰5⁸
1477 2118 1707 2174 habifflilfflfibffl
1731 2118 1836 2191 (lllietae

168 2219 239 2270 mres,
256 2203 390 2259 bortatur.
1012 2207 1248 2280 congregationis
1283 2224 1404 2262 munere
1443 2206 1640 2279 perfruantur.
1676 2207 1759 2264 Unde
1796 2207 1837 2263 ait

167 2293 211 2346 48.
244 2292 397 2348 iustarum
438 2298 536 2348 autem
568 2295 731 2350 animarum
763 2313 815 2369 per
842 2296 957 2351 ordinas
1012 2295 1155 2367 propbeta
1170 2296 1205 2350 ad
1222 2294 1380 2368 angelum:
1400 2297 1474 2367 Ergo
1499 2295 1617 2351 dabitur
1639 2300 1758 2368 tempus
1773 2295 1836 2352 ani·

131 2381 276 2452 quosdam
292 2381 405 2454 digesta
420 2382 476 2437 erit
491 2382 592 2438 latitia
609 2384 654 2454 (ll'
671 2385 746 2440 Esdr.
774 2402 824 2452 vn,
842 2385 876 2440 ts
898 2385 955 2454 55).
1012 2386 1128 2450 arabus,
1145 2389 1300 2456 postquam
1317 2389 1456 2456 separate
1468 2384 1577 2439 fuadnt
1591 2384 1628 2439 de
1652 2385 1835 2457 corporibus,

131 2469 274 2536 Primum,
293 2470 369 2542 quod
384 2470 506 2526 vicerint
521 2487 648 2536 carnem,
666 2490 718 2528 nco
733 2473 878 2529 illecebris
893 2475 957 2540 ejus
1011 2476 1043 2527 ut
1058 2471 1174 2528 videant
1197 2489 1231 2528 ea
1255 2473 1402 2542 quomodo
1426 2472 1525 2527 dixisti
1551 2473 1598 2542 (ll'
1618 2473 1696 2528 uror.
1722 2490 1760 2541 rx,
1785 2475 1835 2528 23-

130 2557 243 2614 inllexae
267 2557 339 2614 sint.
366 2559 485 2629 Deinde,
510 2561 587 2632 quod
613 2578 665 2633 pro
685 2563 777 2634 pretio
791 2560 956 2619 sedulitatis
1009 2561 1066 2632 28).
1090 2561 1126 2614 Et
1149 2560 1222 2614 dixit
1242 2559 1383 2632 angelus:
1409 2560 1526 2631 Septem
1550 2559 1613 2615 dies
1637 2559 1692 2616 erit
1715 2559 1835 2618 libertas

129 2653 158 2702 et
173 2647 348 2702 innocentiae
363 2663 434 2712 suae,
456 2650 612 2705 securitate
639 2651 798 2722 potiantur,
824 2668 876 2707 nec
891 2652 955 2723 qui·
1011 2665 1123 2713 carum,
1138 2649 1310 2714 strideant,
1327 2649 1355 2702 in
1373 2652 1485 2719 septam
1499 2647 1614 2715 diebus,
1640 2648 1690 2720 qui
1704 2649 1835 2719 praedicti
1851 2641 1856 2646 ’

129 2736 257 2791 busdam
274 2737 352 2792 sicut
365 2736 522 2808 impiorum
539 2737 643 2793 anima
668 2740 815 2795 erroribus
839 2745 868 2795 ct
890 2756 955 2812 per·
1011 2743 1081 2793 sunt
1097 2753 1258 2806 sermones,
1268 2741 1298 2792 et
1307 2741 1409 2808 postes
1417 2735 1709 2809 congregabuntarin
1719 2737 1833 2793 babita-

129 2824 350 2880 turbationibus
363 2825 420 2896 (dl)
436 2827 513 2881 400
540 2825 737 2898 implicentur,
758 2833 846 2901 atquc
871 2828 954 2884 vitio·
1011 2825 1085 2883 culis
1099 2825 1171 2882 suis.
1189 2826 1253 2880 llaec
1268 2826 1334 2880 ideo
1347 2824 1506 2895 pleniusde
1516 2825 1666 2896 justorum
1681 2825 1835 2882 ordinibus

129 2929 195 2968 rum
210 2929 333 2968 suorum
349 2913 491 2970 memoria
504 2917 708 2986 torqueantur,
730 2920 759 2970 et
773 2916 957 2988 exagitentur
1010 2931 1148 2988 expressa
1171 2921 1250 2981 sunt,
1272 2929 1361 2986 quam
1386 2915 1422 2969 de
1447 2913 1634 2986 passionibus
1657 2910 1832 2987 impiorumz
1892 2955 1898 2965 .

128 3000 308 3073 quibusdem
325 3017 462 3056 curarum
479 3001 607 3058 estibus.
623 3003 731 3072 Tertio,
748 3004 825 3074 quod
838 3009 955 3060 servatae
1010 3005 1081 3076 quia
1096 3001 1202 3059 melius
1225 3008 1271 3059 est
1295 3019 1470 3075 cognoscere
1491 3004 1638 3074 quomodo
1663 3003 1834 3058 innocentes

127 3109 144 3145 a
159 3106 193 3145 se
205 3089 281 3162 legis
296 3089 394 3145 divino
409 3090 578 3146 testimonio
594 3091 798 3157 lulcianturmt
813 3091 954 3147 laetorum
1010 3092 1168 3158 salventur,
1186 3108 1274 3164 qnam
1290 3092 1437 3163 quomodo
1453 3091 1620 3146 crucientur
1649 3089 1797 3163 flagitiosi.

127 3194 252 3234 suorum
268 3177 413 3234 incertum
432 3194 571 3250 supremo
594 3179 704 3250 judicic
725 3195 782 3236 non
801 3184 955 3235 vereantur
1046 3183 1124 3237 m
1139 3181 1182 3235 tc,
1200 3181 1273 3252 llrgo
1289 3178 1358 3251 quia
1376 3179 1450 3250 justi
1466 3179 1542 3234 banc
1568 3179 1834 3235 remunerationem

127 3271 267 3322 eventum
300 3267 367 3337 (32).
392 3266 511 3333 Quarto,
537 3267 606 3340 quia
628 3267 775 3340 incipiunt
795 3248 990 3341 intelligereG
1009 3270 1119 3326 babent
1134 3270 1175 3341 (S.
1191 3270 1264 3340 Aug.
1281 3267 1332 3324 lib.
1358 3285 1387 3323 ιν
1412 3268 1602 3323 Contrarium
1625 3269 1704 3340 epist.
1727 3269 1831 3340 pelop,

126 3355 262 3428 requiem
278 3371 375 3421 suam,
391 3361 420 3411 et
436 3357 562 3412 suturam
579 3355 624 3413 sui
640 3357 762 3430 gloriam
786 3357 953 3430 previdere,
1008 3376 1032 3415 c.
1051 3357 1107 3425 ll),
1122 3362 1155 3413 ut
1168 3357 1286 3412 videant
1301 3356 1404 3411 iacicm
1421 3356 1480 3420 Dei,
1497 3360 1526 3411 et
1549 3355 1649 3410 lumen
1665 3354 1738 3427 illud
1754 3355 1832 3426 quod

127 3460 223 3516 eaque
248 3459 280 3499 se
301 3443 499 3500 consolatione
523 3444 695 3509 mulcentes,
726 3446 754 3500 in
779 3445 955 3501 habitaculis
1008 3445 1156 3502 illuminat
1172 3459 1289 3500 omnem
1305 3443 1465 3510 bominem,
1481 3443 1588 3499 abhinc
1603 3443 1763 3501 induamus
1780 3443 1835 3498 bu-

125 3533 192 3590 suis
207 3549 276 3588 cum
292 3549 401 3604 magna
415 3534 628 3606 tranquillitate
643 3533 825 3606 requiescant
840 3534 954 3606 stipata·
1005 3532 1137 3607 jusmodi
1153 3532 1295 3600 studium,
1313 3536 1344 3586 ut
1367 3531 1583 3604 appropinquet
1596 3549 1602 3601 ;
1619 3534 1719 3588 anima
1733 3537 1834 3588 nostra

126 3621 275 3694 praesidiis
291 3620 474 3693 angelorum.
491 3622 727 3688 Quintus‘autcm
744 3623 815 3678 ordo
829 3621 954 3677 exsulta·
1010 3623 1078 3688 Deo,
1095 3620 1309 3692 appropinquet
1323 3621 1425 3687 oratio,
1453 3620 1599 3676 adbaereat
1627 3621 1670 3676 illi
1697 3627 1832 3678 nostrum
1893 3626 1900 3650 ¹

125 3709 220 3766 tionis
248 3709 403 3765 uberrima
429 3710 517 3766 habet
537 3711 723 3778 suavitatem,
750 3712 827 3782 quud
852 3728 887 3767 ex
902 3711 955 3766 boc
1011 3709 1201 3773 desiderium,
1217 3725 1275 3764 non
1291 3724 1463 3781 separemur
1477 3710 1512 3762 ab
1528 3724 1571 3765 eo.
1595 3710 1629 3764 ut
1651 3710 1698 3765 hic
1713 3709 1832 3782 qnidam

125 3797 334 3871 corruptibilis
351 3797 957 3872 corporisoarcereinlucernlibertatern-
1010 3799 1109 3872 positi,
1143 3798 1321 3866 meditando,
1366 3795 1499 3868 legendo,
1538 3797 1705 3868 querendo,
1743 3813 1832 3869 copu-

124 3903 198 3960 que,
214 3887 413 3958 pervenerint,
429 3891 459 3943 et
473 3887 681 3960 repromissam
708 3887 763 3942 sibi
788 3885 957 3960 possideant
1010 3888 1107 3946 lemur
1135 3886 1203 3956 Deo,
1221 3902 1432 3959 cognoscamus
1454 3901 1523 3941 sum
1547 3890 1581 3940 ut
1605 3901 1775 3956 possumus.
1791 3885 1832 3940 lix

126 3975 504 4031 haereditatemllstenim
534 3975 604 4032 ordo
629 3976 747 4046 quietis,
772 3976 842 4048 quia
863 3979 908 4032 est
929 3981 958 4030 et
1013 3987 1093 4052 parte
1113 3977 1192 4032 enirn
1218 3975 1266 4031 bic
1292 3974 1507 4047 cognoscimus,
1533 3973 1603 4046 quis
1625 3973 1674 4029 bic
1697 3975 1834 4045 imperte-
1917 3996 1921 4007 ·

126 4062 376 4121 resurrectionis:
400 4066 479 4121 Sicut
509 4067 583 4120 cuim
617 4066 647 4120 in
672 4066 758 4120 Adoni
785 4081 877 4121 omnes
899 4080 958 4120 mo·
1013 4073 1069 4132 cta,
1085 4066 1145 4121 illic
1161 4063 1424 4136 perlectaomnia:
1449 4063 1497 4119 bic
1521 4062 1646 4136 parvuli,
1671 4061 1730 4118 illic
1746 4061 1835 4117 robu-

126 4157 256 4218 riuntur,
285 4154 326 4207 ito
352 4161 378 4208 et
405 4155 434 4208 iu
462 4153 577 4224 Cir-idq
597 4153 703 4226 inquit,
729 4153 959 4224 umucsuiuificu-
1014 4158 1062 4212 sti.
1080 4155 1214 4220 Videmus,
1230 4153 1336 4225 inquit,
1351 4169 1425 4208 nuno
1437 4168 1489 4224 per
1502 4153 1643 4223 speculum
1656 4153 1686 4207 iu
1701 4153 1835 4224 ‹equ-ima-

41 4239 47 4250 '
126 4244 248 4297 buntur.
276 4242 465 4313 Unusquisque
488 4250 578 4298 autem
602 4245 631 4297 in
657 4243 752 4299 ordine
773 4259 821 4299 cuo
835 4261 844 4297 :
858 4244 958 4316 primi·
1013 4250 1050 4313 te,
1066 4247 1131 4300 tuuc
1159 4245 1251 4298 autera
1272 4244 1343 4314 socie
1371 4241 1407 4296 cd
1434 4243 1533 4311 taciem
1554 4241 1579 4312 (l
1604 4244 1666 4298 cor.
1694 4257 1757 4311 xur,
1778 4239 1834 4310 la).

126 4334 181 4388 tic
211 4329 347 4395 Christus,
376 4332 426 4403 qui
453 4334 519 4386 auct
549 4330 661 4398 Christi,
690 4333 738 4404 qui
761 4333 791 4386 ia
813 4333 961 4387 aduentum
1014 4335 1097 4390 Tunc
1135 4331 1262 4387 revelata
1303 4329 1375 4384 facie
1412 4328 1535 4402 gloriam
1573 4328 1689 4384 Domini
1732 4343 1836 4401 specu·

124 4423 189 4488 ejus
203 4418 389 4484 crediderunt,
413 4419 512 4475 deinde
542 4419 606 4490 ficia
635 4420 659 4482 (l
687 4419 747 4476 Cor.
776 4437 823 4488 xv,
850 4420 958 4491 22-34).
1014 4422 1068 4478 lari
1084 4420 1192 4484 licebit,
1209 4435 1298 4492 quam
1313 4435 1391 4472 nuno
1406 4418 1510 4472 animae
1526 4418 1753 4490 corporisbujus
1768 4433 1837 4473 con·

127 4504 536 4578 Eritigiturordodiversus
561 4508 702 4564 claritatis
717 4513 746 4564 et
761 4508 869 4581 gloriae.
886 4509 962 4565 sicut
1017 4511 1104 4568 cretis
1119 4509 1281 4565 visceribus
1310 4505 1456 4572 invelata,
1485 4510 1514 4561 et
1539 4507 1719 4578 quibusdam
1741 4506 1838 4562 carnis

126 4595 189 4651 erit
201 4595 275 4650 ordo
296 4596 480 4653 meritorum.
507 4596 664 4653 Processas
688 4613 805 4668 qnoque
824 4597 961 4654 ordinum
976 4611 1000 4676 Β
1015 4600 1106 4671 hujus
1121 4596 1245 4653 maculis
1257 4601 1286 4650 et
1300 4594 1516 4652 colluvionibus
1530 4594 1711 4651 obumbrata
1726 4595 1839 4651 sincere

125 4698 306 4756 processum
323 4684 460 4757 exprimit
482 4684 626 4741 claritatis
648 4684 696 4756 (ll'
714 4685 810 4740 dedra.
837 4702 887 4756 vu,
912 4687 960 4740 49-
1014 4690 1111 4745 videre
1136 4703 1195 4742 non
1221 4688 1355 4757 possunt.
1386 4684 1452 4752 Quis
1480 4685 1564 4754 caim,
1604 4684 1711 4756 inquit,
1736 4681 1838 4738 uidebit

170 4823 229 4896 ι3Ι)
247 4824 329 4882 Unus
352 4825 422 4899 ch.
450 4827 584 4883 codicum
609 4828 757 4884 terroribus
778 4829 804 4884 el
820 4829 963 4900 perturbo·
1016 4832 1099 4898 titur,
1115 4830 1220 4900 utjam
1237 4828 1267 4883 in
1283 4827 1483 4883 admonitione
1497 4827 1533 4883 ad
1548 4827 1627 4884 hunc
1641 4827 1750 4882 librum
1765 4822 1837 4879 dixi-

129 4898 270 4952 tionibuc.
287 4897 368 4961 Quod
386 4915 443 4954 non
460 4898 605 4972 displicet.
1016 4920 1093 4959 mus.
1110 4901 1184 4956 Nam
1199 4899 1223 4955 si
1238 4899 1274 4954 de
1289 4897 1384 4955 salute
1408 4899 1526 4970 propria
1549 4898 1594 4954 vir
1608 4902 1727 4953 sanctus
1743 4895 1836 4951 incer·

168 4967 228 5038 (32)
246 4973 395 5040 apparent
419 4969 538 5042 quidem
583 4971 658 5025 rima
682 4969 775 5028 lrante
801 4970 860 5026 trac
874 4971 963 5027 verba
1016 4980 1077 5030 tarn
1094 4974 1235 5044 putasset,
1252 4971 1302 5042 qui
1317 4970 1419 5025 eodem
1434 4970 1509 5026 libro
1524 4986 1587 5041 cap.
1603 4969 1631 5034 9,
1647 4983 1728 5022 num.
1740 4967 1785 5031 31,
1802 4966 1837 5020 de

128 5039 286 5094 contraria
301 5039 359 5095 illis
373 5057 437 5111 quaa
453 5040 503 5097 lib.
519 5059 538 5096 n
557 4987 594 5097 Bc
624 5041 693 5096 Gaio
711 5051 736 5098 et
761 5043 837 5110 Abel,
854 5060 916 5116 cup.
934 5047 960 5111 u,
1012 5045 1104 5116 justis
1119 5042 1280 5098 demortuis
1295 5041 1437 5096 dixisset:
1453 5043 1485 5096 Et
1499 5043 1595 5095 merito
1612 5055 1665 5120 pro
1685 5036 1839 5092 tricordibus

128 5125 221 5164 nam.
237 5111 264 5174 9,
281 5111 324 5166 sic
340 5111 450 5168 babes:
466 5114 589 5169 Solvitur
601 5128 713 5185 corpore
732 5116 838 5178 areima,
862 5119 962 5186 etpost
1017 5117 1170 5173 habeatur:
1200 5115 1266 5184 quio
1293 5115 1353 5177 etsi,
1383 5114 1502 5183 corporis
1527 5113 1694 5180 prauumue
1712 5112 1839 5175 morteri,

128 5181 223 5249 finem
237 5182 300 5236 vitae
319 5181 401 5252 hujus
423 5183 513 5240 adhaec
534 5187 624 5240 tumen
650 5187 739 5255 [uiuri
760 5186 887 5253 ambiguo
902 5202 961 5240 sus-
1016 5190 1102 5244 vitam
1116 5191 1208 5241 tomen
1232 5187 1421 5254 tricorpor-com
1443 5185 1565 5252 capium,
1589 5184 1615 5235 ct
1640 5181 1839 5234 illuminantur

124 5250 277 5376 penditur.
293 5251 401 5308 Verum
418 5254 501 5310 facile
516 5256 552 5310 ab
567 5255 738 5326 hujusmodi
760 5256 963 5312 contrarietate
1016 5275 1127 5315 sucrum
1147 5255 1289 5348 cplerutorc
1308 5256 1477 5318 meritorum,
1502 5253 1562 5307 lucc
1577 5265 1683 5377 Suoque
1706 5254 1840 5323 {utuntur

139 5321 313 5377 rberabrtur
327 5325 544 5394 Ambrosius,si
559 5327 778 5383 consideremus
790 5328 892 5382 ultima
907 5327 964 5383 ista
1017 5334 1133 5385 aeterua.
1153 5329 1188 5382 bt
1202 5343 1264 5398 cap,
1281 5341 1343 5396 seq.
1361 5325 1489 5389 unroco,
1506 5340 1564 5388 non
1600 5323 1748 5378 abitanter
1762 5339 1840 5379 asse·

127 5409 203 5464 qnae
229 5393 265 5448 ab
290 5411 323 5450 eo
350 5395 406 5452 loci
435 5402 550 5454 tanturn
569 5397 662 5455 obiter
690 5399 785 5471 posita
808 5403 887 5462 scrut,
909 5398 964 5454 boc
1017 5403 1066 5468 rit,
1082 5399 1152 5527 pund
1167 5401 1227 5469 ipra
1239 5413 1303 5452 vcro
1318 5399 1345 5450 ct
1359 5396 1439 5449 tecto
1452 5396 1509 5450 uita
1522 5396 1571 5461 sit,
1591 5410 1673 5465 quum
1688 5396 1857 5466 unusquis.

129 5481 228 5520 sensu
244 5464 383 5538 explicari
399 5485 494 5540 posse,
521 5475 552 5524 ut
576 5471 715 5525 nimirum
740 5471 839 5524 anicia
854 5487 912 5524 non
928 5470 964 5526 de
1035 5489 1069 5528 uc
1100 5488 1150 5527 ene
1163 5469 1286 5524 coranos
1300 5467 1368 5520 uiuit
1381 5465 1467 5519 mutto
1480 5468 1579 5536 purius
1599 5483 1632 5520 ac
1648 5467 1761 5532 tectius,
1777 5483 1840 5522 cum

128 5553 194 5590 sua
208 5535 346 5594 felicitate
362 5541 513 5612 quamipsi
527 5541 890 5624 cognitametexpluratam
900 5557 964 5597 esse
1018 5490 1099 5616 iujos
1112 5542 1204 5598 corais
1219 5539 1313 5592 anima
1328 5539 1421 5591 nostro
1431 5535 1584 5608 deposuerit
1593 5538 1798 5594 involucrum...
1810 5540 1841 5593 ia

128 5607 259 5663 Patrum
275 5612 441 5668 communis
464 5615 509 5668 est
532 5613 640 5685 opinio,
667 5612 782 5668 dicatur
804 5612 962 5686 ambigere,
1018 5617 1099 5671 ittam
1107 5612 1276 5686 superiorem
1289 5607 1414 5664 revolans
1429 5608 1527 5681 locum,
1543 5609 1614 5668 uude
1632 5611 1734 5670 acoris
1747 5611 1840 5688 intuto

128 5679 191 5736 sed
213 5681 251 5736 de
278 5683 501 5742 resurrectionis
529 5701 563 5742 arc
588 5684 695 5756 judicii
721 5684 777 5754 die,
802 5683 861 5742 imo
882 5685 964 5744 etde
1017 5687 1198 5750 cuculas...
1214 5680 1359 5758 insonuit·

127 5751 265 5818 cavam
289 5751 395 5832 sucu,
420 5755 539 5836 quibus,
563 5755 718 5826 Ambrosio
740 5759 824 5828 testa
846 5771 964 5842 compc-
