4159 6184
226 332 288 430 ”33³
902 382 907 387 .
958 330 992 393 S.
1013 322 1201 403 aosoosu
1872 330 1928 424 att

208 490 211 500 ¹
228 468 320 542 ducit,
337 468 463 544 spondet
476 467 640 545 pecuniam,
652 486 755 525 aarum
773 467 870 536 etiarm
886 465 937 523 sod
953 465 1049 521 aufert
1064 461 1091 528 Α
1104 460 1174 518 licet
1188 458 1285 521 brevis
1296 460 1361 519 vitae
1378 478 1436 535 uon
1451 458 1489 529 sit
1499 460 1619 541 lengum
1630 459 1768 522 viaticum
1779 462 1929 537 requiren-

227 558 414 633 disciplinam
431 545 523 635 (Preti.
539 579 599 629 vm,
617 560 670 631 lli).
685 558 728 614 'l'u
741 563 836 614 autem
850 556 947 628 arripe
958 554 1055 629 potios
1110 550 1198 616 dum;
1215 556 1311 608 tamen
1328 554 1364 609 ab
1380 570 1413 610 eo
1429 553 1750 627 speroquiuniversam
1767 557 1929 627 ereaturam

229 646 427 722 disciplinam,
444 668 531 724 quam
549 637 713 723 pecuniam,
739 653 767 703 ut
789 646 942 703 scientiam
965 662 1056 716 super
1111 642 1250 710 condidit,
1267 642 1316 715 qni
1331 643 1444 701 diabolo
1470 660 1504 701 ea
1527 644 1563 700 od
1586 648 1703 718 tempus
1717 644 1849 713 tradidit,
1874 664 1930 704 non

229 754 336 797 aurum
348 741 514 812 probatum.
528 737 629 794 Melior
643 736 772 791 estenim
784 736 932 807 lapidibus
947 733 1054 806 pretio·
1111 734 1144 787 ut
1159 731 1317 804 possideat,
1334 734 1384 790 sed
1402 737 1435 789 ut
1449 736 1549 791 tentet.
1575 734 1637 791 Non
1653 734 1730 791 enim
1752 740 1867 809 potarat
1885 754 1931 794 co·

231 828 274 885 sis
289 829 379 902 (Prou.
396 844 438 897 ur,
457 830 489 883 to
503 831 608 897 etseq.)
624 826 687 881 Non
709 830 737 881 te
761 824 860 881 celabo
885 841 948 897 quae
973 839 1054 879 som·
1110 837 1182 876 roua
1206 838 1270 877 esse
1293 822 1356 878 sine
1380 822 1547 880 certamine.
1564 824 1708 880 Prehendi
1731 829 1817 882 erant
1840 827 1931 899 dubii,

232 933 282 975 ma
296 920 360 990 ejus
374 919 507 974 seruntur
520 932 557 972 ne
570 916 673 971 videar
686 914 835 987 deoperire
844 913 899 985 (t7)
913 928 976 985 quae
992 911 1055 966 dis·
1111 914 1144 966 ut
1155 910 1229 981 justi
1246 916 1464 968 coronarentur.

231 1006 358 1081 plieeant
372 1007 402 1062 in
417 1005 573 1078 voluptate,
590 1009 620 1061 et
634 1004 809 1060 obumbrare
824 1020 888 1076 qoae
910 1002 1053 1075 placeant.
1146 1000 1191 1055 lo.
1207 1000 1289 1056 Dedit
1311 1001 1411 1074 itaque
1435 1001 1550 1059 diabolo
1574 1018 1617 1073 aa,
1644 1004 1713 1076 quia
1735 1004 1764 1061 in
1790 1005 1839 1063 his
1863 1006 1934 1079 ipsis

232 1095 330 1153 dierat
343 1094 421 1153 enim
446 1098 475 1151 et
497 1093 610 1151 extollit
633 1099 759 1151 mentem
787 1093 929 1150 suasoriis
946 1091 1054 1158 verbis,
1110 1105 1196 1161 poena
1209 1089 1379 1163 accipientis
1393 1096 1447 1163 est,
1464 1093 1487 1149 si
1505 1093 1547 1148 uti
1564 1092 1685 1151 nesciat.
1702 1094 1776 1161 Quid
1792 1096 1838 1151 est
1857 1096 1933 1152 enim

233 1183 360 1241 ostendit
388 1184 486 1240 omnia
511 1200 601 1257 regna
615 1188 709 1251 terrae,
726 1183 825 1240 dicens
842 1199 848 1238 z
866 1182 931 1237 llec
956 1178 1056 1236 omnia
1109 1176 1268 1235 thesaurus
1284 1178 1445 1248 luxurioso,
1463 1181 1519 1237 uisi
1536 1186 1673 1255 sumplus
1697 1182 1840 1241 luxuriae‘i
1854 1182 1934 1241 Unde

233 1268 285 1329 tibi
301 1272 386 1340 dabo,
403 1273 427 1328 si
443 1271 598 1344 procidens
614 1272 780 1328 adoraveris
796 1288 852 1326 mc.
868 1269 911 1326 lbi
936 1272 967 1325 tu
988 1285 1056 1325 eave
1109 1284 1167 1323 non
1183 1266 1364 1337 luxoriosus,
1380 1270 1430 1326 sed
1447 1270 1523 1345 frugi
1538 1270 1688 1346 probatur.
1703 1272 1741 1342 Et
1763 1272 1829 1330 ideo
1855 1276 1934 1331 utere

234 1376 270 1418 ne
282 1360 406 1434 rapiaris
423 1361 723 1434 apratcrlabeutibus
737 1364 767 1416 et
782 1377 839 1415 non
854 1358 1055 1429 manentibus,
1110 1356 1195 1430 quasi
1213 1358 1288 1433 lrugi
1306 1358 1342 1414 iis
1357 1375 1420 1429 quie
1445 1358 1499 1414 tibi
1527 1362 1724 1432 apponuntur,
1741 1364 1774 1416 ut
1794 1377 1854 1417 non
1870 1378 1934 1418 cum

234 1449 343 1523 quibus
358 1466 466 1522 magna
480 1451 603 1506 tentatio
619 1454 672 1505 est.
1111 1446 1273 1502 manducas
1298 1446 1435 1518 multum,
1460 1444 1579 1503 odibilis
1594 1448 1648 1504 sias
1665 1465 1671 1504 :
1691 1450 1801 1521 Vipiliae
1814 1450 1894 1506 enim
1913 1460 1936 1507 et

269 1540 313 1596 to.
331 1539 433 1596 Docuit
447 1544 475 1595 te
490 1543 568 1595 certe
589 1538 732 1595 Dominus
755 1538 841 1595 iesus
865 1537 1056 1610 quemadmo·
1112 1536 1317 1592 toruwulauiro
1339 1536 1415 1591 arlaci
1437 1536 1529 1608 (Ereti.
1546 1554 1624 1609 xxxi,
1649 1538 1707 1605 25).
1731 1537 1766 1594 iit
1790 1538 1869 1595 infra
1886 1555 1893 1595 :
1909 1540 1938 1597 Si

234 1630 305 1686 dum
322 1630 460 1685 adversus
475 1628 646 1700 hujusmodi
660 1628 837 1683 tentationes
855 1626 986 1682 resistas.
1002 1625 1056 1680 'l'e-
1111 1632 1219 1680 coaetos
1233 1626 1322 1697 scieris
1345 1626 1376 1681 in
1399 1626 1500 1683 edendo
1523 1642 1605 1696 carpe
1628 1630 1654 1683 el
1677 1642 1763 1694 omae,
1778 1635 1805 1684 el
1822 1630 1936 1701 reiripe-

234 1716 814 1791 tenderatdiabolusprimumlaqueum
834 1715 909 1789 gula
933 1714 1056 1770 dicens:
1112 1714 1187 1769 radit
1210 1722 1244 1778 te,
1277 1722 1302 1770 et
1326 1728 1380 1769 aon
1405 1714 1520 1771 adduces
1543 1716 1654 1788 corpori
1681 1722 1725 1773 tuo
1748 1716 1938 1788 infimitatem

236 1807 268 1863 Si
281 1809 369 1863 Filius
383 1808 482 1874 Deice,
498 1806 542 1861 dic
557 1805 621 1861 duic
635 1806 765 1878 lapidaei
785 1805 868 1876 prauis
882 1804 931 1875 fiat
945 1803 1056 1876 (diutili.
1077 1832 1100 1897 B
1116 1802 1196 1874 (ibid.
1211 1802 1419 1875 25).Plurimos
1432 1803 1533 1877 itaque
1547 1804 1617 1877 gula
1632 1821 1686 1861 sua
1700 1804 1937 1875 occidit‚nullum

236 1912 276 1964 av,
291 1895 329 1968 3).
347 1895 508 1967 Respondit
520 1895 664 1950 Dominus
681 1911 687 1949 :
703 1896 760 1950 Non
785 1895 816 1949 in
836 1910 909 1966 pane
923 1893 980 1949 solo
994 1894 1062 1949 vitrii
1115 1890 1270 1965 frugalitas
1287 1910 1294 1947 :
1311 1892 1474 1949 innumeris
1490 1892 1558 1949 vina
1573 1896 1744 1967 nocuerunt,
1761 1892 1835 1951 nulli
1845 1896 1939 1968 parci·

237 1985 326 2052 tomo,
347 1983 395 2039 sed
416 1985 446 2039 iu
471 1986 547 2039 omni
568 1983 648 2040 uerbo
672 1984 724 2040 Dei
746 1982 824 2054 (ibid.
850 1983 888 2053 l).
912 1982 1061 2054 Laqueum
1116 1979 1226 2036 monia.
1252 1980 1386 2053 Plerique
1409 1980 1485 2037 inter
1512 1982 1614 2057 epulas
1642 1983 1743 2040 ludere
1770 1983 1898 2053 animas,
1914 1988 1940 2045 et

237 2073 323 2132 solvit
337 2073 392 2130 hoc
409 2072 497 2129 dicte.
514 2073 614 2129 Posuit
627 2072 734 2129 iterum
750 2071 884 2129 diabolus
899 2072 1061 2128 seeundum
1116 2086 1235 2125 mensas
1250 2070 1367 2143 proprio
1383 2069 1528 2143 replevere
1543 2072 1697 2145 sanguine.
1713 2072 1785 2129 Aliis
1811 2073 1940 2131 cruditus

233 2164 383 2237 jactantia
399 2162 548 2236 laqueum,
565 2162 615 2235 qui
630 2162 840 2219 etiambouam
856 2165 983 2218 mentem
998 2177 1063 2233 pre·
1115 2174 1216 2215 vocem
1241 2158 1330 2214 simul
1354 2159 1452 2232 rapuit
1474 2164 1502 2216 et
1526 2176 1646 2216 sensum
1668 2177 1674 2217 :
1697 2164 1726 2218 et
1750 2162 1775 2218 si
1790 2159 1940 2235 aliquibus

239 2252 333 2327 speris
362 2255 526 2309 currentem
553 2250 667 2307 semitis
695 2250 769 2306 solet
796 2248 1007 2323 strangulare:
1029 2251 1063 2305 Et
1117 2245 1247 2302 cruditas
1262 2246 1348 2302 noxia
1363 2263 1422 2303 non
1439 2246 1503 2316 luit,
1519 2247 1567 2305 his
1582 2248 1698 2305 ruinam
1723 2249 1939 2307 lecitcbrietas.

238 2340 320 2397 duait
343 2341 434 2409 iilum,
460 2338 566 2412 inquit,
592 2340 622 2394 in
645 2339 806 2405 leucatem,
822 2345 848 2394 ct
861 2340 958 2394 statuit
981 2337 1063 2392 illam
1117 2334 1196 2391 Alios
1225 2335 1303 2390 enim
1324 2334 1355 2390 in
1379 2335 1491 2392 crimen
1506 2336 1565 2410 egit
1580 2336 1721 2405 ebrietas3
1738 2338 1793 2394 etsi
1809 2338 1878 2412 ipsa
1892 2338 1942 2394 cri·

239 2445 323 2503 saper
341 2431 458 2502 pineam
482 2429 586 2499 templi,
610 2436 637 2483 ei
662 2426 735 2483 dicit
758 2428 804 2483 illi
822 2446 831 2482 :
847 2426 878 2482 Si
902 2427 988 2483 Filius
1014 2426 1064 2481 Dei
1118 2440 1184 2480 men
1202 2422 1240 2479 sit
1256 2424 1323 2495 (lo),
1340 2422 1412 2480 alios
1428 2426 1463 2483 ad
1479 2429 1638 2499 egestatem
1654 2427 1775 2503 redegit.
1791 2428 1941 2487 Postremo

240 2536 278 2587 es,
297 2520 377 2574 mitte
401 2522 427 2573 te
449 2518 523 2572 letrae.
546 2517 684 2589 Scriptum
707 2520 746 2571 est
768 2518 843 2572 euim
867 2516 938 2586 quod.
959 2516 1064 2587 errqelia
1118 2512 1186 2568 audi
1212 2528 1286 2585 quos
1307 2512 1441 2569 Christus
1466 2514 1601 2571 excludat
1617 2532 1623 2570 z
1641 2515 1709 2571 Cam
1722 2516 1881 2585 intraverit,
1897 2518 1942 2575 in-

241 2606 547 2675 suismaodouitdeie,
563 2609 766 2661 ulceratae-uerit
786 2608 822 2673 te,
839 2606 905 2677 quia
923 2607 954 2660 iu
972 2606 1059 2659 marri·
1119 2602 1193 2675 quit,
1220 2603 1433 2673 paterfamilias,
1458 2606 1484 2659 et
1506 2604 1638 2661 clauserit
1665 2606 1775 2674 ostiam,
1805 2608 1943 2680 incipietis

242 2698 292 2754 tae
306 2696 401 2752 tollent
420 2697 456 2761 tr,
475 2712 510 2751 ae
530 2697 601 2766 sorte
624 2694 744 2767 attendas
766 2694 801 2750 od
826 2694 946 2766 lapidem
968 2693 1065 2767 pedem
1118 2692 1186 2762 [oris
1207 2698 1288 2757 stare,
1304 2698 1330 2747 et
1341 2692 1452 2763 pulsare
1475 2693 1573 2748 ostium
1595 2694 1733 2751 diceutes:
1748 2695 1832 2769 rlpcri
1853 2698 1943 2753 mea.

241 2794 320 2843 tuum
334 2784 412 2857 (ibid.
428 2784 466 2857 5).
484 2786 585 2856 ltaque
609 2800 675 2839 cum
699 2787 798 2856 posset
821 2783 884 2839 sine
909 2782 968 2838 ullo
988 2782 1065 2854 peri·
1121 2781 1152 2835 lii
1176 2778 1337 2851 respoudeat
1359 2778 1429 2837 dicet
1452 2798 1461 2835 :
1486 2782 1580 2837 Nescio
1603 2798 1647 2839 voa
1669 2784 1742 2841 uude
1769 2786 1845 2857 estu,
1872 2802 1944 2843 reee-

242 2874 307 2931 oulo
333 2874 450 2929 mittere
477 2888 508 2928 se
536 2872 677 2928 Dominus
701 2872 800 2941 lesus,
816 2872 861 2928 cui
878 2876 1068 2945 suppeterent
1120 2868 1175 2924 dite
1190 2886 1207 2923 a
1220 2885 1272 2936 me,
1291 2886 1384 2925 carues
1399 2872 1520 2942 operarii
1542 2872 1707 2944 iniquitatis.
1734 2875 1806 2931 lunc
1828 2876 1944 2953 iucipie-

242 2960 390 3037 spiritales
403 2959 528 3028 velatus,
543 2965 641 3017 tanren
657 2978 693 3017 ne
709 2961 856 3032 jactantia
871 2978 963 3035 genus
978 2965 1066 3032 esset,
1121 2958 1156 3013 tis
1170 2958 1258 3015 dicere
1273 2978 1282 3014 :
1298 2958 1521 3016 Manducacimus
1544 2977 1636 3017 eoram
1658 2972 1695 3031 te,
1715 2970 1741 3019 et
1765 2964 1897 3033 bibimus,
1922 2970 1946 3021 et

243 3050 393 3124 respondit
413 3050 528 3107 diabolo
553 3069 559 3107 :
585 3054 642 3108 lton
670 3051 785 3106 tentatie
808 3053 952 3106 Dominum
977 3054 1067 3107 Deum
1122 3048 1152 3103 ia
1172 3049 1271 3121 plateis
1296 3050 1395 3105 uostris
1418 3047 1542 3105 docuisti.
1568 3052 1605 3106 Ei
1628 3050 1699 3108 dicet
1722 3052 1797 3109 uobis
1820 3070 1828 3111 ε
1853 3054 1946 3111 Nescio

245 3148 321 3198 tuam
344 3140 428 3209 (ttici.
443 3139 481 3210 7).
498 3139 591 3196 Simul
614 3139 714 3195 docuit
738 3156 792 3195 nos
813 3142 915 3196 cavere
928 3157 963 3195 ne
978 3138 1067 3195 lacia-
1123 3137 1194 3194 uada
1226 3139 1288 3193 estis
1313 3138 1387 3207 (tue.
1417 3155 1478 3207 xnr,
1515 3139 1620 3209 25-27).
1654 3140 1771 3199 Audisti
1806 3142 1879 3215 quid
1913 3143 1946 3198 de

244 3244 312 3285 mus
325 3228 504 3284 voluntatem
521 3227 638 3284 diaboli.
657 3228 687 3283 Si
702 3244 770 3301 ergo
784 3245 849 3284 vere
859 3229 1003 3299 jactantia
1017 3196 1104 3285 de·C
1124 3227 1373 3283 manducantibus
1388 3227 1503 3283 dixerit.
1521 3228 1592 3284 tadi
1616 3246 1695 3286 nuno
1720 3230 1791 3303 quid
1816 3231 1852 3289 de
1870 3232 1946 3304 ieiu-

245 3317 381 3374 elinauda
395 3320 449 3385 est,
466 3321 576 3389 quanto
600 3316 695 3389 magis
721 3332 807 3374 nemo
830 3317 916 3373 debet
937 3317 1011 3374 laisa
1021 3318 1068 3389 ja·
1123 3315 1261 3371 nantibus
1277 3314 1355 3371 dicat
1370 3332 1377 3370 ι
1394 3316 1473 3371 Beati
1494 3320 1542 3389 qai
1562 3334 1636 3373 nuuc
1659 3321 1785 3377 esuriant
1799 3326 1825 3377 et
1837 3322 1947 3391 sitiant,

245 3410 325 3464 ctare
339 3423 391 3479 pro
408 3406 503 3462 veris?
516 3404 631 3461 Tertius
646 3409 779 3478 superest
802 3390 927 3479 laqueus
942 3406 1068 3463 avaritia
1123 3409 1188 3479 quia
1203 3405 1401 3461 aetimabuntur
1415 3406 1490 3477 (tac.
1506 3423 1545 3475 vr,
1565 3406 1620 3479 2)).
1638 3408 1672 3463 lit
1685 3407 1763 3464 inira
1779 3425 1786 3465 ε
1803 3410 1850 3467 t'ae
1874 3412 1948 3467 erotis

246 3501 334 3569 atque
347 3493 526 3552 ambitionis.
543 3494 676 3551 Ostendit
690 3495 719 3550 in
735 3500 833 3551 monte
853 3495 947 3568 posito
970 3496 1070 3552 emnia
1123 3496 1171 3567 qai
1184 3495 1303 3551 saturati
1316 3497 1391 3563 estis,
1403 3497 1534 3568 quoniam
1548 3496 1673 3553 asaneus
1684 3496 1766 3568 (ibid.
1782 3498 1838 3570 25).

244 3576 530 3659 reguaurbistcrra
555 3586 584 3639 in
609 3588 757 3641 memento
776 3585 918 3658 temporis
933 3586 1012 3657 (ibid.
1028 3586 1066 3659 8).
1158 3582 1202 3642 ll).
1222 3584 1277 3639 Sed
1305 3584 1349 3641 vis
1380 3584 1636 3654 manducaretis
1660 3585 1782 3645 bibere?
1806 3585 1883 3643 Veni
1914 3586 1949 3645 ad

243 3672 365 3730 Benein
385 3676 543 3740 momento,
569 3673 639 3745 quia
665 3673 803 3729 diuturna
826 3678 1083 3747 essenequeunt.·
1123 3671 1531 3746 erraviviumsapicutiaequa
1548 3672 1769 3733 invitatomncs
1791 3692 1861 3733 cum
1889 3693 1950 3733 ma·

243 3749 673 3833 Paululumexspecta,eteito
698 3768 862 3819 transeunt.
891 3766 989 3836 ltaque
1015 3765 1066 3837 qui
1122 3778 1180 3835 gna
1204 3761 1408 3835 predicatione
1438 3762 1538 3819 dicens
1564 3780 1571 3818 :
1603 3764 1694 3823 Vertite
1721 3774 1749 3821 et
1774 3765 1847 3823 edite
1867 3782 1950 3839 pauet

240 3855 406 3924 sequuntur
427 3868 470 3920 ea,
495 3851 525 3906 in
548 3857 646 3908 monte
669 3852 726 3907 eibi
750 3868 814 3909 esse
834 3851 969 3909 videntur
990 3870 996 3909 :
1015 3853 1065 3910 sed
1120 3868 1204 3918 meos,
1231 3860 1258 3907 et
1287 3850 1369 3909 titia
1396 3852 1493 3909 uiuum
1524 3851 1594 3925 quod
1622 3854 1725 3911 miscui
1753 3855 1826 3912 vota
1858 3856 1952 3928 (Prou.

239 3956 300 3997 non
323 3944 395 3997 sunt
418 3940 562 4012 perpetui,
589 3941 666 3996 sicut
688 3940 779 3996 habes
804 3940 946 4014 script-um
972 3960 979 3998 :
1005 3944 1066 3999 Vidi
1121 3957 1159 4009 ax,
1184 3942 1222 4011 5).
1238 3939 1386 3998 Delectant
1409 3941 1521 3997 cantica
1547 3959 1611 4015 quc
1641 3942 1808 4015 epulantem
1832 3942 1953 4001 demul-

239 4032 358 4103 impiam
383 4030 618 4102 eapereeoltatam
649 4037 675 4085 ei
711 4031 788 4087 m
824 4031 959 4087 elevatam
982 4050 1066 4105 super
1119 4028 1220 4085 ceant?
1235 4029 1308 4084 Audi
1325 4027 1572 4098 hortantem,audi
1588 4034 1754 4089 cantantem
1767 4031 1946 4100 Ecclesiam,

238 4118 332 4176 cedros
353 4118 463 4186 titani,
487 4122 512 4172 et
536 4118 662 4186 transivi,
685 4121 710 4173 rt
733 4135 791 4174 eece
814 4136 870 4175 uua
892 4123 950 4176 erat
975 4124 1061 4194 (Prot.
1119 4133 1176 4173 non
1192 4114 1333 4173 salumin
1348 4117 1480 4187 canticis,
1497 4120 1546 4177 sed
1562 4119 1650 4178 etiam
1675 4120 1705 4177 in
1727 4121 1858 4181 Cantieis
1878 4139 1946 4179 can-

237 4224 334 4277 anxur,
350 4206 407 4278 35).
423 4206 477 4262 Ded
494 4206 544 4277 qui
570 4222 604 4262 ea
619 4204 739 4261 maximi
753 4206 831 4278 lacit,
848 4209 969 4266 adorare
983 4212 1063 4267 vide.
1119 4204 1243 4261 ticorum
1274 4221 1280 4261 ε
1310 4206 1479 4275 blandiente,
1509 4210 1634 4281 preciosi
1656 4212 1721 4277 cici,
1750 4210 1896 4282 aticiae,
1922 4214 1948 4269 et-

238 4300 289 4353 tur
303 4296 465 4364 diabolum,
481 4294 566 4365 cujus
582 4295 654 4351 deus
669 4299 768 4351 venter
780 4301 835 4363 est,
852 4300 881 4354 et
896 4298 925 4354 in
951 4301 1063 4373 puden·
1119 4294 1309 4363 inebriamini,
1322 4302 1414 4367 patres
1437 4299 1493 4353 urei
1516 4298 1572 4371 (20)
1597 4297 1684 4371 (Cant.
1702 4316 1730 4369 v,
1746 4298 1784 4372 l).
1801 4299 1862 4357 Sed
1887 4300 1948 4357 hee

240 4384 402 4457 disgloria.
420 4384 463 4440 Tu
480 4387 577 4439 autem
602 4383 631 4438 in
654 4384 711 4440 Deo
735 4384 858 4458 gloriam
883 4386 1062 4463 quare‚·qui
1119 4382 1245 4440 ebrietas
1265 4384 1378 4441 sobrios
1403 4385 1573 4443 lacit:haec
1599 4387 1724 4445 ebrietas
1747 4388 1861 4461 gratia,
1890 4406 1948 4447 non

240 4472 294 4528 tibi
309 4472 351 4527 ait
368 4489 373 4527 :
390 4474 539 4529 Dominum
552 4472 638 4528 Deam
660 4481 737 4529 tuum
759 4474 896 4544 adoratis,
912 4486 938 4534 et
953 4480 999 4535 illi
1011 4481 1065 4537 soli
1119 4470 1297 4529 temulenliae
1311 4478 1364 4529 esi·
1382 4473 1525 4531 laetitiam
1538 4480 1730 4548 generatum
1743 4477 1947 4539 titubantiam.

240 4560 342 4618 savies
367 4560 513 4632 (llaiitrv,
531 4561 619 4633 10)‚a
643 4580 701 4635 quo
725 4566 834 4620 aeterna
858 4566 984 4639 accipias
1007 4562 1176 4635 nenDNcc
1196 4563 1322 4619 verearis
1352 4579 1387 4619 ne
1415 4562 1445 4619 in
1470 4564 1599 4621 condrio
1626 4565 1759 4624 Ecclesia
1788 4570 1841 4623 aut
1872 4564 1950 4643 grati

239 4648 425 4722 temporalia,
1120 4653 1224 4709 odores
1256 4652 1320 4721 tibi,
1355 4656 1407 4709 aut
1440 4652 1540 4711 dulces
1570 4653 1637 4726 cibi,
1671 4659 1723 4731 aut
1754 4654 1865 4713 diversi
1896 4672 1948 4729 po-

276 4740 320 4795 17.
337 4739 447 4795 'l'arnen
463 4739 488 4795 si
504 4755 592 4814 quem
607 4740 695 4796 etiam
721 4741 779 4798 ista
802 4742 955 4817 delectent,
972 4748 1008 4803 ab
1031 4766 1064 4804 eo
1118 4744 1177 4811 tue,
1211 4743 1263 4797 aut
1296 4741 1419 4797 conviva
1456 4742 1568 4800 nobiles
1605 4742 1714 4815 desint,
1755 4747 1805 4803 aut
1839 4744 1947 4803 dcoen·

240 4810 421 4869 moderatius
446 4815 584 4884 petantur
606 4812 655 4884 qui
680 4830 765 4869 verus
781 4816 913 4872 omnium
930 4819 1062 4877 lousest.
1118 4834 1163 4887 tes
1186 4830 1325 4887 ministri.
1352 4829 1425 4895 Quid
1450 4830 1566 4887 Christo
1590 4830 1729 4901 nobilius,
1753 4831 1804 4905 qui
1827 4832 1860 4889 in
1877 4848 1947 4889 con·

237 4900 312 4957 Nm
329 4904 357 4957 el
370 4900 437 4972 ipsa
451 4900 610 4973 ΡθθῦῙῙθΡῘὸ
633 4918 697 4973 ‘1¹1ae
713 4903 770 4974 (⁴3)
786 4904 936 4976 Dissidere
950 4908 1006 4964 Sibi
1022 4910 1063 4964 vi·
1118 4918 1192 4975 viiio
1228 4918 1362 4975 Ecclesia
1406 4922 1434 4974 ct
1476 4918 1626 4975 ministrat
1656 4916 1690 4977 vet
1731 4918 1949 4990 ministraturi

236 4989 484 5057 deturdiobolus,
501 4988 689 5073 alienabunt,
706 4990 782 5047 sicui
804 4992 866 5066 ipse
890 4996 963 5052 dlxii
983 5016 989 5053 :
1007 5000 1065 5054 Tibi
1118 5007 1207 5063 istius
1232 5007 1357 5063 convivo}
1385 5007 1583 5065 recumbentis
1611 5014 1732 5067 annecte
1752 5011 1827 5072 102
1852 5015 1884 5067 (θ
1909 5008 1949 5065 la.

234 5078 304 5135 ‘illm
320 5080 1062 5155 Wlssilfllssmhlmssmlivemmti9102'1'am00rum,
1119 5096 1182 5164 tori,
1199 5112 1232 5152 ac
1248 5103 1274 5151 le
1289 5096 1347 5151 Deo
1368 5096 1529 5169 conjunge3
1561 5114 1619 5154 non
1648 5099 1782 5157 fastidias
1807 5116 1948 5157 mansam

235 5168 388 5239 qaiamilii
402 5168 503 5225 tradita
518 5164 675 5269 saxatilbid.
689 5171 727 5240 9).
747 5170 789 5224 ab
814 5187 847 5226 eo
873 5190 940 5246 erge
966 5193 1061 5249 spero,
1118 5200 1207 5257 quam
1230 5183 1364 5241 Christus
1388 5183 1474 5259 elegit
1498 5186 1622 5245 dicens:
1646 5189 1760 5246 introivi
1784 5189 1949 5247 interitus

273 5289 330 5370 (17)
353 5289 427 5345 edit.
453 5297 608 5376 emnes‘et
631 5295 786 5375 mesdeo
810 5295 886 5362 Vat,
912 5315 946 5354 ue
969 5303 1063 5359 uidear
1153 5306 1208 5380 (l9)
1224 5308 1300 5365 Ddit.
1326 5325 1438 5375 omnes,
1463 5310 1568 5367 crimen
1592 5328 1648 5367 aaa
1672 5314 1719 5380 sit,
1744 5314 1845 5368 centra
1870 5328 1945 5367 mss.

237 5375 355 5431 operire,
379 5363 434 5417 etc.
460 5362 563 5420 Melias
591 5381 663 5420 mss.
690 5365 764 5434 Dm,
792 5366 868 5423 Flor.
893 5374 922 5425 et
946 5372 1060 5429 Laud...
1116 5379 1215 5436 fidem.

238 5432 399 5501 eeoperrre.
440 5505 446 5515 ,
1152 5452 1208 5521 (aa)
1225 5450 1273 5506 ere
1288 5452 1358 5506 aare.
1375 5450 1486 5525 antiqu.
1503 5470 1571 5509 eum
1585 5468 1657 5510 mss.
1669 5452 1735 5511 vat.
1760 5470 1818 5513 uno
1832 5452 1900 5511 niv.
1919 5455 1948 5509 ei

273 5501 386 5585 lissllla
400 5504 470 5561 edri.
487 5522 596 5589 omnes.
614 5508 651 5562 At
664 5524 719 5564 me,
735 5508 799 5563 Vat.
817 5527 894 5567 unus
909 5516 938 5567 et
955 5513 1060 5585 Laud,
1116 5521 1219 5589 Laud.;
1238 5522 1320 5579 Rom.
1338 5528 1435 5579 autem
1452 5540 1519 5580 cnm
1536 5524 1714 5599 aliis,fralrec
1730 5528 1795 5596 mci,
1811 5528 1842 5593 ut
1853 5524 1946 5582 etiam

237 5572 309 5629 Nam
325 5590 384 5645 ipsa
415 5594 525 5644 coarcta,
540 5586 566 5634 ei
590 5594 662 5650 qaae,
678 5585 732 5638 etc.
749 5580 813 5637 Vat.
830 5598 895 5639 vero
910 5583 1058 5645 alterDiv.
1116 5592 1202 5663 LXX;
1219 5592 1304 5665 vulg,
1320 5610 1397 5665 vero,
1414 5595 1580 5653 clauserat.
1780 5592 1783 5601 “
1814 5610 1816 5613 ·

237 5661 270 5704 ao
282 5642 370 5718 Flen,
409 5666 456 5706 am
470 5651 495 5703 ct
509 5652 569 5722 ipsa
579 5653 753 5723 pecuniaria,
769 5668 839 5724 quae,
855 5660 909 5711 etc.
