4159 6184
275 291 335 354 Sl5
1008 289 1040 350 S.
1064 285 1252 350 amenesii
1887 293 1932 364 tte

277 425 317 479 ris
335 440 341 479 :
359 438 417 495 quo
431 437 566 478 sermone
582 425 611 478 et
631 423 775 495 predonis
797 421 973 478 violentiam,
992 427 1016 472 rt
1051 423 1099 475 rtr-
1118 429 1140 491 Α
1159 420 1236 474 dieat
1258 436 1263 474 :
1282 444 1295 468 u
1313 421 1413 492 Neque
1428 435 1560 486 usuram,
1576 417 1683 491 inquit,
1698 425 1933 497 ercammaeripio,

280 510 380 567 tennis
396 509 505 567 nedum
522 510 626 568 mortis
640 510 791 586 expressit.
810 513 919 580 «Quod
944 512 967 566 si
994 511 1101 584 pigens
1158 527 1252 581 usqne
1267 510 1400 566 omnium
1411 525 1510 565 rerum
1525 524 1715 581 quaeeunque
1728 510 1935 572 fenerantem.

277 599 423 674 acceperis
437 597 646 658 vestimentum
675 601 832 675 propinqui
854 599 909 672 toi,
939 603 1005 656 ante
1030 597 1101 655 selis
1157 598 1302 655 tritae.»
1321 597 1852 674 Frausenimisteeteireumseriptio
1872 603 1937 676 Legis

278 703 414 747 oetaeum
432 689 568 746 restitues
583 687 654 745 illud
674 707 680 746 :
703 695 747 746 est
762 689 839 746 enim
867 689 923 746 hoo
951 691 1101 760 cooperto·
1158 691 1213 754 est,
1230 704 1289 744 neu
1305 687 1449 745 eustodia.
1466 688 1501 744 ut
1515 691 1602 760 putas
1619 692 1647 743 ιε
1663 687 1709 761 pie
1735 687 1829 758 laeare,
1849 691 1906 764 quia
1926 711 1939 749 a

279 777 358 836 rium
376 779 440 852 ejus
455 781 581 846 tentum,
599 780 673 836 eos
691 779 745 835 lroe
756 780 961 835 vestimentum
978 778 1103 850 turpito·
1160 775 1337 849 negotiatore
1351 777 1432 833 velot
1447 793 1557 832 munus
1572 777 1698 850 suscipis
1713 777 1766 851 (te)
1777 777 1790 832 t
1802 777 1862 835 lude
1879 781 1937 837 irau-

280 867 359 925 dinis
370 868 433 940 ejus
444 867 472 923 iu
489 883 547 940 quo
558 868 779 933 dormietouod
796 869 819 924 si
831 866 1102 940 itaqueproelama·
1159 866 1226 920 deor
1243 863 1291 921 ille
1306 865 1375 922 feeit
1388 867 1417 921 in
1433 865 1575 922 moreium
1590 866 1691 940 pretio,
1707 867 1780 923 uude
1804 867 1851 923 tibi
1875 869 1940 925 solvit

279 956 353 1013 verit
368 955 403 1012 ed
419 971 475 1028 me,
492 958 647 1016 exaudiam
662 975 728 1013 eum
747 958 825 1030 (ibid.
840 959 887 1026 26,
916 957 972 1028 et).
1002 979 1016 1006 a
1046 961 1104 1010 Au·
1159 972 1292 1010 usuram.
1310 955 1433 1011 Fraudis
1448 955 1527 1011 iliius
1543 958 1575 1009 tu
1590 959 1701 1020 auctor,
1716 959 1745 1010 tu
1760 955 1938 1030 particeps,tib'

280 1044 377 1112 distis,
393 1043 591 1115 imperatores,
609 1045 679 1119 quid
696 1047 753 1103 Lex
767 1047 855 1116 dieat,
883 1047 918 1102 de
946 1061 1004 1117 que
1032 1043 1105 1100 dixit
1159 1043 1274 1116 proiicit
1289 1043 1433 1116 quidquid
1455 1042 1504 1100 illo
1532 1043 1717 1099 fraudaverit.
1735 1044 1769 1100 Et
1793 1059 1851 1100 eece
1871 1062 1941 1102 usura

280 1133 445 1191 Dominus:
462 1157 476 1184 «
489 1133 552 1190 Non
566 1135 631 1190 veni
648 1136 751 1209 Legem
768 1135 887 1201 solvere,
899 1134 950 1191 sed
962 1131 1103 1206 adimple·
1159 1137 1213 1200 est,
1230 1137 1258 1188 et
1273 1132 1362 1189 restis
1379 1151 1469 1188 usura
1484 1135 1547 1188 est:
1563 1136 1591 1187 ει
1611 1132 1800 1205 quodeunque
1824 1133 1884 1189 serti
1906 1150 1941 1189 ae

281 1239 311 1278 re
326 1223 437 1294 (tratti.
455 1223 596 1296 atillo
613 1224 705 1290 Quam
721 1224 863 1281 Dominus
877 1241 934 1280 non
950 1223 1104 1290 solvit,vos
1159 1221 1246 1291 cedit,
1264 1221 1528 1294 usuraesttqued
1554 1219 1626 1278 velie
1646 1221 1672 1277 ei
1702 1237 1800 1277 nomen
1826 1221 1941 1294 impones,

281 1310 392 1368 solvitis
407 1311 421 1366 t
435 1311 571 1379 Usuram,
588 1313 693 1386 inquit,
709 1318 816 1387 petere,
832 1313 974 1370 suffocare
989 1311 1105 1367 estlloe
1161 1326 1251 1365 usura
1265 1315 1310 1365 est
1326 1327 1333 1365 ε
1349 1310 1377 1365 Si
1392 1309 1505 1366 licitum
1522 1314 1576 1378 est,
1592 1327 1643 1365 cur
1669 1309 1834 1366 vocabulum
1847 1310 1942 1384 refugia,

281 1416 398 1473 quoque
410 1400 481 1457 soris
495 1419 559 1458 sero
574 1405 618 1458 est
633 1402 744 1458 dietum
760 1419 776 1458 a
797 1403 974 1473 quibusdam
1004 1417 1104 1456 eorum
1160 1415 1213 1453 cur
1226 1397 1361 1456 velamen
1377 1399 1487 1456 obtexis
1501 1399 1556 1453 ‘lSi
1573 1397 1706 1454 illicitum
1727 1403 1779 1467 εει,
1806 1417 1852 1456 rur
1872 1401 1942 1456 inen-

282 1489 593 1563 prudentibus:0uid
611 1495 655 1546 est
677 1492 837 1547 terrerere‘?
866 1491 1031 1560 llominom,
1061 1490 1104 1542 in·
1161 1491 1293 1542 meritum
1311 1487 1464 1560 requiris?

281 1579 344 1651 quit
360 1579 479 1651 (Cicero,
496 1579 545 1634 lib.
565 1597 583 1634 n
610 1581 698 1652 oilie,
716 1583 743 1634 in
770 1582 848 1650 fiae),
879 1580 1019 1635 occidero.
1050 1579 1105 1634 Sed
1196 1579 1240 1631 ott.
1259 1578 1339 1642 erod
1354 1578 1439 1648 pejus
1457 1579 1509 1645 est,
1526 1577 1580 1634 hee
1592 1577 1693 1633 vitium
1708 1575 1884 1649 plurimorum
1903 1582 1942 1641 est.

283 1667 739 1740 utiquenonGetoprierquarn
769 1669 892 1742 Mopsus,
923 1668 972 1740 qui
1001 1667 1105 1738 Legem
1161 1671 1189 1720 rt
1205 1667 1330 1720 narainrr
1347 1665 1481 1734 divitum,
1498 1667 1606 1738 quibus
1621 1666 1675 1722 boo
1692 1666 1805 1723 nomine
1823 1673 1945 1723 struuntur

283 1757 402 1829 accepit.
420 1755 510 1812 blulto
527 1755 575 1813 ille
590 1757 744 1828 posterior.
1122 1801 1145 1866 B
1162 1754 1289 1820 cellaria,
1306 1757 1334 1811 Si
1351 1755 1417 1827 quis
1446 1755 1667 1812 instaurandam
1696 1756 1849 1812 convivium
1873 1760 1944 1830 putat,

318 1846 362 1901 it.
380 1867 394 1894 α
410 1845 437 1900 Si
453 1844 561 1917 pignus
576 1846 722 1918 eeeeperis
752 1846 958 1902 vestimentum
988 1844 1105 1917 propin·
1161 1844 1196 1899 ad
1215 1844 1424 1916 negotiatorem
1441 1845 1541 1912 mittit,
1559 1849 1591 1900 ut
1618 1845 1795 1918 absynthiati
1818 1846 1868 1917 (50)
1888 1841 1945 1900 Μ

283 1934 333 2007 qui
347 1933 403 2000 tui,
420 1940 486 1988 ante
502 1933 572 1989 solis
586 1951 721 1990 oooasum
739 1935 875 1990 restitues
891 1934 973 2002 illud,
989 1951 1025 1990 ne
1052 1951 1105 1989 nu·
1161 1932 1305 2003 cupellam
1322 1933 1377 1988 sibi
1393 1934 1484 2006 gratis
1500 1933 1612 1991 delerat
1629 1951 1636 1989 z
1651 1935 1689 1990 ad
1700 1951 1853 2008 cauponem
1862 1933 1944 2006 dirigit,

284 2021 343 2078 deti
360 2025 499 2096 apparent
512 2021 628 2095 turpido
641 2024 737 2095 (deod.
755 2041 823 2094 san,
839 2025 874 2079 26
889 2027 913 2080 rt
931 2026 987 2096 27).
1006 2046 1019 2072 o
1048 2022 1107 2078 Vos
1162 2027 1194 2077 ui
1210 2022 1349 2078 Picenum
1365 2022 1477 2094 viuunr,
1496 2027 1547 2080 aut
1561 2023 1718 2098 Tyrtaeum
1734 2023 1870 2097 requirat:
1884 2021 1946 2078 adle-

282 2127 351 2170 vero
392 2109 510 2170 exniltis
552 2115 639 2184 atque
669 2113 800 2180 nudatis,
830 2115 860 2169 et
887 2130 944 2170 non
974 2111 1105 2180 redditis,
1161 2112 1257 2178 uiorn,
1275 2116 1305 2166 ut
1321 2111 1434 2167 vulvum
1447 2113 1502 2168 sibi
1517 2114 1727 2185 proc-uretzad
1743 2113 1947 2184 alium,utpoua

284 2198 386 2257 Videte
401 2217 437 2256 ue
451 2199 495 2256 sol
510 2201 623 2258 eeeidat
637 2219 726 2274 super
741 2202 892 2259 avaritiam
907 2205 1046 2268 vestram,
1070 2219 1107 2256 ne
1162 2200 1218 2255 eibi
1243 2200 1373 2256 adornet.
1400 2201 1499 2274 ltaque
1524 2201 1740 2259 humanitatem
1757 2203 1879 2276 judicant
1900 2215 1946 2271 que

285 2287 328 2345 sol
340 2289 462 2360 justitie
477 2289 558 2346 vebis
569 2290 690 2362 oeeidet,
707 2309 765 2364 qua
776 2291 925 2364 justitiam
945 2309 1002 2347 non
1027 2295 1107 2347 tene·
1162 2290 1246 2345 eleeo
1260 2287 1389 2361 periculo
1401 2293 1546 2358 constant,
1562 2290 1605 2346 'l'u
1620 2290 1709 2359 bibis,
1730 2295 1759 2347 et
1773 2290 1843 2346 alius
1866 2285 1947 2344 dilituit

285 2377 334 2450 tis,
347 2381 396 2434 eut
409 2376 452 2436 sol
469 2377 633 2452 iniquitatis
649 2396 737 2453 super
752 2379 862 2454 flagitia
877 2385 972 2438 vestre
1001 2381 1107 2436 conda·
1162 2377 1298 2450 laer-paris
1314 2397 1320 2435 :
1338 2383 1367 2434 tu
1384 2376 1636 2451 epularie,etalios
1652 2379 1717 2436 eibo
1732 2384 1781 2436 tue
1795 2377 1946 2452 strangulas:

286 2475 344 2524 tor.
362 2465 429 2524 Dies
445 2468 646 2540 quo·1uoperit
658 2469 823 2536 inrito,qu
837 2469 1107 2535 irruitsieutludee,
1164 2470 1194 2521 tu
1211 2466 1386 2540 symphonia
1399 2467 1552 2523 delectaris
1567 2473 1594 2523 et
1611 2466 1687 2526 alios
1703 2467 1855 2525 miserabili
1873 2463 1946 2538 deple-

285 2555 336 2634 qui
353 2572 419 2612 eum
436 2553 570 2612 diabolus
584 2575 614 2612 so
632 2557 759 2614 irrisisset
773 2559 803 2612 io
820 2574 869 2614 eor
885 2560 960 2631 ejus,
983 2558 1108 2614 surrexit
1163 2554 1336 2611 ratululatu
1355 2573 1360 2611 :
1377 2561 1407 2611 tu
1430 2573 1517 2629 poma
1545 2558 1694 2632 degustes,
1722 2563 1752 2614 et
1770 2557 1840 2614 alius
1859 2557 1948 2630 spinam

286 2639 322 2703 ad
337 2643 543 2718 proditionem,
559 2650 586 2698 rt.
603 2645 677 2701 saeta
693 2650 736 2702 est
751 2663 826 2715 nox;
843 2645 885 2702 sol
897 2647 976 2703 enim
986 2647 1108 2718 justitia
1163 2648 1244 2699 vernt
1271 2644 1419 2717 Narrrquid
1435 2644 1576 2719 collIguut
1590 2647 1626 2702 de
1640 2647 1737 2720 spinis
1761 2664 1836 2714 uvas,
1861 2649 1903 2702 aut
1924 2643 1949 2698 de

286 2732 432 2796 oeeirlerat
447 2733 484 2802 ei,
500 2738 527 2790 et
544 2734 717 2791 recubuerat
730 2751 818 2806 super
832 2752 909 2792 eum.
925 2735 979 2800 Qui
997 2735 1025 2791 iu
1046 2752 1108 2791 cor·
1162 2733 1279 2790 tribulis
1296 2734 1393 2790 fretra?
1408 2735 1498 2807 Spina
1513 2740 1568 2806 εει,
1584 2735 1671 2808 spina
1685 2736 1840 2794 eeutesima
1855 2741 1899 2801 est
1911 2733 1949 2788 tri·

285 2824 350 2896 ejus
366 2821 496 2892 intravit,
513 2822 581 2878 seoit
596 2822 638 2878 illi
653 2823 797 2890 tenebras,
814 2827 846 2880 ut
858 2822 933 2880 lueis
948 2841 1006 2880 nou
1029 2825 1110 2880 vide·
1163 2821 1251 2878 bolos
1267 2827 1310 2878 est
1325 2829 1421 2890 tenue,
1446 2823 1522 2880 male
1534 2826 1601 2881 urit.
1629 2827 1782 2892 Quomodo
1806 2843 1867 2900 erge
1888 2829 1951 2897 potes

286 2915 329 2970 ret
344 2915 501 2968 auctorem.
519 2911 560 2967 lbi
577 2909 667 2967 miser
682 2911 767 2985 periit
785 2911 814 2968 iu
844 2911 893 2968 illo
919 2913 1050 2970 convivio
1079 2914 1109 2968 in
1164 2911 1292 2968 frustum
1308 2912 1415 2970 bebere
1429 2913 1465 2968 do
1479 2913 1645 2987 spinistSi
1662 2914 1717 2974 iste
1733 2917 1842 2972 fruetus
1854 2915 1885 2970 de
1905 2911 1949 2986 ept-

286 3016 344 3073 quo
356 2999 405 3056 elii
416 2999 577 3056 salvantur.
590 2999 711 3056 Reddite
731 2999 821 3074 igitur
844 3002 1053 3059 vestimentum
1064 3003 1112 3059 de·
1164 3003 1210 3058 nie
1225 3019 1282 3058 non
1298 3003 1440 3069 nascitur,
1457 3000 1505 3058 ilio
1521 3009 1659 3062 nascetur
1673 3010 1810 3064 eternus.
1825 3005 1861 3062 De
1872 3019 1952 3060 arum·

286 3088 384 3158 biteri,
401 3087 430 3146 in
445 3105 504 3161 quo
516 3087 644 3146 dormiat
658 3093 685 3144 ot
701 3089 819 3161 quietus
830 3090 877 3146 sit.
898 3115 907 3140 ι
926 3091 955 3147 Si
977 3090 1110 3147 nolueri-
1164 3091 1211 3148 nie
1226 3091 1338 3148 ditaris.
1356 3092 1391 3146 de
1405 3091 1542 3164 lacrymis
1570 3091 1688 3152 luerum
1716 3094 1829 3168 queris
1844 3093 1876 3150 de
1895 3092 1952 3147 saue

287 3173 324 3236 tis
339 3178 470 3248 reddere,
485 3177 652 3245 exaudiam,
666 3177 771 3250 inquit,
806 3197 896 3236 eom:
924 3181 993 3252 quia
1020 3181 1108 3238 mise·
1125 3170 1147 3236 C
1166 3179 1260 3237 aliena
1275 3179 1414 3252 pasceris,
1431 3181 1467 3236 de
1494 3181 1607 3238 exuviis
1634 3182 1859 3256 despoliatorum
1881 3177 1953 3236 bouri-

286 3265 378 3324 rieore
394 3283 460 3324 sum
476 3265 556 3337 (ibid.
573 3265 629 3338 27).
646 3287 660 3316 »
679 3265 708 3322 Si
723 3283 773 3322 vos
790 3284 847 3324 uon
876 3268 1031 3338 exauditis,
1056 3286 1110 3342 ego
1166 3287 1237 3326 oum
1253 3269 1500 3342 eudisargeutum
1519 3275 1566 3326 :et
1588 3272 1708 3343 judiees
1724 3278 1753 3330 te
1779 3273 1894 3338 divitem,
1917 3265 1954 3340 qui

287 3354 455 3420 maudiem,
470 3369 523 3427 ego
539 3353 708 3425 miserebor,
725 3373 777 3429 ego
793 3372 849 3414 uon
873 3357 1032 3430 despiciam
1047 3357 1109 3415 ino·
1166 3359 1273 3432 stipem
1294 3358 1422 3432 poseiee
1449 3361 1606 3433 paupere?
1625 3362 1683 3419 Sed
1713 3363 1783 3420 audi
1811 3361 1874 3438 quid
1898 3359 1957 3416 dicat

289 3443 335 3520 pit
350 3457 476 3516 prooem,
1166 3447 1297 3505 Salvator
1314 3465 1320 3503 :
1337 3472 1351 3499 «
1367 3447 1416 3504 Va
1430 3449 1512 3504 vobis
1527 3449 1680 3521 divitibus,
1692 3451 1743 3526 qui
1759 3451 1866 3508 habetis
1877 3463 1954 3506 conse

325 3533 368 3588 tS.
385 3531 415 3588 ln
433 3531 654 3589 Deuteronomio
665 3535 933 3608 quequeseriplum
945 3539 989 3592 est
1005 3555 1011 3592 :
1027 3537 1110 3593 «Non
1167 3537 1305 3596 lationem
1319 3542 1445 3593 vestram
1459 3540 1532 3609 (Lete.
1549 3556 1587 3609 vr,
1602 3541 1664 3612 2l)!
1685 3564 1699 3590 a

289 3621 580 3696 exigesalratretuo
609 3640 730 3679 usurum
761 3625 902 3698 paeonio,
932 3629 960 3681 et
989 3642 1110 3683 usuram
1236 3645 1246 3666 ·
1473 3627 1590 3684 CAPUT
1616 3629 1674 3685 XV.

287 3725 438 3792 esearum,¹
449 3713 478 3766 et
489 3727 610 3766 usuram
631 3711 762 3768 omniurn
793 3729 890 3769 rerum
919 3731 1111 3788 quaeeunque
1166 3718 1418 3790 Alierripemoquo
1447 3735 1546 3775 uteres
1575 3720 1638 3776 tirel
1664 3723 1788 3792 eripere,
1814 3722 1893 3778 retem
1916 3729 1956 3772 rer

287 3798 472 3861 imperaveris
487 3797 569 3854 lretri
598 3803 657 3856 tuo.
688 3801 717 3856 Si
747 3799 915 3875 alienigenae
940 3803 1111 3874 credideris,
1200 3805 1365 3873 ‘lintrium
1382 3791 1910 3877 limittatur&fratre'dt’mtlm‘lm
1927 3787 1956 3842 ’Λ

286 3889 407 3944 usuram
423 3887 520 3961 exiges
537 3889 573 3943 ab
588 3905 639 3944 eo:
657 3891 775 3945 at'ratre
791 3895 888 3946 entem
909 3895 959 3948 tuo
975 3909 1031 3948 oon
1048 3893 1108 3949 exi·
1201 3861 1262 3930 'lle‘
1277 3863 1404 3932 ''ellum“
1418 3871 1568 3918 mmmm
1582 3883 1592 3931 ἶ
1606 3865 1762 3936 (ῙΜῙΜ
1773 3881 1876 3920 “summ
1898 3875 1955 3931 ΡΜ

285 3977 441 4052 ψυχαί,
458 3994 525 4032 xxm
554 3977 588 4032 19
614 3979 670 4049 20).
688 3999 702 4027 „
718 3977 807 4035 Vides
829 3984 972 4052 quantum
994 3981 1110 4053 pondus
1200 3933 1282 4033 crete,
1296 3935 1368 3987 etde
1384 3933 1616 4016 benedictionibus
1629 3936 1755 4020 ejatsqm
1776 3936 1871 4019 aneilla
1894 3929 1956 4007 atati

531 4021 539 4050 '
591 4022 598 4047 ’
1200 4007 1383 4072 veneratorem
1396 4004 1586 4062 arteartetroae
1599 4007 1634 4062 ed
1650 4008 1863 4065 rnreertoerdmm
1876 4009 1958 4060 etten-

184 4077 187 4088 ’
286 4067 314 4126 in
330 4067 426 4124 verbis
442 4066 489 4122 sit.
506 4089 519 4116 ε
536 4065 610 4135 Noli,
625 4065 732 4140 inquit,
748 4068 861 4140 erigere
878 4086 997 4126 usuram
1015 4087 1032 4126 a
1050 4071 1107 4128 ira·
1200 4083 1291 4132 tatem.

284 4161 328 4212 tre
343 4158 404 4224 tue,
423 4155 502 4212 »hoe
519 4158 573 4224 est,
590 4171 657 4212 eum
676 4173 734 4228 quo
763 4156 871 4213 babere
898 4158 986 4214 debes
1010 4161 1111 4220 omnia
1199 4165 1245 4220 51.
1262 4163 1317 4219 Sed
1334 4163 1406 4220 forte
1418 4164 1497 4220 dices
1512 4165 1583 4238 quie
1602 4167 1752 4240 seriptum
1779 4173 1843 4226 eet:
1870 4192 1882 4216 a
1904 4161 1959 4218 Alit

285 4243 740 4315 eommunia,abootuusuranr
767 4245 883 4319 exigis?
912 4247 1012 4303 Frater
1039 4254 1109 4306 tuus
1165 4239 1957 4327 nigeuasoenerabistdeet.ix111,20);»otneoeensi
1999 4266 2000 4273 ¹

286 4349 405 4389 consors
420 4337 530 4388 nature
546 4338 573 4390 et
588 4333 717 4391 eohaeres
732 4335 841 4410 gratiae,
865 4334 1025 4392 neliobeo
1054 4338 1110 4395 exi·
1165 4342 1250 4398 doras
1265 4343 1335 4414 quid
1365 4342 1556 4416 Evangelium
1584 4345 1673 4412 dieat,
1690 4347 1771 4419 quod
1794 4353 1838 4404 est
1859 4341 1957 4417 pleuti&

286 4437 353 4494 gere
368 4421 505 4496 amplius,
522 4441 539 4479 e
555 4440 612 4496 quo
628 4423 735 4480 durum
751 4429 796 4482 est
810 4429 939 4498 repetere
956 4427 1033 4497 quod
1060 4428 1108 4485 de·
1165 4431 1220 4487 Sed
1236 4431 1290 4487 boe
1304 4431 1422 4488 interim
1438 4438 1667 4505 sequestremus,
1685 4437 1774 4510 Logia
1786 4436 1873 4508 ipatus
1892 4425 1957 4486 rerba
1998 4456 1999 4517 p

286 4511 374 4580 deris,
392 4511 448 4568 nisi
465 4527 532 4568 rom
549 4511 685 4569 habuerit
700 4514 776 4570 unde
792 4513 895 4571 solvat.
1126 4519 1317 4608 „considera
1335 4540 1341 4578 ε
1358 4545 1372 4571 «
1390 4522 1482 4578 Fratri
1500 4527 1560 4591 tuo,
1576 4523 1686 4598 iuquit,
1704 4543 1763 4583 uon
1781 4513 1958 4583 sternendis·d

322 4601 365 4656 to.
378 4599 413 4656 llt
425 4601 496 4674 quia
510 4601 642 4674 plerique
662 4602 838 4675 refugientes
855 4609 999 4678 precepta
1023 4607 1109 4680 Legis
1165 4627 1298 4681 usuram,
1313 4611 1363 4666 sed
1380 4609 1573 4684 alienigenam
1589 4615 1688 4686 exiges
1713 4615 1796 4686 (leid.
1826 4614 1865 4678 te,
1893 4610 1957 4676 202³

285 4688 459 4766 (itquast
486 4691 512 4745 3.
530 4707 554 4745 r.
585 4691 734 4764 Plerique),
764 4707 831 4748 cunr
859 4693 992 4749 dederint
1021 4713 1109 4768 peeu-
1163 4697 1232 4763 Quis
1247 4703 1310 4755 erat
1324 4702 1394 4755 tune
1410 4699 1644 4774 alienigena,nisi
1658 4700 1868 4771 Amaleeb‚nisi
1880 4702 1958 4755 Amor

285 4777 365 4838 uiam
379 4779 620 4853 negotiatoribus,
648 4796 703 4834 nou
720 4778 749 4836 in
774 4781 1021 4853 pecuniausurus
1050 4785 1108 4842 exi·
1163 4787 1270 4855 rbaeus,
1288 4787 1345 4844 nisi
1368 4788 1496 4845 hostes?
1523 4788 1576 4858 lbi,
1606 4790 1717 4864 inquit,
1748 4808 1864 4850 usuram
1887 4785 1956 4854 0¹58*

285 4873 369 4942 gunt,
385 4869 436 4926 sed
452 4868 487 4925 de
503 4866 649 4924 mercibus
664 4885 765 4924 eorum
788 4873 929 4941 tanquam
949 4889 1108 4930 usurarum
1163 4876 1215 4932 Cui
1231 4878 1335 4933 merito
1350 4894 1453 4934 nocere
1474 4878 1634 4952 desideras,
1650 4881 1701 4938 eui
1726 4883 1796 4954 juro
1822 4875 1958 4937 inferuntur

285 4956 686 5031 emolumentopereipinnt:
714 4957 779 5015 ideo
808 4958 930 5015 audient
950 4960 1021 5033 quid
1053 4964 1110 5020 bex
1163 4981 1256 5035 arma,
1272 4964 1340 5021 huie
1353 4965 1482 5040 legitime
1497 4967 1666 5025 indicantur
1680 4987 1790 5027 usura.
1807 4971 1888 5036 Quem
1901 4957 1957 5017 tale

321 5118 377 5190 (te)
392 5119 500 5201 Omlnes
516 5120 584 5174 edit.
601 5135 632 5174 ne
650 5135 720 5175 mss.
734 5119 808 5188 dno,
819 5121 891 5175 reiut
907 5125 1033 5180 metarum
1052 5142 1109 5182 sru-
1163 5131 1272 5195 autem,
1289 5131 1318 5182 et
1332 5127 1486 5183 'ivriacum
1503 5129 1543 5185 ita
1557 5129 1700 5187 dieuntur
1714 5149 1732 5188 e
1746 5131 1818 5188 loeis
1832 5131 1859 5186 iu
1873 5123 1956 5200 quibu

285 5191 365 5259 ripis.
383 5189 488 5246 Melius
503 5190 562 5256 alii,
577 5192 650 5246 vetet
664 5208 765 5246 narone
779 5195 904 5264 suscipis.
923 5195 956 5248 itt
977 5195 1046 5252 hine
1062 5198 1109 5254 in·
1164 5203 1335 5253 naseuntur.
1351 5186 1402 5254 tsi
1416 5200 1494 5256 enirn
1518 5201 1652 5259 Pieenum
1670 5203 1752 5276 regie
1767 5201 1892 5276 quedem
1915 5193 1954 5250 lit·

286 5259 475 5344 telliges·‚ja'm
491 5267 553 5343 tom
571 5279 639 5345 ereo
663 5263 766 5319 itatem
779 5263 868 5319 tuisse
880 5264 1033 5345 homiuum
1046 5285 1109 5326 ava·
1164 5270 1256 5336 liar,'l'
1276 5285 1326 5326 rue
1340 5287 1406 5325 vero
1423 5275 1494 5327 urbs
1511 5275 1541 5327 in
1556 5275 1636 5330 Asia.
1651 5276 1738 5341 Quod
1758 5281 1852 5331 autem
1877 5278 1955 5342 prore

287 5335 352 5388 rrtra
381 5331 598 5392 distinctionem
630 5279 720 5402 illem,
751 5351 808 5405 qua
836 5333 946 5417 aliquid
978 5339 1109 5420 aeoipere
1163 5287 1341 5410 ceruleum,
1371 5342 1504 5399 Latinius
1537 5343 1696 5417 legendum
1726 5347 1842 5416 eonjieit
1864 5338 1954 5411 aarum,

286 5405 390 5473 proter
405 5409 512 5486 sertem
530 5422 581 5477 per
596 5406 715 5462 modurn
733 5423 828 5487 usura
844 5405 977 5492 disertum
994 5411 1107 5482 dicunt,
1163 5430 1227 5486 que
1242 5430 1296 5468 vox
1311 5413 1339 5497 in
1357 5419 1417 5469 ant.
1435 5415 1503 5471 elit.
1521 5414 1673 5489 legebatur
1696 5417 1807 5475 trustra
1831 5419 1880 5497 est,
1904 5416 1954 5486 ⁶⁰9¹

286 5488 344 5528 non
357 5489 422 5529 vere
439 5491 465 5530 ει
479 5477 660 5547 permodum
677 5483 986 5559 munerteaeerpratur.
1163 5500 1265 5541 omnes
1280 5486 1348 5542 edit.
1364 5486 1528 5559 praeierant,
1542 5488 1662 5557 velitem,
1688 5494 1721 5546 ει
1732 5507 1777 5557 aa,
1793 5491 1823 5544 ut
1844 5497 1898 5558 Jetn
1920 5477 1954 5533 dt·

321 5545 377 5630 (50)
393 5545 618 5632 disparitatem,
635 5553 686 5606 aut
701 5553 733 5605 ut
747 5547 816 5606 alibi
832 5549 1107 5634 serrbitur,·atryn·
1162 5561 1242 5616 ctum
1257 5561 1312 5629 est,
1327 5557 1363 5615 ab
1379 5557 1545 5637 aueupibus
1559 5559 1735 5620 delitiarum
1751 5557 1865 5635 quesita
1877 5552 1917 5608 ult

285 5615 421 5685 thracem,
436 5631 538 5674 nuum
552 5623 595 5678 est
617 5619 762 5698 absyntbo
777 5621 927 5680 eonditum
945 5621 1106 5684 :Piranum
