4159 6184
174 323 236 388 teo
686 330 738 394 ΒΕ
758 327 879 394 Jacob
901 327 951 394 E'l
972 323 1310 406 wenemarus.
1334 331 1373 395 11.

175 507 1881 537 m

767 649 941 741 blBEll
978 647 1295 743 SECUNDUS.

399 952 477 1012 m
496 951 616 1012 CAPUT
635 953 790 1012 PRIMUM.
1018 953 1139 1025 Aquod
1153 953 1247 1010 Deum
1262 954 1370 1011 mentis
1383 955 1504 1012 interne
1518 956 1610 1013 oculis
1634 958 1805 1028 intueretur,
1821 976 1887 1032 pec·

1064 1041 1121 1097 cati
1136 1041 1299 1112 abstinens,
1315 1061 1332 1099 a
1346 1043 1467 1100 luxurie
1482 1045 1578 1102 omnis
1600 1046 1739 1103 ebrietate
1759 1047 1888 1116 sobrius,

178 1113 265 1196 Facta
279 1111 445 1168 transitione
457 1127 475 1168 n
489 1111 628 1196 εαρρνίθηί
642 1111 677 1168 ad
690 1112 764 1196 neae
779 1109 892 1198 lidmm,
917 1119 1009 1168 ΟΜ·
1064 1133 1097 1185 ut
1111 1130 1186 1186 dura
1200 1130 1336 1188 laborum
1349 1133 1543 1202 absorbuerit,
1560 1135 1611 1189 otii
1626 1151 1728 1191 secura
1753 1137 1889 1210 neglexe-

216 1181 752 1325 ffb‘ffffldifflfflmffiff
765 1182 1009 1312 91δὲῃέθὲῗὲΐὲ
1063 1217 1123 1273 rit?
1137 1219 1238 1277 Nonne
1258 1220 1378 1292 pulchre
1406 1227 1436 1277 et
1462 1239 1528 1277 vere
1552 1221 1587 1277 de
1611 1223 1665 1280 boc
1693 1223 1804 1281 dictum
1833 1232 1888 1293 est,

217 1323 471 1382 niredmgm·
781 1271 818 1328 pp
1064 1307 1142 1380 quod
1173 1312 1201 1363 et
1228 1308 1276 1364 hic
1307 1310 1436 1366 fructum
1471 1309 1552 1365 dabit
1589 1310 1618 1365 in
1656 1314 1787 1384 tempore
1824 1330 1889 1380 suo,

530 1439 537 1450 ,
1063 1393 1100 1449 de
1123 1410 1181 1466 quo
1204 1397 1347 1469 scriptum
1372 1401 1417 1454 est
1433 1416 1440 1454 :
1455 1421 1469 1448 «
1495 1398 1566 1454 Ecce
1581 1399 1652 1455 odor
1675 1399 1728 1456 filii
1752 1401 1809 1457 mei
1825 1405 1888 1458 tan·

219 1485 244 1540 1.
260 1483 415 1557 Superiora
427 1481 502 1540 libro
517 1483 553 1539 de
566 1481 708 1540 virtutum
728 1483 880 1557 preceptis
904 1482 1008 1555 dispu·
1064 1499 1153 1555 quam
1181 1484 1253 1540 odor
1279 1486 1342 1559 agri
1371 1486 1447 1558 pleni
1474 1485 1550 1555 (Gen.
1576 1504 1665 1556 xxvrr,
1695 1489 1750 1560 27).
1781 1510 1795 1539 a
1823 1490 1891 1547 linat

178 1569 471 1644 terimus:eequenti
486 1570 633 1627 clarorum
647 1571 1010 1628 virorumutamurexem·
1063 1570 1142 1627 enim
1166 1573 1312 1644 perlectus
1335 1573 1366 1629 in
1390 1574 1471 1630 omni
1495 1575 1565 1630 dore
1594 1577 1745 1647 virtutum,
1761 1583 1891 1637 etsacrae

178 1661 252 1736 plis,
265 1659 315 1733 qui
331 1659 361 1716 in
376 1659 504 1716 summis
528 1657 666 1733 periculis
689 1659 776 1732 positi
797 1658 1008 1717 beatitudinem
1063 1659 1277 1717 benedictionis
1292 1654 1383 1734 atque'
1396 1661 1521 1719 coelostis
1536 1664 1728 1722 beatitudinis
1743 1667 1891 1725 redolebat

177 1751 247 1806 vitas
263 1765 321 1805 non
345 1748 517 1814 amiserunt,
535 1748 587 1805 sed
613 1748 712 1821 potius
733 1747 943 1820 acquisierunt.
965 1748 1008 1802 An
1063 1747 1199 1819 gratiam.
1216 1749 1281 1821 lpse
1295 1754 1340 1806 cst
1354 1750 1431 1806 enim
1448 1768 1517 1823 ager
1529 1768 1616 1823 quem
1632 1753 1780 1810 benedixit
1794 1755 1892 1811 Domi·
1975 1796 1979 1802 -

179 1853 241 1896 non
257 1836 360 1894 beatus
374 1835 464 1892 Jacob
480 1833 568 1892 etiam
592 1853 659 1893 cum
684 1835 808 1910 patriam
832 1835 1010 1909 relinqueret
1064 1849 1120 1890 nus
1137 1851 1143 1890 :
1160 1852 1218 1891 non
1234 1835 1289 1892 iste
1302 1841 1446 1907 terrenus,
1463 1843 1513 1895 aut
1536 1841 1614 1896 460
1638 1840 1778 1899 horridus
1798 1843 1890 1913 silvis,

179 1927 260 2000 (Gen.
276 1941 375 1991 xxv1n,
391 1925 439 1996 5))
454 1923 516 1981 lmo
531 1923 616 1997 plane
632 1924 746 1994 beatus,
762 1924 813 1998 qui
837 1925 911 1981 dura
933 1923 1009 1980 exsi-
1064 1925 1116 1979 aut
1130 1923 1265 1997 fragosus
1280 1927 1468 1994 torrentibus,
1485 1930 1537 1983 aut
1556 1928 1697 2000 palustris
1712 1930 1892 2004 pigrioribus

179 2014 217 2071 lii
232 2013 370 2087 suscepit,
384 2017 418 2069 ut
440 2012 540 2070 fratris
561 2013 710 2086 mitigaret
726 2012 920 2069 iracundiam.
935 2011 1008 2068 Nam
1064 2012 1160 2084 aquis,
1176 2018 1228 2068 aut
1238 2015 1361 2086 Jejunus
1377 2015 1543 2083 frumentis,
1560 2022 1611 2073 aut
1634 2018 1748 2077 inutilis
1769 2020 1891 2091 vitibus,

180 2103 210 2162 si
225 2103 329 2161 beatus
344 2106 389 2159 est
404 2101 454 2175 qui
467 2105 619 2174 peccatum
635 2100 772 2168 declinat,
789 2101 891 2174 utique
909 2101 1008 2176 negari
1065 2104 1116 2155 aut
1139 2100 1297 2157 infecunda
1320 2103 1419 2176 glarea
1442 2121 1565 2162 saxosus
1580 2107 1648 2179 (30),
1663 2113 1715 2164 aut
1728 2108 1847 2166 hiulcus
1863 2115 1893 2166 et

180 2193 365 2249 beatusesae
380 2206 439 2247 non
454 2192 559 2262 potest,
576 2189 627 2262 qui
642 2187 763 2246 alterius
782 2189 899 2262 culpam
921 2189 1009 2257 levat,
1064 2188 1164 2246 aridus
1192 2191 1331 2260 siccitate,
1346 2197 1399 2248 nut
1419 2194 1563 2266 sanguine
1587 2197 1702 2266 medus,
1730 2201 1781 2254 aut
1805 2199 1892 2255 senti·

183 2279 297 2338 crimen
311 2278 424 2336 avertit.
440 2277 579 2335 Paratum
594 2277 693 2351 itaque
708 2275 898 2350 parricidium
922 2277 1009 2334 decli·
1065 2276 1121 2334 bue
1137 2279 1266 2335 incultus
1281 2283 1310 2335 et
1324 2281 1418 2352 spinis
1435 2299 1441 2337 :
1458 2283 1509 2337 sed
1524 2282 1572 2340 ille
1588 2301 1668 2357 ager,
1684 2268 1719 2343 tle
1743 2303 1801 2359 qno
1821 2287 1892 2344 dicit

182 2369 267 2426 navit
280 2365 381 2424 exsilio
396 2365 570 2436 voluntario,
589 2381 680 2438 eoque
703 2365 778 2422 tacto
802 2365 858 2421 sibi
884 2364 1010 2422 salutem
1066 2365 1194 2423 ilcclesia
1209 2367 1239 2422 in
1253 2367 1380 2424 canticis
1397 2371 1557 2440 :nantoani
1572 2372 1702 2440 voadliae
1715 2375 1890 2446 Jerusalem,

181 2456 321 2531 quesivit
349 2455 431 2513 tratri
447 2453 645 2512 innocentiam
661 2452 897 2511 donavitlderito
912 2453 1011 2528 itaque
1065 2453 1269 2511 invirtutibus
1285 2459 1314 2511 et
1326 2456 1548 2515 tortitudinibus
1562 2461 1624 2530 agri
1639 2463 1734 2534 (Cant.
1751 2481 1782 2532 11,
1797 2465 1891 2535 7).Hio

181 2561 253 2604 eum
269 2545 366 2602 divine
382 2543 492 2616 ubique
506 2543 644 2601 comitata
658 2547 703 2600 est
718 2542 822 2616 gratia,
838 2547 871 2599 ut
892 2550 920 2599 et
943 2560 1010 2601 cum
1067 2559 1195 2614 namque
1209 2547 1254 2600 est
1268 2560 1346 2617 ager,
1364 2544 1399 2600 de
1415 2563 1473 2618 quo
1488 2553 1516 2602 et
1530 2547 1674 2606 Dominus
1687 2552 1728 2606 ait
1744 2553 1812 2609 :alit
1826 2570 1891 2626 spe·

181 2633 336 2700 dormiret,
356 2632 446 2688 beate
469 2631 533 2688 vita
558 2648 668 2689 munus
691 2631 863 2704 acquireret.
887 2630 1012 2688 Videbat
1066 2632 1125 2688 cies
1139 2632 1201 2704 agri
1217 2648 1332 2688 mecum
1347 2637 1392 2689 est
1406 2636 1490 2705 (Pani.
1508 2653 1584 2705 ιιιιι,
1600 2637 1655 2709 tl).
1673 2660 1687 2687 a
1704 2639 1735 2693 In
1752 2639 1806 2697 hoc
1823 2659 1892 2714 agro

181 2723 265 2780 enim
280 2721 446 2778 futurorum
462 2720 613 2793 mysteria,
629 2724 659 2777 et
672 2718 770 2776 divina
784 2718 922 2777 audiebat
943 2736 1010 2776 ora·
1068 2736 1125 2776 uva
1139 2720 1190 2776 illa
1204 2721 1358 2795 reperitur,
1375 2738 1438 2793 quae
1453 2740 1591 2796 expressa
1614 2727 1788 2799 sanguinem
1806 2729 1891 2799 ludit,

181 2811 253 2869 cula
280 2809 359 2883 (ltin.
390 2809 496 2881 12-t5).
526 2809 625 2865 Bonus
653 2808 684 2864 in
717 2825 821 2866 somno
848 2810 1011 2881 operarius,
1066 2812 1096 2864 et
1110 2809 1255 2864 mundum
1269 2807 1364 2864 diluit.
1382 2810 1414 2865 ln
1441 2808 1589 2884 bonagro
1614 2813 1747 2869 estficus
1771 2813 1892 2872 illasub

182 2901 259 2958 etin
275 2901 445 2972 paupertate
461 2897 553 2968 dives,
568 2897 618 2970 qui
646 2897 832 2954 mercenarie
855 2897 920 2954 vita
946 2914 1012 2954 mu·
1066 2896 1234 2970 quassanti
1249 2897 1442 2970 requiescent,
1468 2899 1610 2971 spiritalis
1636 2901 1734 2974 gratiae
1749 2903 1893 2961 suavitate

182 3005 257 3046 nere
285 2989 314 3044 ot
341 2985 552 3060 patrimonium
579 2993 608 3042 et
637 2985 808 3060 conjugium
837 2987 939 3044 eodem
959 2991 1014 3060 pa-'
1067 2985 1198 3042 recreati.
1214 2984 1247 3041 ln
1263 2984 1318 3041 hoo
1333 3002 1403 3059 agro
1427 2987 1561 3044 estoliva
1587 2987 1637 3045 illa
1659 2990 1817 3062 fructifera,
1840 2993 1894 3048 Do·

182 3077 261 3136 ravit
274 3075 369 3135 officio
383 3076 466 3149 (Gen.
488 3093 564 3144 xxix,
579 3079 625 3144 22,
640 3075 698 3148 29).
715 3076 795 3134 ldem
809 3075 928 3133 fraterni
943 3077 1012 3134 alle·
1066 3072 1180 3130 minine
1196 3074 1290 3129 fluens
1304 3076 1384 3146 paris
1399 3080 1594 3148 unguentum.
1612 3077 1643 3132 ln
1669 3077 1723 3134 hnc
1747 3097 1817 3154 agro
1841 3081 1892 3137 tlo-

182 3172 252 3226 ctus
265 3163 469 3224 reconciliator
490 3165 625 3239 egregius
650 3165 770 3222 certavit
792 3166 965 3223 muneribus
984 3169 1013 3223 et
1066 3165 1132 3218 rent
1145 3161 1357 3236 malogranata,
1373 3180 1438 3235 qua
1453 3162 1597 3236 plurimos
1623 3166 1736 3223 fructus
1753 3185 1810 3224 uno
1826 3169 1893 3225 fidei

182 3255 382 3327 obsequitent
391 3252 621 3327 indignationem
634 3267 752 3310 omnem
768 3253 944 3324 excluderet,
960 3255 1011 3312 do·
1066 3251 1232 3307 munimine
1242 3254 1353 3323 tegunt,
1368 3257 1397 3308 et
1411 3253 1539 3324 quodam
1555 3253 1651 3310 fovent
1666 3254 1818 3313 charitatis
1833 3273 1894 3314 am·

180 3343 277 3401 loram
292 3341 462 3400 offensionis
475 3345 625 3412 averteret,
643 3342 801 3399 ostendens
817 3358 849 3399 se
868 3343 1011 3400 minorem
1067 3339 1165 3412 plexu.

180 3431 287 3491 exsilio
302 3447 360 3488 non
374 3429 475 3498 tuisse,
492 3429 542 3502 qui
558 3434 657 3502 posset
670 3429 772 3504 largiri
791 3446 856 3503 quas
880 3447 937 3487 non
965 3448 1011 3488 ac·
1101 3429 1128 3483 t.
1146 3427 1203 3483 Hos
1218 3427 1309 3501 igitur
1324 3428 1438 3486 tructus
1452 3430 1602 3488 redolebat
1615 3433 1715 3502 laccb,
1733 3434 1783 3508 qui
1799 3435 1891 3491 Deum

181 3524 302 3594 ceperat
316 3519 392 3592 (Gen.
408 3536 497 3586 xxxn,
515 3519 622 3591 13-21).
1065 3533 1118 3589 per
1132 3515 1263 3589 pericula
1277 3517 1465 3588 sequebatur,
1481 3523 1511 3575 et
1526 3524 1622 3576 tutum
1649 3539 1680 3578 se
1708 3524 1773 3594 ejus
1786 3525 1896 3596 ubique

220 3613 247 3665 2.
264 3609 321 3665 Sed
349 3605 439 3664 nimis
468 3607 504 3663 ad
532 3606 671 3664 interiora
697 3623 833 3680 propero,
848 3611 877 3664 ct
894 3607 1012 3666 utiliora
1066 3603 1239 3659 deductione
1263 3604 1410 3660 credebat.
1432 3609 1507 3661 Nam
1532 3605 1600 3664 licet
1623 3607 1719 3666 dulcis
1745 3615 1774 3668 et
1798 3613 1896 3668 suavia

71 3745 75 3752 .
180 3705 365 3765 transcurro,
392 3712 460 3752 cum
490 3695 572 3768 prins
601 3695 799 3752 definiendum
826 3696 864 3752 sit
887 3678 1049 3769 quidsitG
1067 3694 1140 3750 odor
1162 3692 1200 3747 sit
1221 3690 1294 3764 agri,
1319 3694 1390 3764 quia
1414 3697 1460 3749 est
1486 3693 1558 3750 odor
1583 3701 1694 3753 natum
1717 3705 1838 3757 :tamen
1865 3701 1895 3756 in

179 3789 301 3844 beatus.
317 3785 464 3858 Scriptum
485 3788 531 3841 est
544 3784 624 3840 enim
639 3801 647 3840 τ
663 3806 677 3834 «
694 3785 800 3841 Beatus
814 3783 859 3840 vir
877 3783 928 3856 qui
953 3801 1011 3842 non
1068 3785 1170 3838 sancto
1185 3779 1353 3836 Patriarcha
1367 3779 1510 3836 virtutum
1527 3784 1658 3854 spirabat
1679 3789 1782 3859 gratia.
1803 3791 1895 3854 Quam

181 3875 259 3932 abiit
272 3873 303 3931 in
317 3872 439 3930 oonsilio
454 3869 942 3946 impiorum,etinvispeccatorum
955 3890 1013 3929 non
1068 3869 1221 3926 continens
1236 3872 1299 3925 erat
1313 3869 1558 3942 parcimonia,qui
1570 3871 1668 3926 cibum
1686 3875 1740 3928 sibi
1757 3881 1893 3946 paratum

183 3962 280 4029 stetit,
297 3965 325 4017 et
338 3961 369 4016 in
394 3959 533 4018 cathedra
559 3959 730 4033 pestilentie
754 3976 813 4017 non
834 3961 912 4017 sedit
927 3961 1013 4035 (Pani.
1068 3975 1127 4015 non
1143 3958 1289 4032 expetivit,
1305 3958 1356 4013 sed
1372 3959 1479 4029 petenti
1500 3959 1582 4013 tratri
1597 3961 1660 4016 sinc
1675 3962 1895 4022 dilationecon-

182 4069 207 4120 1,
226 4049 344 4123 ltaliae
359 4049 511 4124 Scriptura
524 4047 790 4122 significante,eum
804 4050 924 4107 beatum
939 4066 1014 4121 esse,
1068 4047 1168 4116 cessit,
1184 4065 1201 4102 a
1215 4063 1273 4119 quo
1290 4046 1435 4119 primatus
1451 4047 1663 4105 benedictionis
1683 4052 1795 4123 accepit
1819 4051 1895 4124 (Gen.

183 4139 240 4214 qui
261 4155 293 4196 se
319 4155 336 4196 a
361 4139 540 4211 perfidorum
556 4138 703 4196 consortio
718 4140 892 4213 temperavit
906 4139 951 4213 (ea
971 4145 1015 4198 cst
1067 4153 1132 4204 ω,
1148 4136 1193 4206 30,
1214 4135 1275 4207 32l¹
1301 4135 1394 4199 Quam
1419 4136 1486 4208 pius
1510 4153 1579 4210 erga
1601 4144 1747 4210 parentes,
1764 4143 1797 4194 Ut
1821 4157 1896 4212 pr&-

182 4227 267 4286 enim
282 4228 417 4300 impietas
432 4230 580 4284 auctorem
596 4227 661 4284 vita
683 4230 711 4284 et
735 4231 885 4301 parentem
909 4244 1014 4302 quem·
1069 4225 1138 4282 scrri
1152 4242 1292 4298 germano
1307 4223 1415 4280 seniori
1440 4231 1573 4282 materno
1597 4228 1703 4283 affectu
1723 4233 1894 4300 mereretur,

182 4318 256 4373 dam
280 4316 386 4374 salutis
407 4333 465 4372 non
491 4331 708 4390 recognoscere,
724 4315 750 4372 si
772 4316 817 4373 vel
839 4316 870 4373 in
895 4322 1013 4390 peccato
1068 4319 1097 4372 at
1110 4319 1237 4387 paterne
1253 4313 1465 4370 benedictionis
1489 4331 1610 4370 munere
1639 4321 1803 4374 sacraretur
1818 4317 1895 4388 (Gen.

182 4404 340 4474 manserit,
355 4403 400 4460 vel
415 4405 446 4460 in
461 4403 578 4461 luxuria
592 4409 680 4477 atque
704 4402 821 4462 lascivis
845 4421 1014 4479 persevera·
1068 4419 1154 4468 xavn,
1170 4404 1187 4457 8
1202 4405 1230 4458 et
1244 4401 1305 4473 sot!
1323 4403 1416 4466 Quam
1432 4402 1597 4475 religiosus,
1614 4407 1648 4460 ut
1671 4407 1790 4462 tratrem
1815 4424 1896 4465 recu·

165 4493 261 4552 verit
284 4493 351 4566 (29),
370 4493 468 4565 ipsum
491 4509 607 4567 quoque
632 4493 663 4549 in
687 4491 750 4566 lege
770 4494 886 4550 Domini
911 4495 957 4552 die
981 4510 1014 4553 ac
1068 4494 1146 4547 soret
1160 4489 1278 4545 laedere!
1298 4489 1390 4553 Quam
1405 4491 1597 4557 verecundus,
1614 4497 1647 4547 nt
1671 4497 1787 4566 patrem
1811 4496 1896 4553 time·

182 4585 272 4639 nocte
301 4581 491 4639 meditantem
519 4582 579 4638 iere
607 4585 749 4655 tanquam
785 4581 900 4656 lignum
935 4585 1013 4657 quod
1050 4579 1112 4636 'ret
1128 4577 1240 4635 falleret
1258 4579 1351 4643 Quam
1367 4577 1556 4646 honorificus,
1574 4586 1606 4635 ut
1621 4583 1707 4638 matri
1725 4601 1782 4640 noo
1798 4588 1897 4658 posset

182 4671 269 4728 dabit
283 4670 412 4730 fructum
426 4670 601 4744 intempore
616 4687 670 4728 suo
686 4670 764 4743 (leid.
781 4673 798 4727 t
822 4676 851 4728 et
870 4671 899 4744 3)
923 4672 1014 4748 Supe·
1069 4669 1146 4741 quod
1158 4667 1327 4740 jubebatur,
1344 4669 1464 4739 negare!

183 4759 267 4817 rinna
280 4759 388 4818 merita
402 4763 472 4816 sunt
485 4757 743 4833 premiorum,hoc
758 4759 930 4817 meritorum
945 4778 1017 4834 pra·
1395 4756 1513 4812 CAPUT
1533 4757 1567 4813 ll.

183 4849 293 4905 mium,
1068 4830 1188 4885 haunt
1234 4831 1342 4882 crenus
1367 4827 1439 4883 tenti
1462 4829 1553 4899 laceb,
1586 4833 1611 4886 et
1643 4847 1738 4887 earum
1770 4831 1895 4902 coempto

224 4937 251 4992 3.
267 4935 341 5002 Quid
357 4937 462 4994 borum
478 4955 543 5010 que
570 4939 607 4995 ad
630 4937 804 4994 meritorum
823 4935 1016 4996 beatitudinis
1104 4915 1196 5042 me
1209 4915 1335 5038 Mafa}
1350 4899 1436 5026 ἀζὲῗ)
1450 4909 1582 5027 macta
1601 4918 1673 5027 iffi
1685 4917 1765 5027 fa'cffi
1785 4901 1895 5040 έξέἔὸῗ

182 5027 332 5099 spectant,
348 5025 557 5084 deluitsancto
575 5026 678 5095 Jacob,
703 5025 754 5098 qui
779 5029 895 5082 tantum
921 5026 1016 5084 abluit
1028 5049 1053 5114 D
1103 5058 1196 5113 qma
1222 5043 1356 5113 mysteria
1379 5042 1456 5098 iltius
1481 5042 1632 5098 emarcus,
1655 5045 1804 5109 contineat,
1830 5060 1894 5116 ape.

183 5115 226 5171 sb
240 5112 399 5188 impiorum
415 5114 582 5185 consortiis,
597 5117 631 5171 ut
654 5130 690 5172 ex
711 5129 745 5171 eo
768 5113 865 5171 tidelis
885 5114 1013 5189 populus
1105 5115 1152 5169 rit.

181 5217 296 5260 nomen
308 5202 462 5276 acciperet,
479 5201 568 5262 lsrael
590 5202 687 5260 dictus
698 5201 778 5275 (Gen.
796 5217 886 5272 xxxii,
909 5203 965 5276 28),
979 5219 1013 5261 eo
1104 5204 1131 5258 5.
1147 5201 1204 5258 Sed
1220 5218 1273 5258 nec
1287 5205 1423 5274 parentes
1436 5199 1521 5255 nobis
1536 5199 1698 5256 inexcusati
1711 5199 1894 5274 relinquendi

226 5342 426 5426 (29)1tamss.
442 5360 554 5413 omnes,
571 5342 629 5400 nisi
644 5343 721 5418 qaod
735 5341 840 5400 vocula
853 5343 879 5400 ai
893 5342 976 5399 abest
996 5361 1014 5400 a
1105 5343 1161 5415 (30)
1177 5343 1248 5398 Mas.
1264 5341 1384 5412 aliquot,
1404 5346 1453 5396 nat
1476 5341 1641 5411 irascerentur
1666 5344 1762 5412 pterea
1783 5361 1893 5415 saxoso,

182 5416 376 5490 qmbusdam.
393 5413 469 5473 neit.
485 5431 553 5473 vero
568 5414 668 5472 clausa
705 5413 851 5472 aranthesi
874 5418 940 5486 post
963 5430 1013 5470 vo·
1069 5417 1118 5471 cut
1132 5415 1261 5479 incultae,
1277 5416 1332 5468 etc.
1348 5411 1429 5466 Unus
1443 5413 1491 5465 out
1506 5410 1670 5481 infecundae
1684 5416 1796 5486 plureis,
1809 5433 1894 5474 sano·

181 5501 252 5546 cem
283 5502 480 5558 reccpaoaccre,
510 5433 730 5562 prosequunlbr
759 5487 815 5542 boe
847 5489 941 5558 pecto,
970 5486 1013 5543 oet
1069 5502 1126 5553 aaa,
1142 5483 1317 5554 etc.0mnes,
1334 5486 1511 5564 autempost
1526 5499 1623 5538 vocem
1637 5486 1893 5562 incatenaaddunt,

180 5563 227 5697 {il
239 5563 351 5636 penno
374 5574 430 5620 noc
450 5561 597 5638 moneat,
620 5559 662 5620 vet
666 5599 720 5623 .....
746 5573 802 5620 non
823 5571 1011 5636 perseverave-
1071 5552 1435 5634 etenimquodinedn.
1452 5553 1688 5636 contegebatur.
