4159 6184
256 271 321 334 803
994 262 1027 327 S.
1044 255 1233 328 subtusa
1879 269 1928 333 aas

259 401 418 461 dormisses
433 398 570 468 sortium,
586 397 615 454 id
630 401 676 455 est
689 396 801 455 Veteris
830 402 859 454 et
885 397 956 455 Novi
984 398 1085 456 Testa·
1101 401 1126 466 Α
1142 415 1209 454 eum
1223 396 1390 464 securitate,
1403 413 1491 469 quum
1507 393 1608 453 aliena
1622 395 1710 470 epulae
1725 397 1778 472 (21)
1788 404 1865 472 pasta
1877 418 1927 460 cun

258 489 360 556 menti,
383 505 442 545 uon
473 492 502 544 te
531 486 661 561 pecunia
691 487 836 560 cupiditas
859 485 890 542 iu
916 486 1084 559 uoraginem
1141 485 1444 558 sollicitudinetl’rou.
1474 503 1520 554 xv,
1546 486 1601 560 17).
1623 486 1684 542 Nou
1713 488 1833 560 oportuit
1854 487 1928 548 eliens

256 577 407 636 rteterrimi
423 576 531 633 tenoris
546 575 743 644 demersisset,
756 575 851 649 gratia
865 573 1006 648 spiritalis
1017 574 1085 630 fidei
1141 591 1280 648 querere.
1312 573 1421 631 Deinde
1456 573 1618 631 incideram
1652 575 1766 645 debita,
1798 577 1830 634 de
1874 580 1930 636 meis

254 665 677 739 tibidedissetargentum,et
701 663 875 738 inspeciem
900 663 1085 722 auridivinae
1139 663 1268 735 oportuit
1307 662 1437 718 lontibus
1477 663 1637 720 remedium
1689 681 1821 736 querere.
1863 667 1932 725 lirant

255 755 406 830 sapientias
431 753 614 812 institutione
637 753 803 810 formasset.
834 753 949 809 Etenim
974 752 1000 808 si
1030 769 1084 809 uos
1139 751 1218 809 domi
1260 768 1330 808 vasa
1364 751 1539 809 minutiora:
1584 751 1689 810 molius
1731 759 1790 809 erat
1829 755 1931 812 ministe

254 863 348 902 uuum
363 843 564 901 testimonium
582 841 686 897 diuina
701 841 857 912 Scripturas
874 840 1038 915 posuimus,
1056 843 1084 898 et
1139 839 1215 896 rium
1230 841 1342 910 deesse,
1362 857 1450 914 quam
1466 841 1585 898 cibum:
1602 841 1931 902 meliusvestemvenalsu

253 933 436 991 luxuriosum
453 930 527 986 illud
543 931 706 987 convivium
730 929 953 998 declinavimus,
981 930 1083 1003 utique
1137 945 1310 1004 proponere,
1326 946 1415 1003 quem
1431 927 1597 988 libertatem
1622 931 1765 988 addicere.
1792 931 1860 997 Quid
1884 949 1932 1005 pro

253 1019 593 1097 potuitetistesulvari,
609 1020 633 1075 si
648 1019 776 1076 oraculis
801 1019 970 1076 caelestibus
990 1019 1082 1076 iube·
1136 1017 1192 1072 luit
1206 1017 1282 1090 quod
1300 1017 1449 1090 publicare
1463 1022 1665 1092 paupertatem
1693 1035 1787 1076 meam
1818 1036 1932 1077 verecun-

253 1112 351 1169 sisset.
1137 1105 1224 1163 datus
1239 1123 1305 1163 sum
1318 1110 1329 1162 t
1343 1107 1416 1163 Eece
1430 1105 1507 1164 alius
1523 1105 1691 1181 publicavit.
1716 1108 1774 1182 Ego
1797 1107 1870 1165 nolui
1890 1125 1933 1166 uu·

291 1200 333 1256 te.
349 1199 541 1257 Revertamur
558 1202 658 1254 tamea
688 1197 724 1254 ad
754 1197 930 1267 conviumm,
960 1214 1019 1255 uon
1049 1200 1083 1253 ut
1135 1195 1322 1268 tritorcs(2t)
1352 1195 1487 1268 vendere,
1511 1213 1577 1253 ecee
1592 1195 1668 1253 alius
1679 1196 1832 1269 adjudicet.

251 1290 317 1362 ejus
332 1290 523 1363 degustemus
538 1287 649 1360 epulas,
662 1287 712 1344 sed
728 1286 948 1343 cavendasaliis
962 1287 1082 1342 demon·
1169 1287 1214 1340 22.
1245 1285 1315 1340 Sora
1338 1283 1400 1340 baec
1429 1285 1633 1353 consideratio,
1666 1285 1747 1342 'lunc
1776 1286 1864 1344 decuit
1887 1303 1933 1344 me-

251 1385 390 1436 stremus.
406 1380 551 1434 oneratur
569 1392 673 1432 measa
696 1376 859 1449 peregrinis
883 1380 912 1432 et
927 1374 1080 1448 exquisitis
1135 1372 1226 1429 tuisse
1236 1371 1305 1440 tuis,
1322 1389 1387 1429 eum
1405 1374 1551 1447 acciperes
1564 1372 1679 1430 aliena:
1695 1379 1765 1430 tuno
1783 1374 1871 1432 docuit
1883 1391 1933 1432 sue-

251 1467 343 1525 cibis:
360 1467 538 1524 adhibentur
549 1465 676 1521 nitentes
691 1464 830 1533 ministri,
857 1481 962 1537 magno
988 1463 1080 1538 empti
1134 1477 1260 1530 currere,
1277 1478 1343 1516 eum
1355 1459 1476 1518 uulnera
1496 1461 1591 1535 prime
1613 1467 1823 1537 proserperent.
1851 1462 1934 1520 Melius

250 1555 355 1631 pretio,
365 1560 486 1628 sumptu
500 1554 639 1626 pascendi
651 1553 771 1625 majori:
788 1553 901 1609 bibitur
911 1553 940 1608 in
951 1556 1078 1622 noctem,
1134 1549 1227 1606 luerat
1240 1551 1270 1606 in
1288 1549 1430 1622 principio
1441 1553 1561 1608 tenuere
1572 1556 1735 1624 sumptum,
1752 1555 1781 1609 et
1795 1553 1930 1609 neemsita·

250 1646 312 1703 dies
342 1644 473 1702 convivio
492 1642 649 1712 clauditur,
678 1640 810 1698 ebrietati
835 1641 941 1697 delicit.
977 1641 1079 1714 Surgit
1132 1641 1191 1694 tem
1207 1637 1295 1694 debiti
1312 1638 1352 1696 rei
1370 1638 1524 1696 familiaris
1539 1640 1687 1714 angustiis
1716 1639 1929 1714 alleuars,quau

249 1731 631 1805 illeviuipleaus,vacuus
659 1747 760 1803 opum,
785 1731 894 1785 dormit
910 1730 938 1785 in
969 1729 1077 1802 lucem,
1133 1726 1328 1784 utedboram
1354 1727 1464 1784 ditatus
1488 1727 1601 1798 alienis,
1633 1733 1735 1802 postes
1759 1730 1892 1786 exuereris
1911 1735 1932 1785 et

248 1821 374 1894 vigilans
398 1820 549 1877 somnium
573 1823 666 1891 putat.
695 1817 808 1874 Etenim
835 1822 869 1873 ut
896 1819 926 1873 iu
952 1817 1078 1875 somniis
1132 1815 1268 1888 propriis.

249 1909 437 1967 sibividstur
460 1908 558 1964 subito
587 1908 669 1963 dives
698 1924 732 1962 eu
758 1923 894 1979 paupere.
925 1906 1076 1963 nicetium
1464 1923 1579 1980 CAPUT
1591 1923 1637 1980 up,

249 2015 359 2072 egenus
375 2014 409 2054 ex
436 1997 535 2054 divite.
561 1999 633 2052 bum
658 1995 760 2052 deltait
794 1995 910 2051 interim
941 1995 1074 2067 pecunia,
1132 2013 1241 2080 Quam
1270 2013 1420 2076 mopianpp,
1446 2015 1613 2084 smmum,
1642 2017 1673 2068 „p
1704 2017 1824 2072 impp),
1847 2013 1930 2071 appla.

248 2085 518 2160 usurasupertluit;
534 2090 652 2158 tempus
663 2085 818 2150 minuitur,
830 2085 913 2140 tenus
928 2087 1054 2157 augetur
1070 2101 1077 2153 ;
1389 2091 1480 2141 cerates
1494 2083 1698 2157 depraedcatur.

248 2176 405 2234 thesaurus
421 2176 597 2244 exinanitur,
613 2191 677 2230 sors
689 2171 911 2230 accumulatur:
933 2172 1075 2246 paulatim
1165 2173 1210 2226 23.
1240 2173 1421 2229 Accusamus
1444 2173 1605 2230 debitorem
1636 2175 1715 2246 quud
1744 2171 1932 2246 imprudentius

248 2265 373 2322 convivo
401 2281 433 2320 se
461 2263 650 2328 subtrabunt,
686 2278 842 2334 sponsores
877 2262 1073 2318 conveniunt:
1131 2276 1161 2317 se
1175 2261 1318 2334 gesserit:
1348 2261 1601 2318 sedtamennibil
1626 2263 1756 2337 nequius
1781 2261 1931 2318 teuerstiori·

249 2353 497 2410 manutenerator
518 2352 615 2422 pulsat
638 2353 673 2407 ad
699 2352 818 2422 januas,
849 2351 983 2423 queritur
1011 2350 1075 2407 dies
1129 2348 1196 2417 bus,
1222 2347 1674 2421 quialiensdamnalucrasua
1702 2350 1888 2419 arbitrantur,
1911 2353 1932 2404 et

247 2441 385 2498 solutioni
397 2442 552 2498 transiisse
568 2441 762 2514 prescriptos,
773 2441 891 2511 injuriis
905 2439 1074 2512 vigilantem
1129 2436 1283 2510 dispendio
1309 2453 1363 2495 suo
1378 2438 1520 2511 deputant
1543 2439 1690 2512 quidquid
1706 2439 1743 2496 ab
1772 2437 1832 2496 aliis
1856 2437 1931 2510 possi·

246 2531 379 2587 adoritur
392 2530 464 2603 (teu
490 2531 519 2584 in
536 2531 649 2586 somnis
662 2529 857 2586 dormientem
876 2529 992 2585 excitat.
1009 2528 1074 2584 Non
1129 2525 1223 2581 detur.
1240 2527 1430 2599 Aarcupaatur
1445 2526 1575 2583 heredes
1598 2543 1701 2596 novos,
1729 2525 1931 2585 adolescentulos

248 2619 475 2693 noctesquetiu.
492 2637 549 2674 non
575 2620 638 2675 dies
665 2618 764 2675 erraris
789 2622 843 2687 est,
869 2634 926 2673 nou
956 2616 1000 2672 sol
1023 2619 1073 2688 ju·
1129 2613 1232 2670 divites
1254 2619 1405 2688 explorant
1420 2632 1471 2689 per
1485 2633 1566 2686 suos,
1584 2614 1932 2691 adjunguntso,simulaa·

246 2710 372 2766 orandus.
387 2708 586 2765 Detrahuntur
608 2706 749 2780 paulatim
766 2707 910 2764 deauratus
926 2721 959 2762 ae
974 2706 1073 2762 sericae
1129 2707 1172 2759 tes
1188 2707 1338 2775 palernam
1353 2709 1382 2761 et
1397 2706 1502 2761 avitam
1528 2705 1704 2774 amicitiam,
1729 2705 1827 2763 volunt
1851 2705 1930 2761 dorna·

245 2803 351 2863 vestes,
381 2801 551 2852 etvenaunt
570 2796 694 2852 dimidio
719 2795 853 2852 minoris.
893 2794 977 2850 Ponit
1005 2809 1073 2850 cum
1128 2791 1216 2849 stioas
1240 2809 1340 2850 eorum
1367 2809 1541 2868 cognoscere
1583 2797 1785 2853 necessitates.
1813 2794 1931 2867 Siquam

245 2885 384 2959 lacrymis
398 2889 572 2941 ornamenta
585 2883 659 2941 W
677 2885 783 2958 conjux
794 2885 856 2956 jam
871 2882 993 2952 tristior,
1008 2898 1073 2940 em·
1128 2897 1247 2938 causam
1276 2882 1448 2952 invenerint,
1482 2888 1621 2940 accusant
1650 2884 1861 2950 verecundiam,
1887 2898 1930 2954 pu·

246 2978 296 3048 pta
326 2973 435 3048 carius,
464 2973 608 3029 vendente
635 2972 733 3030 vilius.
769 2973 798 3030 lu
828 2972 962 3028 auctions
990 2973 1073 3045 pueri
1128 2971 1381 3045 doromarguunt,
1406 2973 1484 3044 quod
1510 2989 1567 3029 nou
1584 2977 1652 3030 ante
1677 2975 1714 3032 de
1741 2991 1772 3031 se
1803 2975 1928 3046 speratum

245 3063 584 3120 constituuutarmcnsas
600 3061 738 3126 ministri,
762 3060 1072 3133 etmalcassuoti(20)
1129 3059 1618 3141 tueritetqucpraesumptum-Sin
1638 3061 1930 3132 raronuttostsqueos
2003 3057 2004 3060 ’

245 3156 408 3225 emptorem
434 3155 576 3207 auertunt.
605 3150 731 3206 Oilertur
766 3150 890 3223 pecunia
918 3149 1071 3206 creditori:
1088 3135 1109 3202 C
1129 3147 1253 3222 alicujus
1269 3150 1451 3206 necessitatis
1466 3150 1650 3220 attenderint,
1670 3153 1803 3209 intexunt
1825 3148 1929 3212 tubulas,

244 3240 312 3309 Vix,
326 3241 433 3313 inquit,
450 3239 511 3295 huc
526 3239 611 3296 solvit
627 3255 758 3306 usuram,
779 3243 867 3311 eaput
880 3239 979 3294 debes.
1127 3237 1211 3294 siunt
1225 3237 1322 3294 nobile
1338 3237 1479 3311 predium
1495 3239 1928 3315 essereuule,smplumdomun:

281 3329 325 3385 20.
348 3329 433 3384 Redit
460 3327 601 3383 exhausta
619 3326 794 3400 patrimonio
815 3326 918 3400 capitis
933 3343 1018 3393 rcus;
1044 3330 1073 3383 et
1126 3325 1318 3383 accumulant
1338 3327 1671 3398 proventuslructuum,
1696 3345 1809 3386 annuos
1838 3326 1929 3383 reditus

246 3417 405 3474 imminuto
421 3417 529 3479 tenore,
546 3415 651 3488 accipit
674 3415 813 3473 inducias
839 3416 983 3472 tristiores
1011 3415 1071 3471 bel·
1126 3419 1310 3489 exaggerant,
1327 3414 1532 3472 hortanturut
1559 3422 1706 3474 coement.
1738 3416 1870 3476 Similiter
1897 3413 1929 3468 ta·

245 3505 321 3574 licis,
337 3504 421 3577 quasi
434 3508 501 3577 post
516 3504 638 3561 biduum
655 3504 851 3577 probaturus.
869 3503 1071 3562 tubettoenim
1126 3503 1209 3560 ciunt
1222 3503 1367 3577 pretiosas
1381 3508 1490 3578 vestes,
1513 3510 1542 3562 et
1556 3505 1692 3564 mouillia
1715 3505 1822 3562 nobilia
1846 3501 1929 3576 predi·

245 3595 359 3650 ineerta
383 3593 516 3659 uictoria,
532 3592 579 3648 bie
593 3597 671 3649 certa
685 3593 802 3665 inopia:
829 3593 888 3649 illic
916 3611 949 3650 ss
972 3593 1072 3667 clypeo
1126 3595 1236 3649 cautes.
1252 3592 1364 3664 Negant
1390 3609 1421 3647 se
1449 3592 1556 3650 babere
1589 3595 1758 3666 pecuniam,
1775 3593 1845 3652 808
1869 3593 1930 3662 iuge

243 3683 325 3758 tegit,
342 3682 391 3739 bio
407 3682 506 3738 nudus
521 3683 666 3739 occurrit:
698 3681 758 3738 illic
785 3682 876 3738 lorica
903 3686 1005 3755 pectus
1026 3683 1072 3737 in·
1126 3685 1195 3738 runt
1218 3697 1303 3737 suam
1325 3681 1472 3738 dieentes:
1497 3680 1583 3740 Utere
1603 3691 1634 3739 ut
1655 3689 1726 3741 tus:
1752 3683 1785 3740 de
1811 3679 1930 3738 lruelibas

245 3770 503 3841 cludit,bietotus
526 3787 640 3828 carcere
668 3769 848 3828 includitur:
878 3770 938 3826 illio
966 3788 1072 3828 manus
1128 3773 1231 3843 emptu
1248 3771 1444 3842 possessionis
1459 3771 1586 3844 pretium
1603 3768 1930 3846 multiplicabis,debitan

243 3861 310 3918 telis
324 3865 436 3924 onerat,
454 3864 549 3916 armat
563 3859 688 3932 sagittis,
706 3859 755 3916 hic
769 3877 824 3916 aere
851 3876 960 3916 vacuas
987 3859 1073 3916 otlert
1127 3859 1241 3916 reddes.
1441 3913 1447 3938 ,

243 3949 369 4006 vinculis
398 3947 571 4020 alligandas.
597 3948 720 4004 Ducitur
747 3948 922 4021 plerumque
949 3953 1073 4021 uterque
1161 3949 1206 4004 24.
1223 3946 1411 4006 Praetendunt
1428 3947 1540 4006 alienos
1569 3949 1678 4008 landos
1706 3945 1883 4012 adolescenti,
1907 3945 1931 3999 ut

244 4039 376 4112 captivus
392 4056 399 4095 ι
416 4036 466 4094 ille
484 4037 572 4094 habet
586 4053 672 4110 quem
689 4041 806 4094 accuset
819 4039 975 4094 aduersum
1003 4037 1073 4094 belli
1126 4052 1194 4094 eum
1210 4036 1273 4093 suis
1288 4037 1468 4111 exspolient:
1489 4039 1615 4096 tendunt
1629 4041 1715 4112 retis,
1731 4037 1816 4097 simul
1829 4041 1857 4093 ut
1868 4033 1931 4090 lada-

245 4132 392 4194 ereutum,
409 4126 456 4183 bic
471 4131 575 4199 preter
601 4141 633 4182 se
649 4141 736 4199 quem
753 4131 879 4193 accuset,
896 4143 953 4183 nou
973 4126 1071 4183 habet.
1127 4126 1194 4200 gine
1209 4126 1304 4182 cineta
1319 4127 1413 4201 spatia
1429 4127 1515 4184 tuerit
1530 4128 1693 4202 ingressus,
1720 4129 1826 4202 coguut
1839 4138 1895 4181 eum
1908 4117 1929 4174 iu

246 4215 386 4272 Nihil-ost
400 4213 615 4271 intolerabilius
632 4214 686 4270 bac
700 4214 830 4282 miseria,
856 4232 919 4288 qua
941 4213 1074 4271 excusari
1128 4215 1199 4272 retia
1209 4215 1517 4290 cautionum,luqueos
1528 4234 1702 4287 usurarum;
1714 4207 1927 4291 petuutobligari

248 4321 306 4360 nou
333 4309 438 4377 potest.
469 4304 594 4360 Acerbat
621 4304 802 4361 conscientia
838 4305 954 4377 pondus
994 4305 1073 4377 inju-
1128 4303 1236 4362 avitum
1268 4306 1434 4377 pretorium
1464 4306 1531 4379 (23).
1560 4311 1716 4379 paternum
1758 4301 1928 4379 sepulerum:

246 4390 304 4446 riae.
1128 4393 1321 4466 prostituitur
1336 4394 1398 4452 dies
1412 4395 1562 4463 solutioni,
1579 4387 1929 4454 dissimulaturoonventia

279 4483 325 4534 21.
341 4479 422 4536 'lune
437 4497 536 4536 secum
552 4485 678 4555 reputat,
694 4484 763 4538 tuae
783 4481 950 4555 Scripturas
975 4499 1073 4539 recor-
1089 4501 1112 4566 p
1128 4483 1244 4554 quaudo
1259 4486 1354 4556 potest
1369 4483 1475 4540 solutio
1486 4485 1624 4542 sustineri
1640 4503 1647 4552 ;
1665 4485 1714 4541 ubi
1731 4483 1803 4542 satis
1816 4487 1929 4538 securum

245 4571 344 4635 datur,
360 4571 429 4624 tune
444 4569 730 4626 dicit:Nounemihi
748 4569 959 4644 scriptumest:
978 4571 1073 4629 «Bibe
1127 4570 1316 4638 reddiderint,
1345 4577 1463 4646 repente
1487 4574 1640 4648 ingruunt,
1672 4579 1702 4630 et
1726 4574 1833 4630 instant
1859 4564 1930 4622 vehe-

245 4657 475 4733 aquamdetuis
490 4657 580 4724 vasis,
595 4659 673 4713 etde
689 4663 807 4714 tuorum
832 4664 987 4732 puteorum
1009 4660 1072 4715 fon·
1128 4659 1265 4727 mentius,
1282 4661 1415 4716 causanti
1430 4661 1606 4718 incumbunt
1630 4661 1773 4719 dicentes:
1796 4659 1835 4716 Tu
1857 4648 1930 4728 posti·

245 4747 431 4820 tibus-(Pron.
450 4763 478 4811 v,
495 4746 550 4818 15).
567 4768 581 4796 u
597 4746 669 4810 Quid
687 4745 760 4800 mihi
774 4763 842 4803 cam
858 4753 945 4820 puteo
961 4749 1073 4818 teneram
1126 4748 1177 4804 des
1192 4753 1243 4804 tua
1258 4749 1442 4821 praetorios
1457 4754 1592 4806 uestrum
1608 4751 1764 4823 pecuniam
1790 4761 1843 4804 nou
1856 4741 1928 4798 babe-

245 4839 328 4909 toris,
344 4836 395 4893 ubi
411 4841 441 4892 et
451 4851 527 4907 aqua
541 4833 722 4889 includitur?
737 4833 879 4891 Saeviora
893 4841 976 4893 crant
994 4836 1073 4894 olera
1127 4853 1212 4893 mus:
1229 4853 1333 4892 surum
1349 4837 1495 4907 dedimus,
1510 4837 1625 4912 lignum
1646 4843 1781 4896 tenemus
1806 4831 1873 4909 llll:
1887 4823 1929 4881 llll

280 5016 337 5087 (19)
361 5015 426 5072 Era.
450 5019 478 5070 et
505 5013 574 5069 edit.
606 5027 681 5095 sem,
702 5011 811 5094 jurgiis
835 5015 1072 5086 uigilantemado·
1127 5011 1572 5086 subintelligendumdomicilio,
1591 5017 1635 5074 uel
1660 5017 1791 5073 conuiuio.
1899 5074 1904 5085 ‚

244 5089 327 5142 ritur.
344 5086 462 5143 Amerb.
479 5101 546 5140 eum
563 5101 647 5153 mss,
664 5088 848 5153 reparassem.
1163 5085 1219 5156 (22)
1234 5086 1387 5142 Nutritores
1406 5087 1495 5158 servi,
1524 5088 1608 5162 queis
1633 5089 1789 5145 liberorum
1813 5077 1925 5139 commal-

281 5157 336 5229 (ἳο)
359 5157 428 5213 ldala
449 5156 560 5219 assucti,
586 5156 640 5211 boc
665 5161 720 5221 est,
741 5171 798 5210 nou
827 5155 921 5212 edocti
945 5174 962 5212 s
989 5175 1073 5214 man·
1127 5155 1245 5213 sebatur
1258 5156 1401 5214 educatio.

208 5255 216 5268 ·
246 5243 330 5351 gurpa,
347 5235 503 5313 quopaato
531 5231 700 5352 ε’[ιηηοῖςῐῐ]Ι
713 5225 829 5282 allicere
855 5227 1073 5312 debeantquel
1163 5229 1219 5300 (2³)
1234 5229 1400 5312 l'raelariupn
1416 5228 1544 5312 hoc-loco
1558 5231 1685 5287 sumitur
1699 5246 1755 5311 raon
1777 5220 1925 5350 Pmatdomrg

246 5299 582 5450 iieti'ii‘ii'tliiil
605 5300 640 5354 ⁶⁰
653 5313 727 5367 ¹⁰''⁸‘
751 5315 809 5354 ¹¹⁰⁰
834 5303 930 5354 ΝΜ
952 5300 1073 5357 aaa.
1127 5303 1853 5445 tittttttttttttttelttd‘ttttai„
1879 5305 1924 5414 t„

292 5439 476 5508 2llltaedrt.
500 5447 578 5506 Am„
617 5445 645 5496 et
670 5440 755 5497 Rom.
786 5456 853 5496 eum
878 5441 974 5497 tribus
998 5458 1070 5498 mss.
1128 5441 1249 5498 semela
1273 5441 1423 5498 ud‘litum
1436 5443 1717 5502 Liviuminucnitur.
1900 5497 1905 5508 ,

246 5508 314 5577 uit,
331 5525 397 5566 curu
413 5511 828 5586 attistotidsmqaamatieao
839 5529 917 5571 aeree
936 5514 1071 5578 aatoe,ete.
1163 5513 1220 5598 (2))
1261 5518 1363 5582 uuest,
1387 5513 1499 5588 ligneas
1518 5516 1634 5576 tabulas
1660 5531 1726 5574 cera
1752 5509 1922 5572 obdurtmw

245 5582 361 5649 Thusu-
377 5579 469 5656 ootus,
492 5599 574 5662 quan
590 5583 683 5642 alieno
699 5583 801 5660 epatu,
829 5589 884 5649 cte.
915 5531 969 5646 flu
998 5585 1073 5648 torte
1128 5585 1236 5662 qulbus
1251 5585 1361 5646 isauris
1375 5585 1473 5658 cautio
1487 5587 1576 5648 scrlbt
1592 5587 1711 5649 solebat.
