4159 6184
260 307 319 368 tsi
991 309 1023 370 S.
1046 303 1235 372 Auuuostt
1878 318 1923 380 itt

262 439 328 502 Qum
343 435 422 492 enim
437 439 547 509 peccet,
565 437 699 505 moritur,
714 455 771 494 non
794 438 894 511 utique
917 438 1017 512 aliqua
1036 441 1081 496 sui
1098 440 1231 508 Amulio
1246 442 1342 516 magis
1355 443 1464 500 anima.
1488 443 1517 500 Si
1542 443 1642 500 enims
1663 441 1692 499 in
1715 460 1797 501 manu
1818 445 1861 502 uei
1880 454 1923 518 est,

260 523 463 594 dissolutione,
489 527 539 582 sed
566 527 669 583 merito
692 526 817 583 moritur
840 528 909 598 Deo,
925 529 994 602 quia
1014 529 1084 585 vivit
1137 547 1195 585 non
1212 531 1312 603 utique
1327 533 1426 588 anima
1441 537 1542 589 nostre
1554 530 1686 604 sepulcro
1701 532 1785 588 simul
1798 550 1856 592 oum
1877 554 1925 594 cor

259 617 389 687 peccato.
405 614 480 688 Ergo
495 632 559 688 qum
574 632 631 672 non
648 622 756 688 peccat,
774 633 832 672 non
852 617 990 686 moritum
1014 618 1084 689 quia
1138 636 1206 691 pore
1222 620 1393 687 includitur,
1409 638 1462 678 nec
1477 623 1564 678 busto
1579 625 1694 677 tenetur
1709 639 1716 676 :
1732 622 1780 677 scd
1795 623 1878 695 quieta
1889 627 1926 698 pia

260 706 360 760 manet
373 703 403 760 in
419 705 585 761 substantie
598 705 757 770 sui,menct
770 705 801 761 in
816 706 921 762 virtuto
937 711 964 762 et
979 706 1081 780 gloria.
1139 708 1278 780 turpior.
1295 710 1329 764 Et
1344 710 1409 766 ideo
1423 710 1558 767 hornines
1571 711 1679 765 trustra
1692 711 1812 782 pretiosa
1831 717 1929 770 struunt

295 793 340 850 42.
357 793 589 867 Namquomodo
617 795 782 850 substantia
805 796 870 866 ejus
893 795 1011 851 interire
1035 813 1083 867 po-

260 883 328 949 test,
345 897 412 937 oum
427 881 529 953 utique
551 881 650 938 anime
674 882 713 938 sit
733 899 799 956 qum
823 884 913 939 vitam
929 883 1084 940 infundit?

261 969 297 1026 Iit
320 969 367 1026 oui
391 969 491 1026 enimn
513 968 690 1039 infunditur,
704 971 764 1028 vita
786 971 975 1028 infunditur:
993 989 1083 1046 aquo

261 1058 361 1114 anime
375 1057 509 1126 discedit,
524 1058 584 1115 vita
597 1059 730 1115 discedit.
746 1059 851 1115 Anima
865 1076 933 1132 ergo
948 1060 1006 1115 vita
1027 1066 1082 1117 ost.

261 1146 412 1213 Quomodo
434 1146 513 1204 enim
536 1150 633 1221 potest
655 1153 778 1204 mortem
802 1149 939 1221 recipere,
954 1165 1021 1205 cum
1046 1149 1085 1205 sit

261 1235 424 1294 contraria?
442 1236 524 1292 Siout
548 1237 627 1293 enim
655 1237 704 1293 nix
729 1237 855 1293 calorem
885 1254 942 1294 non
969 1237 1083 1310 recipit,

261 1325 336 1384 11⁰!
354 1340 423 1380 nam
438 1325 538 1382 stetim
553 1325 675 1381 solvitur
690 1342 698 1381 r
714 1329 746 1381 et·
757 1325 807 1381 lux
822 1343 878 1382 non
891 1325 992 1398 recipit
1006 1332 1085 1382 tene·

260 1415 341 1480 bras,
358 1429 426 1471 nam
450 1413 551 1470 statim
576 1414 696 1470 discutit
722 1415 831 1486 (inluso
855 1415 932 1470 enim
961 1413 1084 1483 lumine,

261 1503 448 1572 tenebrarum
473 1501 577 1559 horror
604 1502 744 1570 aufertur,
768 1504 845 1560 sicut
868 1505 985 1560 admoto
1006 1504 1084 1576 igne,

1138 795 1282 868 sepulcra,
1299 798 1384 870 quasi
1399 815 1438 855 eie
1453 799 1569 868 animm,
1585 803 1614 855 et
1632 814 1689 855 non
1713 797 1800 856 solius
1822 803 1928 874 corporis

1137 885 1322 958 receptacula
1336 887 1406 943 sint.

1173 975 1221 1031 ts.
1241 975 1414 1032 Animarum
1429 981 1528 1033 autem
1543 975 1695 1049 superiora
1708 993 1770 1033 esso
1787 975 1930 1035 natiucuu

1138 1064 1293 1136 Scriptura
1308 1065 1485 1122 testimoniis
1499 1065 1583 1122 vulda
1599 1065 1749 1136 probetur.
1764 1064 1899 1136 Siquidem
1909 1072 1932 1122 et

1138 1153 1167 1207 in
1182 1153 1277 1209 Esdrae
1292 1153 1376 1210 libris
1391 1153 1518 1226 legimus
1535 1171 1542 1209 ε
1559 1153 1631 1223 Quia
1653 1169 1714 1209 curu
1735 1154 1834 1208 ceruit
1849 1153 1932 1224 iuduii

1137 1241 1204 1308 dies,
1230 1241 1321 1298 reddet
1349 1251 1425 1297 terro
1451 1243 1641 1313 desumtorum
1665 1255 1784 1312 corporo,
1813 1244 1836 1296 ct
1859 1242 1932 1312 puluis

1138 1330 1228 1385 reddet
1256 1346 1302 1386 cce
1326 1346 1387 1402 quac
1416 1333 1447 1386 iu
1477 1331 1593 1385 tumulis
1620 1329 1800 1402 requiescunt,
1824 1329 1934 1400 reliquiar

1138 1423 1321 1474 ruorlucrmn.
1338 1419 1370 1474 dt
1392 1419 1561 1486 habitaculo,
1586 1419 1694 1490 inquit,
1719 1417 1827 1473 reddent
1845 1420 1934 1473 errimus

1138 1523 1201 1579 pua
1215 1509 1257 1563 ius
1272 1507 1463 1564 coerrrueudorae
1477 1511 1552 1577 suut,
1576 1516 1602 1562 et
1625 1506 1791 1562 receutdur
1803 1505 1935 1561 sumimur

262 1593 373 1650 nivium
402 1592 481 1662 riser
506 1591 634 1664 desinit),
666 1591 706 1647 ita
730 1593 879 1648 stenima
903 1607 966 1664 quae
994 1591 1085 1647 vitam
1138 1615 1221 1668 super
1248 1598 1336 1652 sedem
1357 1596 1461 1669 judicii
1487 1599 1535 1667 (Ν
1560 1595 1662 1665 neure,
1690 1611 1739 1664 vu,
1763 1595 1806 1662 32,
1826 1595 1875 1665 3³).
1897 1593 1934 1648 ile

261 1687 350 1748 ercet,
366 1685 491 1738 morum
506 1697 564 1737 non
579 1680 692 1752 recipit,
717 1685 746 1736 ct
774 1697 829 1736 non
855 1681 981 1737 moritur
1001 1681 1058 1752 (28)
1076 1698 1082 1737 τ
1139 1691 1209 1742 sunt
1223 1686 1417 1742 nuntiationes
1433 1686 1468 1741 de
1483 1684 1591 1757 quihus
1606 1683 1678 1739 dicit
1693 1680 1936 1749 nominassemus

261 1773 361 1828 anime
375 1773 473 1829 autom
489 1773 612 1826 mortem
628 1769 820 1842 nonrecipit:
837 1759 1014 1842 enimacrgo
1026 1787 1083 1826 non
1102 1775 1309 1874 Bmansiones
1334 1791 1399 1830 esse
1422 1775 1500 1846 apud
1526 1774 1640 1829 Patrem
1666 1788 1765 1839 suum,
1789 1787 1857 1843 ques
1877 1771 1934 1838 suis,

262 1859 395 1919 moritur.
1141 1881 1267 1937 pergens
1290 1865 1326 1919 sd
1342 1863 1469 1931 Patrem,
1494 1860 1646 1934 discipulis
1671 1863 1841 1933 prepararet
1862 1859 1936 1930 [locu.

590 1947 705 2003 CAPUT
725 1947 757 2001 X.

261 2024 405 2095 Scriptura
420 2035 524 2094 quoque
536 2020 699 2076 aniciorum
714 2019 908 2075 immortalitas
932 2019 1086 2090 protritum

298 2089 514 2150 ncuwueisdcm
527 2091 670 2162 superiore
682 2090 839 2146 leutitecuiu
866 2092 1048 2159 cseiqruucur
1075 2109 1085 2145 :

297 2163 347 2220 uli
362 2171 387 2218 et
409 2151 564 2235 exploditur
582 2160 804 2234 philosophorum
827 2161 1064 2232 meterupspclmsie
1074 2179 1086 2224 ,·

298 2250 331 2290 cc
344 2233 441 2290 dende
456 2233 567 2304 querele
581 2233 613 2288 de
623 2233 760 2305 justorum
774 2232 861 2288 diluto
875 2234 995 2288 mercede
1004 2233 1087 2289 riiiui-

298 2310 355 2362 tur.

298 2395 342 2453 l3.
360 2394 507 2450 Habemus
522 2409 590 2466 ergo
605 2394 759 2461 rationem,
776 2393 827 2448 sed
854 2393 913 2448 haee
929 2392 1060 2448 humana
1076 2411 1083 2449 ε

262 2483 335 2542 illud
363 2483 505 2550 divinum,
536 2482 612 2554 quod
642 2481 683 2537 sit
714 2481 854 2538 llominus
883 2497 890 2536 ε
926 2483 1086 2537 Poteetoiem

262 2573 346 2630 hoico
358 2572 480 2645 portendi
494 2573 617 2626 euticem
641 2586 746 2636 ruem,-
769 2575 796 2627 et
819 2573 981 2643 potestatem
1000 2571 1085 2626 halec

261 2663 362 2720 iterum
374 2661 505 2718 sumendi
518 2677 579 2716 eom
594 2663 682 2731 [locu.
698 2677 726 2726 x,
737 2659 791 2732 l8).
808 2659 897 2715 Vides
910 2660 1001 2733 igitur
1016 2659 1086 2731 quia

262 2767 320 2809 nou
349 2751 474 2806 moritur
502 2765 568 2806 eum
602 2763 732 2820 corpore,
762 2763 825 2819 que
853 2751 883 2804 et
911 2747 1029 2820 ponitur
1057 2753 1086 2805 et

261 2837 433 2906 resumitur,
448 2843 477 2895 ct
491 2838 521 2893 in
536 2853 643 2892 manus
668 2835 717 2892 ilci
740 2835 834 2892 Petris
849 2835 1082 2892 commendetur.

262 2927 318 2986 Sed
334 2924 407 2982 forte
422 2925 504 2981 dices
514 2923 639 2996 speciale
654 2938 719 2979 esee
734 2923 811 2994 quod
828 2922 935 2979 Christi
952 2927 997 2979 cst
1016 2923 1083 2996 (29),

260 3019 290 3074 et
315 3013 451 3086 quamvis
480 3012 529 3068 illc
563 3027 627 3083 qua
655 3014 725 3068 sunt
753 3011 881 3067 hominis
911 3013 1083 3084 susceperit,

261 3106 360 3159 temen
376 3101 446 3174 quie
461 3100 581 3157 ulterius
595 3103 640 3155 est
654 3115 749 3155 cause
765 3105 795 3156 et
809 3100 887 3156 istud
904 3105 1084 3168 astruemus

1140 1969 1198 2020 mv,
1214 1953 1251 2023 2).
1268 1952 1324 2007 Sed
1347 1952 1440 2008 nadre
1463 1965 1534 2007 usus
1555 1966 1622 2006 sum
1642 1947 1770 2020 scriptis,
1797 1951 1829 2002 ut
1848 1962 1937 2018 cogno·

1141 2049 1224 2098 scunt
1237 2040 1370 2113 gentiles,
1386 2057 1420 2095 en
1435 2057 1499 2112 qum
1520 2039 1550 2094 in
1563 2037 1757 2110 Philosophiae
1778 2034 1856 2091 libris
1875 2033 1936 2091 dud

1141 2132 1295 2197 mirantur,
1312 2129 1454 2184 trmmlete
1468 2131 1503 2184 dc
1518 2128 1637 2184 nostris.
1654 2130 1750 2198 Atque
1768 2125 1871 2182 utinum
1891 2140 1936 2183 uon

1140 2219 1288 2293 superilua
1302 2218 1349 2274 his
1363 2224 1392 2274 et
1408 2218 1523 2273 inutilia
1546 2216 1738 2272 miscuissent
1754 2231 1761 2271 ε
1780 2219 1811 2270 ut
1832 2214 1938 2269 dicerent

1140 2309 1254 2364 animas
1271 2307 1423 2363 hominum
1440 2305 1550 2377 puriter
1568 2321 1601 2360 ac
1616 2304 1779 2361 bestiarum
1798 2319 1857 2358 esse
1874 2317 1937 2356 com·

1140 2415 1255 2461 munes,
1269 2411 1429 2467 eurumque
1444 2410 1596 2450 summurn
1612 2393 1779 2466 praemium,
1796 2390 1818 2447 si
1839 2405 1938 2462 mugno-

1140 2502 1205 2541 rum
1221 2485 1461 2558 philosophorum
1488 2484 1592 2539 anime
1616 2483 1646 2537 in
1676 2498 1746 2555 apos
1769 2485 1818 2536 eut
1836 2477 1938 2534 lucinius

1140 2575 1351 2646 demigrarent;
1370 2578 1401 2627 ut
1415 2573 1466 2643 qui
1479 2576 1547 2628 anie
1559 2571 1717 2627 hominum
1729 2585 1819 2643 genus
1828 2579 1939 2623 sermone

1139 2665 1408 2737 pavissent,postoa
1423 2660 1519 2717 mellis
1534 2659 1701 2728 dulcedine,
1718 2661 1769 2717 aut
1782 2662 1876 2714 cantus
1888 2670 1939 2710 sue·

1140 2751 1227 2808 vitate
1243 2749 1413 2807 rnulcerent.
1431 2749 1509 2806 Satis
1524 2749 1619 2804 iuerat
1633 2747 1746 2803 dixisse
1760 2745 1816 2801 illis
1829 2742 1896 2816 quod
1910 2740 1939 2795 li·

1138 2841 1244 2897 beratae
1259 2839 1363 2896 animm
1378 2839 1413 2893 de
1428 2837 1599 2909 corporibus
1615 2843 1690 2904 αἰδην
1707 2837 1842 2908 peterent,
1855 2832 1880 2887 id
1896 2834 1938 2894 est,

1138 2929 1235 2986 locum
1250 2926 1301 3001 qui
1316 2945 1374 2984 non
1389 2927 1637 2997 videretur,quem
1654 2923 1754 2982 locum
1769 2917 1939 2979 Lutineinicr

1139 3035 1211 3074 num
1226 3017 1362 3073 dicimus.

1174 3107 1218 3162 id.
1245 3107 1375 3177 Denique
1398 3108 1426 3160 et
1449 3103 1598 3177 Scriptura
1618 3102 1755 3175 hubitula
1781 3100 1829 3156 illa
1850 3097 1940 3154 unimu-

261 3195 380 3264 lompus
395 3188 610 3257 teramus,audi
625 3188 770 3244 dicentem
787 3205 793 3244 :
811 3189 882 3257 Quid
895 3191 947 3244 scir
959 3177 1121 3247 unnodeC
1139 3213 1205 3251 rum
1221 3193 1421 3267 promptuaria
1435 3192 1615 3264 nuncuparit
1641 3194 1691 3265 (lll
1715 3190 1791 3248 tiedr.
1817 3205 1863 3258 vn,
1884 3185 1939 3254 3²l²

262 3281 313 3338 hoc
326 3298 343 3337 a
358 3289 384 3337 tc
396 3285 444 3336 luo
456 3281 555 3335 crima
570 3280 726 3350 reposcatur
741 3277 816 3349 (Luce.
836 3294 887 3348 xn,
903 3279 970 3350 tm?
994 3282 1084 3334 Num-

262 3369 334 3442 quid
348 3369 421 3424 dixit
436 3385 443 3426 :
459 3367 600 3424 Morietur
624 3367 654 3422 in
678 3369 706 3421 te
731 3366 829 3422 anima
843 3367 914 3423 tua?
925 3367 1006 3436 Non;
1023 3369 1085 3430 scd,

264 3460 497 3531 reposceturote.
524 3455 684 3527 Ouaeldata
706 3458 761 3522 ost,
777 3457 945 3528 reposcitur,
972 3456 1016 3513 rel
1040 3474 1086 3514 re·

261 3550 360 3620 petunt
373 3563 391 3603 o
403 3555 438 3603 tc.
450 3545 601 3619 Repetitur
615 3544 692 3601 enirn
708 3544 878 3624 unimumon
895 3545 1084 3604 interimitur.

264 3639 331 3704 One
347 3636 497 3706 repetitur,
514 3636 614 3692 uranei
629 3650 636 3689 ε
652 3650 716 3707 que
732 3633 919 3701 interimitur,
939 3651 997 3690 non
1022 3651 1084 3690 mo-

263 3729 325 3783 uet.
346 3723 495 3791 Quomodo
513 3723 592 3780 enim
615 3722 803 3790 interimitur,
820 3723 856 3778 de
871 3739 929 3795 qus
944 3724 1017 3780 dixit
1032 3725 1084 3780 Sa-

261 3813 371 3888 pientia
385 3813 446 3882 Dei,
462 3828 521 3870 non
535 3811 699 3868 timendum
714 3828 892 3884 quemquam
914 3813 964 3884 qui
991 3818 1086 3884 polest

260 3919 367 3977 corpus
382 3903 523 3968 occidere,
539 3901 668 3958 animam
684 3906 781 3956 autem
794 3917 852 3956 non
868 3905 963 3972 potest
977 3903 1081 3972 (liniti.

258 4011 286 4061 x,
301 3993 369 4065 28)i
384 3993 424 4048 lle
439 4009 498 4064 qus
512 3991 583 4046 dicit
597 3989 741 4062 Propheta
757 4005 763 4043 :
780 3991 878 4044 Animo
893 4005 954 4045 mec
970 3993 999 4045 in
1021 4008 1083 4047 mc·

1141 3301 1204 3356 que
1217 3299 1373 3340 occurrens
1388 3281 1512 3355 querela
1528 3281 1679 3342 hunuanus,
1689 3297 1723 3336 eo
1738 3278 1813 3352 quod
1823 3275 1891 3348 Jueti
1901 3272 1941 3344 qui

1140 3375 1359 3446 precesserunt,
1378 3370 1544 3426 ¹uideuatur
1567 3385 1666 3442 usque
1691 3369 1727 3425 ad
1747 3365 1847 3441 judicii
1868 3362 1941 3426 dien,

1140 3479 1192 3535 per
1207 3461 1367 3533 plurimum
1383 3458 1494 3515 scilicet
1508 3457 1661 3530 temporis,
1677 3457 1776 3515 debita
1790 3453 1842 3512 sibi
1862 3467 1941 3507 remu·

1139 3550 1289 3606 roratione
1319 3547 1457 3611 fraudari,
1485 3545 1664 3603 mirabiliter
1692 3546 1735 3601 ait
1763 3558 1868 3600 corone
1891 3552 1942 3595 esse

1139 3637 1266 3694 similem
1282 3637 1365 3692 illurn
1379 3635 1482 3707 judicii
1500 3635 1588 3702 diem,
1600 3634 1630 3689 in
1646 3651 1708 3707 quo
1721 3636 1792 3690 sicut
1805 3648 1855 3688 rou
1867 3628 1941 3683 rodc-

1137 3729 1270 3784 siruorum
1296 3725 1420 3790 tarditas,
1447 3725 1487 3779 sic
1514 3739 1571 3779 non
1595 3725 1725 3796 priorum
1753 3723 1872 3779 relocatus
1895 3715 1940 3783 tto)

1138 3819 1185 3888 (lll
1210 3815 1286 3871 Esdr.
1310 3832 1338 3880 v,
1363 3813 1417 3877 42).
1447 3814 1564 3868 Corone
1591 3813 1671 3869 enim
1706 3813 1769 3869 dies
1795 3809 1942 3880 expectatur

1138 3907 1174 3963 ab
1190 3905 1342 3970 omnibus;
1370 3905 1403 3958 ut
1423 3902 1501 3958 intre
1521 3919 1547 3958 et
1560 3918 1588 3957 m
1614 3902 1694 3958 diem
1720 3905 1749 3957 et
1769 3898 1834 3956 vir-ti
1854 3893 1940 3951 erube·

1137 3997 1221 4051 scunt
1248 3997 1277 4049 et
1300 3991 1422 4048 victores
1446 3989 1575 4063 palmum
1601 3991 1805 4063 adipiscantur
1822 3981 1938 4041 victorie.

1137 4082 1211 4139 lllurl
1236 4098 1353 4155 quoque
1376 4097 1434 4136 non
1458 4079 1577 4152 reliquit
1598 4079 1750 4136 occultum
1765 4094 1798 4134 eo
1812 4073 1882 4147 quod
1899 4085 1939 4126 su·

1135 4172 1264 4246 periorcs
1287 4170 1442 4226 videantur
1462 4169 1512 4242 qui
1538 4172 1605 4225 ente
1629 4167 1760 4240 generati
1784 4159 1940 4231 suntinfir·

216 4103 221 4118 ·
256 4083 340 4139 uitus
355 4083 410 4138 tuis
421 4096 528 4154 semper
542 4079 628 4152 (Psoi.
644 4095 740 4147 numu,
758 4077 830 4150 109).
848 4078 1081 4152 Semper,inquit,

257 4188 316 4228 non
331 4170 361 4227 in
377 4174 517 4242 tempore.

291 4260 337 4315 ll.
357 4260 393 4316 ut
410 4263 442 4315 tu
462 4257 638 4314 commende
663 4257 791 4313 animum
821 4261 903 4313 tuam
923 4256 953 4313 in
974 4274 1081 4314 manus
1135 4261 1243 4317 micres
1267 4259 1318 4331 qui
1341 4262 1453 4331 postea.
1478 4255 1664 4329 comparavit
1687 4255 1768 4312 enim
1790 4257 1868 4309 utero
1890 4261 1941 4302 mu·

255 4347 470 4404 Dominiznon
495 4347 592 4404 solum
614 4362 682 4402 cum
709 4345 855 4402 recedite
877 4347 1080 4418 corpore,sed
1134 4349 1214 4407 lieris
1242 4352 1344 4421 partus
1377 4346 1468 4418 hujus
1503 4344 1601 4401 seculi
1636 4346 1685 4417 (Ν
1722 4345 1800 4401 Esdr.
1831 4358 1857 4406 r,
1881 4335 1939 4406 53);

256 4435 346 4492 etium
359 4451 425 4492 cum
442 4440 486 4492 ost
500 4436 670 4508 incorpore,
686 4441 729 4490 est
745 4435 773 4489 in
790 4435 929 4490 manibus
943 4435 1078 4502 Domini3
1134 4439 1273 4512 quoniam
1289 4436 1423 4493 tortiores
1437 4440 1507 4491 sunt
1534 4435 1586 4508 qui
1609 4434 1641 4490 in
1662 4435 1819 4507 juventute
1839 4423 1939 4484 virtutis

256 4523 399 4597 (1ὓὶθῦῠῦ
413 4523 495 4578 Vldflfl
518 4539 583 4579 flam
607 4525 685 4579 unde
707 4523 814 4586 tunitii,
831 4527 881 4578 uui
900 4536 957 4596 quo
978 4524 1075 4579 vadat·
1094 4544 1117 4608 D
1133 4527 1194 4585 neti
1209 4530 1288 4592 sunt,
1304 4525 1480 4581 iniirmiores
1494 4523 1545 4596 qui
1561 4527 1696 4596 tempore
1718 4517 1882 4580 senectutis.
1897 4514 1939 4569 ue·

255 4613 306 4672 list
319 4611 399 4668 enim
412 4610 442 4666 in
457 4615 495 4678 tc,
511 4615 675 4667 clusinum
691 4610 759 4666 Deo·
776 4610 906 4683 Denique
925 4628 975 4667 ⁰⁰r
998 4612 1075 4683 rogis
1131 4618 1200 4673 iecit
1213 4616 1293 4672 enim
1309 4613 1496 4670 multitudine
1512 4613 1714 4685 generationis
1738 4611 1794 4667 hoc
1816 4603 1939 4665 seculum

253 4702 285 4759 in
301 4717 391 4758 msuu
405 4699 532 4766 Domini,
544 4703 572 4755 et
586 4700 622 4754 ab
642 4714 676 4755 eo
700 4698 810 4771 regitur
835 4705 864 4754 et
885 4701 1075 4772 gubernatur.
1130 4703 1271 4769 tanquam
1289 4694 1376 4750 vulva
1399 4693 1577 4767 generantis,
1593 4697 1622 4749 ot
1636 4696 1781 4765 tunquam
1803 4695 1940 4746 senescent

252 4791 308 4850 Gor
322 4789 451 4864 repletur
463 4797 570 4856 mente,
586 4787 657 4862 quia
679 4803 763 4844 mens
786 4788 890 4844 animm
915 4788 1077 4861 principale
1130 4791 1264 4844 creature
1276 4785 1366 4840 robur
1374 4783 1537 4855 juventutis
1552 4799 1612 4838 sue
1634 4781 1716 4838 velut
1740 4775 1875 4838 marcenti
1887 4773 1938 4844 iem

252 4884 339 4948 estet
352 4879 446 4936 virtus
461 4876 642 4934 unime.Non
657 4892 721 4932 eam
738 4875 874 4932 virtutem
890 4877 954 4933 dico
966 4895 1029 4950 qum
1046 4879 1076 4934 in
1129 4876 1236 4931 virium
1252 4889 1373 4930 suarum
1387 4872 1496 4945 vigore,
1513 4870 1642 4944 deponit.
1909 4947 1914 4958 .

251 4967 379 5038 lacertis,
395 4967 446 5026 sed
461 4984 524 5041 que
538 4965 570 5022 in
585 4963 725 5030 consiliis,
739 4965 942 5036 temperantia,
959 4965 1075 5037 pietete,
1166 4965 1209 5018 117.
1225 4968 1298 5036 Ergo
1319 4963 1390 5018 dum
1414 4964 1601 5034 exspectetur
1622 4959 1775 5033 plenitudo
1802 4961 1938 5025 temporis.

253 5057 466 5134 alquejustitia
480 5060 534 5114 est.
545 5055 575 5114 Si
590 5072 640 5113 cor
652 5053 779 5111 hominis
796 5053 825 5110 iu
842 5071 931 5110 manu
947 5054 1074 5122 Domini,
1130 5057 1299 5125 exspectant
1315 5052 1419 5107 animae
1436 5049 1705 5130 remuneretionem
1719 5046 1856 5104 debilem.
1870 5037 1937 5095 Alius

288 5201 344 5274 (28)
361 5202 477 5259 Cunctos
492 5200 573 5268 edit..
590 5202 703 5256 inertem
715 5213 770 5254 nou
785 5199 890 5269 recipit,
911 5214 965 5254 riou
987 5201 1076 5255 rnori·
1131 5200 1195 5253 octo
1210 5211 1283 5252 mss.
1299 5211 1333 5251 ac
1347 5197 1403 5249 vet.
1419 5192 1501 5264 edit,
1517 5197 1609 5249 tamur
1623 5193 1691 5265 puio
1704 5190 1869 5273 uiuriuc‘est
1880 5195 1938 5236 rou-

253 5279 307 5329 tur.
325 5271 381 5328 Ms.
397 5273 556 5346 aliquot...
571 5286 704 5341 erporiou
718 5269 958 5336 moritur,Deeom
974 5275 1074 5326 autem
1130 5285 1170 5325 so.
1187 5267 1271 5323 Rom.
1288 5264 1403 5332 edit.‚...
1422 5265 1530 5321 altioris
1553 5261 1937 5345 estmorae.ilequu1mss..··

254 5341 383 5400 melioris
398 5344 461 5413 aevi,
477 5344 553 5400 utin
569 5349 658 5399 textu.
1129 5342 1245 5396 ulterius
1259 5346 1298 5394 est
1310 5351 1412 5403 course,
1433 5335 1488 5392 hoc
1499 5338 1555 5403 est,
1580 5337 1617 5392 ad
1640 5334 1723 5390 aliud
1747 5330 1937 5404 argumentum

289 5412 718 5540 (est1uplurespotiorcs3uc
743 5429 847 5469 mssa
871 5410 979 5482 quibus
1003 5411 1073 5494 edit.
1129 5410 1269 5484 pertinet.
1590 5480 1596 5492 .
1723 5477 1729 5487 ⁶
1761 5475 1767 5486 .

253 5499 288 5541 eo
302 5489 416 5541 tantum
432 5486 659 5557 dissidentque
694 5485 802 5541 habent
817 5481 867 5540 Sed
881 5499 925 5553 ne,
941 5488 995 5539 etc.
1016 5482 1075 5539 Alii
1165 5481 1223 5554 (3⁰)
1238 5479 1325 5537 Solus
1338 5475 1428 5535 codex
1441 5477 1471 5534 S.
1491 5471 1544 5535 Th.
1564 5477 1641 5534 Sicut
1662 5485 1870 5532 uoousrmoncm
1888 5469 1937 5520 W·

254 5571 327 5612 mss.
344 5555 483 5628 partim...
507 5557 623 5628 speciale
645 5555 787 5629 essequod
802 5555 924 5611 Christro
938 5557 1075 5627 ectspnr·
1129 5553 1203 5610 ditru
1215 5569 1271 5609 rou
1283 5549 1454 5620 medeor,
1468 5551 1509 5610 cic
1528 5565 1578 5610 occ
1596 5549 1727 5627 priorum
1748 5545 1869 5605 reuera
1882 5537 1938 5594 aue

253 5625 410 5706 tim...quod
424 5628 580 5704 rpcciuiircr
595 5626 699 5688 ctruu
715 5627 879 5688 editurum
894 5630 1073 5705 postpauca,
1130 5625 1304 5689 admittetur.
