4159 6184
171 290 211 350 {3
782 292 972 356 urlsroun
994 292 1280 370 ouulcs'routn,
1838 297 1879 359 ιι

171 428 312 499 uulnera
330 440 365 496 et
383 429 570 508 cicatrices:
586 432 719 504 nullum
739 455 807 522 quo
819 434 951 524 plenius
963 447 994 501 et
1008 435 1187 526 persectius
1203 433 1352 524 adusque
1376 434 1510 503 intimos
1520 434 1657 526 pictatts
1679 435 1877 506 Christiana

169 549 283 594 sensus
299 526 469 596 Catholici
485 551 562 596 cum
577 531 711 620 antiqui
725 545 796 598 tum
815 533 976 621 neophyti
994 539 1233 599 coiiunlescant.

215 627 366 694 Summe
376 625 623 717 turosapieutia
633 628 1004 718 consultissimiqueaeli
1016 632 1087 720 fuit
1102 627 1193 720 quod
1202 653 1219 696 ι
1233 629 1387 696 manibus
1403 629 1633 699 liseieticorum
1649 655 1759 718 arina,
1775 633 1879 718 idest,

166 724 465 813 perniciosissimos
480 748 593 793 omues
610 726 731 816 quibus
749 728 841 794 sibi
829 728 909 817 ipsis
923 751 1036 796 necem
1061 727 1259 816 inserebant,
1284 727 1384 794 libros
1403 729 1567 816 aiiserend
1567 753 1601 797 os
1622 730 1884 820 prudentissime

168 820 361 910 providisti
384 822 451 890 llec
467 823 538 912 luit
558 821 620 891 tibi
641 824 721 892 satis
749 824 819 915 ipso
845 848 920 893 cum
941 823 1272 893 Ambrosiodiei:ssc
1297 827 1455 898 Leaimus
1475 848 1517 891 ne
1539 755 1723 909 lugubris·
1717 828 1884 930 ,illisque

174 931 337 986 uenenato
351 919 488 1009 poculo,
505 943 638 989 amoeno
652 921 801 1011 quadam
815 923 990 991 siiouitatis
1006 923 1113 1014 speeie
1124 935 1155 989 ιι
1169 943 1267 1032 qnasi
1264 921 1385 988 mellis
1396 921 1561 990 stillicidio
1573 883 1762 994 bominibus
1780 947 1884 1016 eeqro·

174 1016 227 1096 tis,
247 1039 415 1126 suumque
432 1018 587 1086 morbum
602 1018 841 1087 adamantibus
861 1019 1044 1087 bluudit'eu
1017 1034 1064 1088 tiu
1080 1020 1188 1110 erineo
1178 1020 1250 1100 i‚sse
1273 1019 1338 1085 nisi
1352 1019 1484 1108 insuper
1508 1018 1624 1087 iisdem
1644 1025 1754 1090 amica
1780 1046 1885 1092 mann

166 1114 362 1204 porriqeres
382 1114 525 1198 diuinos,
546 1117 696 1207 aliosque
714 1118 789 1208 pios
813 1118 925 1202 libros,
946 1119 1067 1208 quibus
1084 1129 1217 1208 possent
1244 1130 1403 1206 tanquam
1436 1137 1476 1183 ιι·
1503 1117 1596 1185 alueo
1629 1120 1775 1207 quodam
1795 1123 1885 1190 salu·

173 1210 320 1279 bei-rimo
334 1212 568 1303 plenissimam
583 1214 722 1282 bonrire
734 1214 925 1284 sanitatem.
947 1220 1033 1284 Ecce
1048 1216 1150 1305 iqitur
1165 1215 1247 1304 uotis
1262 1217 1327 1281 tuis
1347 1213 1541 1282 Ambrosius
1555 1215 1693 1306 adjutor
1714 1231 1745 1285 et
1763 1221 1883 1306 fautor

174 1309 336 1392 accurrit,
353 1311 425 1379 sine
437 1334 503 1402 quo
519 1311 747 1402 invalidasere
762 1314 918 1404 quelibet
929 1313 1109 1402 debilisque
1123 1312 1300 1380 medicina.
1321 1315 1403 1379 Ecce
1419 1313 1556 1379 illimem
1571 1327 1602 1380 ct
1613 1313 1884 1403 limpidissimum

177 1405 375 1498 aquaviva
391 1411 534 1500 sontem,
556 1411 617 1500 qni
629 1409 671 1478 de
687 1410 952 1479 salutarimoute
964 1412 1096 1479 Cbristo
1101 1411 1276 1501 profluens
1294 1409 1402 1477 easilt't
1421 1409 1455 1476 in
1474 1411 1581 1477 uitam
1599 1425 1770 1496 aternam,
1788 1425 1825 1481 ut
1836 1413 1888 1482 lae-

180 1507 285 1589 tificet
302 1507 469 1576 ιιιιιιιιιιιι
488 1508 571 1576 Dei:
590 1519 622 1576 et
641 1521 755 1598 epotus
772 1520 867 1576 sanet
890 1532 987 1576 omne
1009 1531 1114 1597 qeiius
1132 1506 1363 1596 lanquentium
1383 1519 1415 1573 ιι
1436 1520 1657 1597 aqrotorain:
1689 1511 1818 1596 sontem
1847 1534 1889 1579 eu

181 1604 282 1696 cujus
307 1628 394 1674 oeno
419 1620 459 1673 ut
484 1606 623 1674 baurire
641 1619 776 1696 possent
799 1607 1035 1697 sapientissimi
1055 1606 1345 1697 potentissimeque
1377 1608 1567 1684 Persarum,
1591 1605 1632 1673 de
1659 1608 1888 1676 remotissimis

183 1703 330 1772 Orieritis
340 1703 467 1794 finibus
484 1704 647 1787 sitibundi
660 1705 739 1773 oliin
754 1719 990 1780 accurrerunt:
1012 1706 1137 1794 quique
1156 1703 1208 1770 vel
1221 1706 1341 1794 paucis
1359 1703 1499 1792 quttulis
1519 1706 1705 1795 perfectam
1718 1702 1803 1794 fidei
1829 1728 1884 1773 sa-

180 1803 324 1870 nitatem
351 1804 434 1893 reqi,
464 1803 599 1892 reqinee,
618 1806 773 1893 qeiitiquc
792 1807 1111 1873 Marcomannorum
1131 1803 1315 1870 instillavit.
1337 1803 1421 1868 Ecce
1444 1801 1585 1891 denique
1603 1803 1883 1888 strenuissimum,

177 1900 409 2011 iiioictnmque
427 1900 585 1969 aduersus
603 1902 784 2065 Reliqiouis
798 1914 831 1969 et
843 1902 997 1970 Ecclesia
1011 1901 1118 1968 bostes
1136 1900 1225 1968 socri
1251 1899 1343 1967 uerbi
1370 1899 1500 1982 ducein,
1531 1915 1698 1968 assuetum
1727 1901 1885 1982 uictoriis,

162 1997 242 2087 'qui
255 1997 545 2066 instructissimam
564 2021 678 2088 panop
682 2000 764 2066 liam
792 2000 941 2090 offert,
928 2022 963 2066 in
982 2021 1084 2089 quai
1075 1998 1130 2065 iell
1113 2019 1248 2086 equem
1269 1996 1330 2064 toti
1345 1996 1463 2065 Gallice
1482 1998 1536 2065 col
1535 1999 1645 2088 lepisti
1669 2011 1700 2066 et
1725 1999 1892 2088 formasti

177 2095 412 2184 operariorum
427 2096 694 2185 euoiiqelicornm
713 2101 873 2164 coercitus
889 2096 1021 2164 cuilibet
1035 2107 1067 2162 et
1084 2095 1223 2184 sinqulis
1248 2094 1394 2161 iuveniat
1417 2095 1604 2186 boboatquc
1621 2111 1751 2165 euterun
1769 2097 1889 2166 solutis

174 2193 325 2282 qoleam,
343 2191 428 2284 fidei
440 2206 571 2260 scutum
586 2194 857 2284 iiieupuquabile‚
879 2196 1060 2284 ancipitem
1075 2193 1181 2261 diuini
1197 2191 1289 2260 verbi
1300 2191 1467 2281 qloilium,
1485 2207 1516 2261 ct

629 2302 787 2381 Quidquid
802 2301 922 2362 hubent
936 2303 1070 2362 telorum
1087 2300 1335 2362 armamentario
1349 2301 1430 2361 coeli.

221 2396 296 2465 Sed
308 2420 465 2486 quorsum
481 2396 546 2465 isto
561 2397 601 2466 de
615 2399 807 2487 ecouqelico
829 2398 1014 2466 etiamnum
1042 2397 1089 2465 od
1112 2398 1235 2466 bellum
1260 2401 1459 2487 apparatu?
1478 2400 1608 2467 Patitur
1631 2401 1711 2492 jam
1741 2400 1890 2471 Ecclesia

177 2496 263 2564 belli
273 2517 458 2562 successsu:
474 2518 595 2586 pacem
614 2518 654 2562 oc
670 2496 952 2585 tranquillitatem
964 2496 1058 2563 nobis
1071 2495 1176 2562 reduc
1183 2496 1209 2562 it
1222 2495 1388 2585 ejusmodi
1405 2498 1554 2575 uictoria,
1570 2513 1687 2586 quant
1707 2511 1780 2568 toto
1796 2497 1890 2567 uictis
1997 2517 2002 2522 ·

175 2593 225 2661 od
236 2593 429 2670 utilitatem,
445 2594 492 2659 sic
506 2593 569 2660 tibi
586 2617 628 2661 ea
642 2595 746 2660 multo
772 2595 924 2660 marimo
937 2606 1040 2682 parte
1063 2593 1109 2660 ad
1125 2593 1270 2682 pluriam
1295 2593 1398 2659 cessit.
1424 2594 1616 2662 Plurimum
1640 2610 1752 2664 tamen
1772 2611 1889 2665 contn-

175 2691 256 2758 lisse
273 2700 404 2758 eeteros
424 2691 578 2758 Ecclesia
587 2713 755 2781 proceres,
777 2703 808 2758 et
823 2714 888 2780 pro
906 2713 968 2758 sua
984 2713 1149 2780 quemque
1159 2689 1284 2778 pietate
1299 2711 1338 2756 oc
1357 2689 1534 2778 uiqiloutia
1559 2707 1690 2759 strenue
1717 2695 1885 2782 qnauiter·

177 2812 246 2878 que
259 2788 426 2856 laborasse
435 2788 615 2877 fatendum
630 2803 699 2871 est,
714 2788 774 2855 sed
795 2791 868 2877 quis
883 2801 913 2855 te
931 2788 1105 2855 interillos
1125 2788 1256 2876 primas
1283 2786 1385 2875 eqissc
1412 2787 1467 2852 uel
1492 2787 1623 2855 iuoidus
1650 2803 1758 2878 neqet,
1785 2812 1884 2880 quem

174 2907 248 2955 nori
261 2887 389 2975 iquoret
403 2885 469 2953 illis
483 2887 635 2954 omnibus
653 2910 720 2976 pro
740 2899 797 2953 tuo
825 2887 976 2954 omnium
994 2887 1220 2954 Ecclesi'aium
1244 2885 1356 2951 amica
1378 2884 1599 2953 sollicitudine
1628 2887 1760 2956 idoneos
1789 2888 1885 2978 operi

180 2996 277 3056 ioiito
296 2987 385 3052 viros
405 2997 464 3051 tuo
479 2984 680 3072 informatos
693 2983 858 3065 doctrino,
884 2986 949 3051 tuis
961 2982 1078 3052 studiis
1093 2997 1124 3049 et
1147 2981 1315 3049 laboribus
1335 2981 1479 3049 excultos
1504 2985 1731 3052 amantissime
1757 2984 1883 3053 submi·

182 3087 355 3159 nistrasse
375 3081 467 3171 quod
478 3105 575 3150 tiemo
594 3084 704 3150 alius:
725 3105 824 3172 quem
842 3096 924 3149 sciat
937 3081 1234 3172 propensissimam
1254 3080 1403 3168 alioquin
1430 3080 1704 3150 Cliristionissimi
1720 3084 1817 3172 Reqis
1840 3081 1888 3150 ad

179 3179 423 3265 opitulandum
441 3179 648 3248 subditorum
663 3181 767 3248 saluti
779 3180 994 3263 voluntatem,
1012 3181 1136 3246 mirum
1154 3201 1234 3245 sane
1255 3201 1320 3268 quo
1336 3177 1467 3256 ardore,
1494 3203 1561 3268 qua
1577 3182 1700 3270 pietate
1719 3182 1826 3271 maqis
1846 3203 1886 3250 ιιι

179 3277 295 3367 muqis
307 3277 500 3354 accendisse,
518 3277 610 3366 quod
622 3279 679 3344 uin
698 3279 803 3358 olter;
826 3301 924 3368 quem
944 3276 1080 3344 demum
1105 3275 1286 3344 consideret
1306 3275 1468 3365 indefesso
1492 3277 1617 3361 labore,
1639 3281 1796 3370 omnique
1816 3292 1887 3347 arte

179 3375 359 3465 maqistro,
363 3389 434 3442 tom
446 3374 511 3464 sel
497 3375 542 3441 ici
554 3375 645 3442 eaitu
660 3399 800 3443 marium
808 3399 866 3465 pio
878 3399 969 3465 operi
965 3374 1154 3465 frequent
1141 3374 1289 3440 issimom
1300 3371 1487 3458 admouere,
1493 3389 1529 3442 ut
1516 3374 1659 3443 tbeiiem
1673 3377 1759 3444 ultas
1774 3375 1889 3444 diebus

179 3473 324 3564 sinqulis
336 3471 383 3540 ad
394 3472 574 3560 ejurandos
594 3497 719 3542 errores
738 3473 909 3557 admittas,
929 3495 987 3541 nec
1006 3497 1073 3541 non
1092 3471 1246 3540 inaudita
1259 3471 1436 3561 facilitate,
1459 3485 1494 3538 ot
1495 3497 1558 3562 que
1586 3475 1708 3565 affectu
1728 3488 1834 3582 totum
1856 3486 1890 3542 ιι

181 3571 346 3640 &voveas
363 3568 582 3661 effundosque
596 3574 823 3639 convertendis
828 3569 1100 3682 ,excipiendis
1087 3587 1151 3638 inst
1139 3569 1305 3648 ιιιιιιιιιιιι,
1323 3567 1550 3659 adjuvandis?

229 3666 420 3736 Haedum
443 3666 597 3751 dicimus,
619 3669 706 3737 absit
729 3683 767 3736 ιιι
793 3669 1065 3758 immensareqis
1091 3667 1475 3757 reliqiosissimiqloriee
1507 3667 1692 3758 quidquam
1728 3669 1891 3738 oeluimits

181 3789 253 3836 csse
269 3765 470 3832 detractum.
493 3769 611 3833 Totum
626 3767 717 3834 illius
736 3766 886 3864 estquod
903 3767 1051 3834 Ecclesia
1065 3779 1177 3834 nostra
1196 3765 1282 3832 uicit.
1310 3693 1381 3830 At!
1383 3787 1474 3852 rcqes
1497 3767 1706 3855 imperando,
1724 3769 1892 3859 principes

181 3864 345 3934 Eccleua
368 3861 602 3952 persuadendo
635 3888 711 3932 cuni
744 3867 891 3948 vincant,
912 3865 1001 3932 nibil
1030 3877 1077 3932 ιιι
1104 3863 1195 3953 qnod
1217 3863 1315 3952 Ileqis
1346 3861 1461 3952 qloiia
1494 3861 1679 3932 destructum
1703 3865 1891 3974 quidquam

183 3977 246 4030 ιιιιι
264 3962 484 4029 imminutum
503 3961 552 4029 ad
569 3976 662 4030 tuam
687 3917 1004 4045 commonddndom‚
1040 3976 1169 4030 censeat
1189 3961 1311 4049 aliquis
1329 3973 1390 4025 aut
1422 3958 1551 4039 doleat;
1583 3984 1659 4028 cuni
1688 3977 1830 4051 utruque
1848 3961 1892 4028 sit

183 4061 302 4127 inscio
322 4080 597 4149 quaqueqenere
623 4083 767 4128 sumina.
795 4059 1062 4143 Quodtasaris,
1086 4059 1234 4140 Cesari;
1264 4056 1325 4123 tibi
1350 4055 1461 4136 modo,
1490 4013 1707 4126 illistrissime
1735 4059 1891 4127 Ecclesia
1979 4057 1981 4066 '

189 4156 364 4245 Princeps,
382 4155 474 4245 quod
492 4169 587 4224 ιιιιιιιι
604 4170 651 4225 ιιι
663 4159 699 4224 iii
714 4172 806 4226 tauto
821 4160 883 4227 lioc
901 4181 1000 4247 opere
1023 4168 1093 4224 toto
1122 4110 1234 4224 Gallib
1251 4143 1465 4244 qrotulalur;
1496 4178 1689 4245 quanquam
1715 4159 1800 4225 etin
1820 4158 1892 4247 ipso

187 4254 335 4325 casaris
344 4267 460 4343 porte,
479 4254 540 4322 tibi
553 4278 611 4344 qm
607 4255 699 4323 dua
713 4269 746 4324 et
764 4280 831 4346 por
861 4257 1009 4323 Francia
1027 4278 1071 4338 es,
1094 4253 1185 4344 quod
1215 4253 1275 4320 sub
1304 4257 1390 4341 lleqe
1412 4253 1490 4343 ‹tpi
1478 4277 1544 4320 imo
1563 4255 1714 4324 blasima
1747 4255 1892 4322 admini-

184 4353 266 4420 stris
275 4349 450 4440 fidissimis
465 4364 588 4442 potest,
605 4377 771 4422 cernemus
799 4376 866 4421 esse
894 4377 1028 4443 quoque
1045 4350 1300 4442 qrotulaudum.
1324 4351 1428 4418 Probe
1447 4351 1508 4418 scit
1539 4352 1723 4442 imperator
1742 4353 1894 4420 omnium

187 4451 288 4538 lonqc
302 4449 622 4538 perspicacissimus,
639 4449 778 4519 utillud
796 4450 1022 4519 beatissimum
1050 4451 1085 4517 iu
1106 4450 1314 4541 principatu,
1333 4449 1447 4537 facere
1464 4453 1554 4539 qnod
1568 4451 1702 4518 libuerit
1710 4473 1723 4535 ;
1743 4452 1791 4520 ito
1808 4449 1899 4521 istud

189 4546 421 4614 miserrimum
435 4569 513 4630 esse,
525 4549 612 4615 nolle
622 4549 688 4617 sibi
698 4549 833 4639 suqqeri
843 4547 934 4638 quod
946 4548 1112 4615 debuerit:
1129 4569 1196 4637 qua
1205 4547 1393 4636 equissimo
1402 4547 1707 4639 modestissimoque
1716 4573 1778 4618 sua
1788 4563 1898 4617 merite

167 4643 419 4712 0secretioiibus
433 4645 501 4712 suis
521 4646 665 4714 consiliis
684 4645 892 4736 diquissimos
912 4669 1069 4736 quosque.
1086 4659 1242 4723 accenset,
1270 4645 1304 4711 iu
1332 4667 1413 4733 quos
1438 4643 1580 4732 proinde
1607 4647 1771 4715 nonnullo
1798 4648 1898 4737 reqia

190 4742 315 4831 qloriae
328 4743 444 4832 portio
459 4743 588 4811 consilii
599 4745 732 4812 nomine
750 4745 869 4812 merito
892 4743 1071 4812 derivetur.
1089 4743 1171 4810 Iride
1186 4744 1227 4832 fit
1247 4755 1285 4809 ut
1309 4743 1367 4830 qui
1389 4743 1609 4834 prosliqatum
1628 4745 1784 4813 haereseos
1803 4768 1896 4812 mon-

191 4853 303 4906 strum
317 4838 451 4930 reqibus
465 4841 545 4930 ipsis
551 4843 660 4931 paulo
680 4855 757 4910 onte
774 4864 842 4909 nori
858 4841 1067 4910 mediocriter
1078 4838 1334 4930 formidandum
1347 4854 1488 4930 stupent,
1506 4847 1737 4933 miranturque
1752 4843 1786 4909 iu
1805 4853 1897 4908 tanto

189 4957 313 5026 reqno,
331 4949 401 5003 tam
415 4936 508 5004 breci
524 4939 698 5007 interuallo
719 4942 887 5030 temporis,
906 4939 1051 5029 feliciter
1064 4954 1095 5006 et
1113 4939 1184 5006 siue
1209 4939 1279 5005 ullo
1298 4935 1384 5005 cade
1400 4940 1537 5028 penitus
1562 4943 1757 5008 eustiuctum
1768 4959 1781 5021 ;
1807 4951 1837 5005 te
1862 4937 1898 5006 iii

185 5047 326 5124 portem
347 5046 450 5100 tanta
469 5035 577 5104 loudi's
598 5052 743 5120 evocent,
763 5058 830 5105 uon
856 5051 895 5104 ut
916 5036 1069 5104 diuinum
1101 5035 1212 5115 modo,
1233 5034 1292 5104 sed
1319 5049 1356 5103 ut
1382 5038 1512 5127 reqium
1533 5040 1631 5106 etiam
1661 5036 1898 5104 administrum

187 5153 294 5221 quein
314 5144 439 5199 norunt
453 5133 530 5201 initi
543 5149 615 5203 tam
634 5136 776 5226 iuqeutis
795 5148 827 5203 et
839 5158 941 5225 supra
958 5136 1060 5225 fidem
1075 5147 1288 5224 posterorum
1306 5133 1408 5202 ardui
1420 5137 1598 5226 propositi,
1617 5134 1846 5203 consiliarium
1869 5146 1901 5203 et

191 5241 370 5297 auctorem
381 5230 488 5319 luisse
502 5255 523 5299 o
540 5255 618 5323 reqe
627 5235 850 5323 precipuum.

238 5327 426 5395 Commode
441 5343 688 5419 opportuneque
698 5333 793 5420 festis
807 5354 882 5399 eam
896 5331 937 5399 ob
952 5355 1022 5400 rem
1038 5334 1189 5400 omnium
1200 5332 1345 5412 vocibus,
1363 5345 1394 5400 et
1407 5331 1644 5421 conqemiuotis
1656 5333 1832 5424 plausibus
1839 5355 1902 5430 pu-

191 5424 292 5493 blicis
311 5424 509 5494 Ambrosius
527 5426 662 5494 aduenit
680 5429 774 5496 ebori
791 5442 894 5496 nostri
891 5429 997 5509 '3dna
1019 5431 1184 5520 cujusore
1198 5441 1228 5496 ιι
1248 5429 1353 5497 lectius
1373 5427 1551 5518 etdiqaius
1566 5431 1762 5500 occi:notur
1784 5433 1903 5499 Factus

189 5527 244 5590 est
262 5537 356 5590 unus
376 5527 533 5609 populus,
555 5548 597 5593 ex
612 5529 821 5595 haeroticis
829 5527 975 5613 repleto
995 5536 1045 5594 ιιι
1070 5531 1240 5607 Ecclesia,
1261 5541 1291 5595 et
1305 5551 1371 5595 non
1389 5526 1459 5593 siue
1482 5551 1634 5597 nioeimo
1654 5529 1824 5620 uoluptate
1842 5529 1904 5597 boc
1961 5583 1968 5594 .

190 5619 452 5710 subjnnqotur:
466 5624 776 5710 Sedatutempeslus
794 5633 858 5707 est,
874 5630 1212 5712 circumnavigat,
1228 5629 1440 5711 fidosspiim
1458 5635 1610 5698 curteum
1624 5639 1737 5698 nsutae
1747 5634 1905 5716 repetunt

189 5722 280 5791 uoci
296 5740 386 5807 quos
404 5721 573 5808 reliquero
587 5732 718 5811 portus,
740 5729 775 5790 ιι
791 5724 879 5792 dui'
852 5744 903 5792 orii
920 5728 1037 5810 patriis
1052 5729 1163 5794 osculo
1177 5727 1346 5792 littoribus
1366 5728 1489 5810 figuut,
1507 5734 1665 5801 liberatos
1680 5756 1715 5801 se
1733 5735 1903 5819 periculis,

189 5819 376 5898 absolutos
400 5821 571 5896 incubus
595 5823 825 5908 eutulanus:
848 5819 971 5916 quique
989 5820 1052 5894 tibi
1069 5824 1195 5920 totique
1208 5821 1294 5894 clero
1321 5823 1499 5924 Gallicano
1517 5830 1704 5926 suppeditet
1729 5843 1760 5912 et
1782 5851 1905 5926 ιιιιφι-ι
