4159 6184
182 277 244 339 'll9

759 267 876 337 niuea,
900 268 951 330 Dii
972 269 1065 333 Elin
1087 275 1328 338 erratuum.

1845 289 1907 348 *150

184 410 346 468 meraciore
361 413 522 484 reparetur.
540 413 656 468 Certant
671 411 778 482 procula
793 424 861 463 curn
888 401 1017 472 terrulis,
1035 415 1063 478 Α
1079 411 1195 480 qumdc
1212 412 1437 466 consurrectum
1453 408 1551 478 suerit,
1568 411 1621 465 viri
1637 413 1814 485 praeliatores
1828 424 1917 477 stare'

181 505 211 558 ct
227 501 303 556 inter
319 516 433 556 morsus
449 516 527 571 sape
550 498 752 555 remittuntur.
777 496 887 553 Deinde
917 507 1014 565 prose-

183 592 273 646 dente
302 593 370 662 potu
409 587 528 662 longius
565 588 802 660 contentiusque,
833 586 950 641 diversa
987 587 1016 638 ct

183 696 294 754 magna
305 679 360 751 (tt)
372 677 542 746 certamina,
556 677 622 751 quis
634 677 761 732 bibendo
772 674 929 750 precellat.
941 671 1016 729 Nota

183 769 292 844 gravis,
305 768 328 823 si
340 767 405 840 quis
416 783 447 822 se
456 771 585 836 excuset,
598 765 622 822 si
634 766 934 840 quistemperandum
943 761 1015 819 sorte

183 859 285 914 vinum
296 861 388 930 putet.
404 856 439 912 m
455 856 517 911 hec
533 853 625 912 donec·
639 855 675 910 ad
692 872 810 911 mensus
830 851 1016 928 perveniatur

184 947 340 1005 secundas.

218 1035 355 1092 lantani
370 1037 582 1091 consummatae
599 1033 708 1090 luerint
731 1035 834 1107 cruitur,
847 1038 932 1105 pulos
949 1032 1012 1103 jam

183 1142 247 1184 esse
263 1125 461 1198 surgendum:
479 1129 549 1180 tunc
560 1124 595 1179 dc
610 1123 831 1196 integrcpotmn
848 1124 1015 1179 instaurant

183 1232 287 1282 suurn,
303 1218 329 1270 et
347 1230 413 1269 cum
425 1212 705 1280 consummaverint,
714 1211 1013 1269 tunobtiOiucboarc

182 1321 211 1360 se
223 1302 337 1374 dicunt,
347 1307 415 1358 tunc
425 1303 599 1358 deteruntur
609 1297 724 1375 phiale,
736 1305 807 1357 tnnc
818 1299 937 1356 maximi
950 1316 1012 1356 cra-

180 1399 256 1449 teres
272 1392 357 1465 quusi
374 1389 735 1447 instrumentabellcrum.
749 1395 788 1446 Ac
799 1389 1013 1446 ncimmcdern·

178 1488 242 1538 turn
259 1481 316 1537 boc
331 1479 494 1547 arbitreris,
511 1497 650 1536 mensura
669 1480 853 1553 proponitur,
884 1483 1012 1535 certatur

178 1571 360 1644 subjudice,
379 1569 513 1642 sublege
534 1570 711 1626 decernitur.
734 1567 929 1642 Agonotbetes
955 1569 1013 1640 (50)

177 1662 235 1718 illis
253 1661 336 1716 furor
351 1665 406 1726 est,
423 1659 604 1731 stipendium
623 1658 771 1730 debilitas,
787 1658 915 1713 victorite
939 1674 1010 1729 pre·

179 1752 273 1808 rnimn
298 1747 394 1820 culpa.
421 1749 529 1804 Pendet
558 1764 664 1820 uncrps
688 1748 737 1802 diu
765 1752 794 1804 at
810 1746 919 1801 dubius
942 1745 1051 1854 belliB

177 1845 320 1908 oremus,-
337 1837 417 1892 furor
432 1836 510 1892 enim
527 1836 575 1891 ille
591 1842 636 1892 cst
651 1835 802 1909 praeliaris.
820 1836 933 1892 Cedunt
947 1835 1011 1908 pin·

176 1943 333 1988 carnarum
350 1942 455 1982 manus
477 1926 545 1981 rina
571 1925 769 1990 tundentium,
795 1931 823 1980 ct
850 1941 1010 1996 coquorum

178 2014 399 2076 laborascolida
407 2014 640 2071 ministrantium
653 2032 659 2069 :
672 2016 780 2070 cedunt
790 2014 839 2085 qui
857 2029 1011 2069 nrrnsurns

178 2103 613 2182 ipsasbcnassupcrellluentes
626 2103 757 2176 diligenti
774 2101 884 2158 librant
901 2102 1010 2158 exemi·

178 2214 224 2266 uc,
240 2213 276 2252 na
293 2192 364 2268 qnid
376 2193 547 2250 ellundant:
565 2210 622 2247 non
636 2193 743 2248 cedunt
757 2192 902 2247 bibentes.

216 2287 261 2342 49.
278 2284 347 2340 Sota
361 2281 413 2338 illa
428 2286 498 2340 sunt
514 2282 578 2340 sine
591 2281 776 2338 excusatione
791 2280 961 2336 certamina.
979 2280 1010 2335 ln

180 2375 259 2432 bello
275 2373 299 2429 si
315 2372 427 2444 quisse
444 2371 611 2428 interiorem
625 2369 739 2439 sitierit,
760 2386 842 2424 ermn
859 2371 1009 2438 convertit,

178 2469 207 2522 et
223 2467 354 2520 meretur
368 2460 482 2515 veniam
497 2477 504 2516 ε
520 2458 568 2514 hic
584 2458 609 2513 si
625 2458 692 2530 quis
707 2457 827 2512 culicem
851 2461 1009 2527 convertat,

180 2556 304 2626 urgetur
319 2551 354 2606 ad
372 2553 482 2621 potum.
495 2549 526 2602 In
544 2549 703 2604 scammate
714 2545 803 2619 (51)Βί
813 2545 878 2617 quis
888 2562 1009 2601 manum

179 2644 267 2710 leuat,
282 2656 381 2697 exsors
398 2637 517 2710 quidem
534 2635 647 2709 palme,
669 2637 718 2692 sed
735 2633 877 2690 immunis
895 2635 1009 2706 iujuriae

181 2737 246 2788 ast:
267 2729 298 2784 in
315 2725 453 2784 conviviis
475 2725 531 2782 etsi
551 2741 673 2782 manain
699 2727 843 2780 revocata
865 2723 941 2790 vino,
966 2724 1009 2779 ori

181 2822 248 2892 rjus
261 2811 1010 2884 infunditur.Omnesinebriantur,victoresvictique

181 2924 288 2966 omnes
302 2905 374 2962 ebrii
388 2905 495 2974 jacent,
514 2901 645 2974 plerique
661 2901 759 2972 sopiti.
776 2901 832 2956 Nec
844 2901 1009 2972 portariccs

181 3000 220 3056 ad
237 2994 403 3068 sepulcrum
419 2992 497 3060 licet,
515 2991 686 3063 priusquam
699 2988 782 3061 isqui
794 2989 1008 3062 pascit‚denrn·

182 3087 273 3144 uibus
289 3101 320 3140 se
333 3082 513 3138 vindicatum
528 3080 643 3149 viderit,
664 3083 696 3136 ut
711 3077 870 3136 ulciscatur
889 3077 1010 3151 dispen-

181 3177 277 3232 dium.
295 3172 349 3239 Qui
366 3167 1010 3236 auterndamnnncnsentit,hnncmeusoesuee
1027 3157 1049 3222 C

181 3263 308 3339 gloriam
323 3263 416 3334 putat,
434 3258 457 3315 si
474 3274 508 3314 en
524 3275 558 3314 aa
573 3256 714 3313 vulnerati
729 3271 832 3311 omncs
860 3273 892 3312 ac
921 3256 1012 3314 saucii

183 3359 327 3424 tanquam
344 3349 380 3404 de
395 3363 483 3404 arena
503 3350 617 3404 exeant.

219 3442 265 3497 50.
282 3436 488 3512 Spectaculum
504 3435 586 3491 triste
602 3434 834 3491 Christianorum
855 3435 956 3504 oculis,
986 3439 1015 3494 et

184 3526 364 3588 miserabilis
379 3527 502 3599 species.
520 3525 628 3581 Cernes
638 3525 761 3597 juvenes
776 3522 922 3580 terribiles
950 3525 1014 3582 risu

183 3619 325 3676 hostibus
341 3617 376 3672 de
392 3614 522 3672 convivio
538 3613 646 3686 portari
664 3613 751 3681 foras,
768 3617 796 3667 et
813 3610 930 3668 indeed
946 3629 1014 3670 con·

186 3707 299 3763 rivium
316 3704 468 3778 reportari,
486 3702 589 3776 repleri
607 3707 639 3758 ut
654 3701 839 3768 exhauriant,
856 3705 883 3755 ct
907 3701 1014 3758 exhau-

186 3797 240 3853 riri
258 3801 291 3851 nt
304 3795 416 3850 bibant.
437 3790 545 3864 Siquis
562 3792 751 3848 verecundior
772 3789 870 3860 luerit,
895 3796 926 3846 ut
949 3807 1014 3846 eru-

185 3889 288 3942 bescat
303 3899 422 3956 surgere
435 3901 441 3952 ;
454 3898 521 3938 curn
534 3881 815 3954 jamimmoderatos
825 3883 910 3952 potus
919 3885 1016 3937 tenera

187 3993 247 4032 nou
261 3973 364 4047 possit,
380 3969 517 4027 anhelare
532 3969 743 4038 vehementius,
757 3970 872 4037 sudare,
889 3986 1015 4042 genere,

187 4064 283 4137 signis
306 4062 436 4135 prodero,
462 4061 540 4133 quod
561 4060 669 4132 pudeat
690 4058 833 4115 confiteri.
859 4059 900 4114 lbi
926 4075 1016 4115 unus·

187 4153 317 4226 quisquc
332 4167 446 4224 pugnes
462 4154 579 4206 eururat
593 4165 674 4216 snus,
688 4148 727 4203 ibi
743 4147 830 4203 lartio
845 4148 922 4204 locta
946 4165 1017 4220 prae·

187 4243 291 4299 dicant
308 4258 371 4306 sua,
388 4243 509 4296 narrant
525 4243 634 4310 tropaeo
649 4238 714 4292 vino
730 4235 850 4306 madidi,
867 4241 1019 4294 etscrnno·

187 4330 259 4388 lenti
277 4329 410 4385 nesciunt
426 4333 533 4394 menta,
550 4327 620 4399 quid
633 4326 735 4398 lingua
752 4325 906 4398 proterant..
924 4326 1019 4383 Unus·

186 4420 315 4494 quisque
331 4419 425 4475 stertit
440 4421 468 4474 et
483 4420 573 4490 potat,
591 4416 703 4471 dormit
726 4419 755 4470 ct
777 4414 915 4483 dimicnt;
942 4421 970 4471 et
995 4417 1018 4472 si

1073 513 1132 553 non
1146 504 1284 570 possunt,
1302 514 1429 572 egressu
1442 498 1589 555 vacillant.
1605 501 1712 559 Rident
1724 507 1831 564 servuli
1856 510 1908 565 do-

1072 586 1220 643 minorum
1237 586 1410 661 opprobria,
1429 588 1567 644 manibus
1583 589 1647 646 suis
1658 595 1907 663 portantmilitem

1071 672 1255 744 bellatorem,
1271 677 1435 747 imponunt
1446 692 1530 747 equo.
1548 678 1649 750 ltaque
1664 681 1718 738 hac
1733 689 1820 756 atque
1839 685 1906 743 illac

1070 765 1212 836 tanquam
1237 765 1357 837 navigia
1384 763 1449 820 sine
1477 767 1673 838 gubernatore
1698 771 1852 844 fluctuant,
1877 780 1906 833 et

1070 856 1212 924 tanquam
1222 853 1345 910 vnlnere
1357 853 1408 907 icti
1426 853 1455 908 in
1471 858 1578 911 terram
1596 858 1741 928 defluunt,
1753 863 1811 920 nisi
1825 865 1903 922 exci-

1070 939 1190 1012 piantur
1203 959 1220 998 a
1234 940 1373 999 servulis.
1390 941 1447 996 Alii
1464 944 1630 1001 reseruntur
1649 946 1679 1003 in
1708 951 1800 1007 scutis
1833 954 1902 1026 (52),

1070 1029 1102 1084 ut
1118 1047 1225 1104 pompa
1239 1030 1373 1088 ludibrii.
1391 1029 1469 1094 Quos
1485 1050 1571 1090 manc
1583 1034 1713 1108 insignes
1729 1040 1820 1097 armis
1834 1059 1901 1116 spc-

1069 1123 1208 1186 ctareras,
1223 1120 1304 1176 vultu
1317 1121 1464 1189 minaces,
1480 1125 1597 1180 eosdem
1616 1118 1688 1182 bb!
1706 1131 1819 1202 vesperi
1838 1149 1900 1190 ccr-

1069 1225 1122 1263 nas
1137 1210 1252 1266 etiamn
1267 1209 1405 1282 puerulis
1421 1211 1542 1284 impune
1557 1213 1656 1282 rideri,
1668 1217 1732 1274 siue
1747 1218 1821 1277 ferro
1836 1222 1900 1279 vnl-

1068 1302 1196 1366 neratus,
1204 1299 1267 1354 sine
1280 1316 1384 1372 pugna
1395 1298 1573 1372 interlectos,
1590 1303 1652 1360 sine
1663 1305 1746 1363 hoste
1755 1309 1899 1382 turbatos,

1068 1386 1131 1442 sine
1148 1393 1296 1444 senectute
1313 1388 1469 1458 tremulae,
1491 1391 1520 1446 in
1549 1391 1613 1463 ipso
1636 1395 1800 1464 juventutis
1830 1400 1901 1457 llere

1069 1481 1204 1532 nascente
1220 1477 1285 1548 (ot).

1376 1584 1494 1641 CAPUT
1509 1587 1581 1643 XIV.

1067 1671 1313 1742 deprehenduntur·
1327 1675 1378 1743 qni
1405 1677 1531 1731 cornuto
1559 1678 1594 1731 cd
1614 1681 1805 1736 terrrulentiurn
1822 1700 1897 1766 prae·

1100 1749 1219 1815 purant:
1254 1762 1268 1799 e
1308 1745 1401 1815 rrrrrjor
1427 1763 1484 1802 esse
1515 1750 1585 1816 vini,
1614 1766 1697 1821 quam
1728 1769 1825 1809 ereneus
1848 1758 1896 1812 or's

1101 1815 1264 1871 ostmrdr'tur.

1101 1923 1146 1976 51.
1165 1921 1235 1986 Quis
1250 1922 1308 1978 tale
1323 1922 1443 1979 miscuit
1458 1925 1565 1982 luroris
1575 1927 1818 1997 poculum‘lQuis
1831 1937 1908 1988 tan.

1069 2010 1895 2077 tumintnnditmentibusvcnenumtPcriclitaturbcmc

1067 2097 1163 2153 lutum
1180 2115 1244 2154 csse
1260 2099 1296 2155 de
1313 2117 1433 2173 corpore
1450 2104 1527 2174 (ὄὶ);
1544 2109 1572 2158 et
1596 2103 1660 2177 ipsc
1690 2107 1747 2162 sibi
1762 2125 1830 2165 reus
1852 2114 1897 2166 est

1067 2186 1188 2242 insanire
1208 2186 1388 2259 voluntariae,
1409 2191 1581 2264 corruptele
1609 2199 1777 2266 spontaneae
1791 2216 1797 2265 ;
1809 2201 1839 2254 et
1855 2203 1897 2254 ta-

1068 2291 1135 2330 men
1146 2293 1200 2331 nec
1216 2293 1266 2332 vos
1282 2278 1463 2334 excusamini
1479 2280 1530 2352 qui
1543 2284 1651 2338 vocatis
1667 2287 1700 2340 ut
1719 2287 1840 2356 amicos,
1869 2293 1897 2344 at

1067 2364 1201 2420 emittitis
1218 2371 1250 2421 ut
1262 2366 1406 2424 inimicos.
1424 2369 1538 2432 Onanto
1553 2372 1662 2429 melius
1677 2374 1706 2430 in
1722 2379 1830 2433 terram
1846 2381 1897 2434 tun

1066 2453 1134 2508 vina
1147 2453 1298 2512 fudisses?
1314 2457 1369 2512 Sed
1385 2461 1413 2512 et
1428 2462 1506 2513 terra
1528 2459 1663 2529 inebriat,
1690 2468 1718 2518 et
1732 2467 1896 2537 asperiores

1066 2541 1155 2598 ctiam
1171 2541 1250 2616 ipsas
1269 2546 1345 2602 leros
1368 2547 1474 2616 reddit,
1497 2548 1522 2603 si
1537 2548 1596 2602 νὶηἰ
1627 2552 1783 2625 contigerit
1813 2556 1893 2612 odor.

1065 2631 1196 2702 Denique
1210 2633 1364 2690 vindemia
1379 2639 1511 2708 tempore
1525 2637 1550 2692 si
1578 2639 1694 2695 vincam
1708 2642 1892 2713 intraverint,

1065 2719 1159 2776 solent
1174 2721 1313 2779 ebrietate
1327 2724 1477 2780 succendi.
1493 2726 1567 2792 Quid
1582 2731 1609 2784 te
1621 2727 1768 2787 delectant
1783 2732 1893 2790 damna

1065 2808 1127 2864 siue
1143 2810 1260 2882 gratia?
1271 2813 1366 2885 Rogas
1382 2814 1418 2868 ad
1431 2815 1660 2886 jucunditatem,
1672 2820 1753 2892 cogis
1763 2821 1800 2876 ad
1812 2839 1889 2879 mor-

1064 2901 1146 2952 tun:
1176 2898 1335 2957 invitusad
1356 2904 1524 2974 prandium,
1542 2905 1643 2962 efferre
1663 2908 1707 2963 vis
1736 2909 1772 2965 ad
1788 2909 1885 2983 sepul·

1064 3003 1147 3042 crum
1163 2988 1237 3059 (’”);
1254 2990 1334 3046 cibos
1345 2991 1502 3064 promittis,
1517 2997 1664 3051 tormenta
1678 2996 1793 3071 irrogas
1804 3017 1811 3054 :
1823 2999 1891 3056 vina

1064 3078 1230 3149 protendis,
1245 3096 1357 3135 venena
1371 3082 1527 3138 suffundis.
1544 3088 1635 3141 Omne
1649 3086 1728 3141 enim
1745 3086 1890 3160 quidquid

1069 3169 1163 3231 nocet,
1178 3182 1322 3224 venenum
1334 3174 1388 3224 ast.
1406 3170 1493 3226 Tollit
1507 3188 1623 3242 sensus,
1647 3174 1759 3231 viscera
1785 3177 1891 3244 exurit,

1070 3270 1208 3311 somnum
1223 3255 1354 3324 infestat,
1369 3265 1554 3331 capotuerat.

1104 3344 1149 3399 52.
1166 3344 1261 3400 Etiam
1277 3348 1371 3418 major
1383 3348 1426 3404 vis
1441 3347 1510 3416 rici,
1527 3367 1615 3422 quam
1644 3354 1747 3410 veneni
1773 3357 1827 3410 est.
1844 3353 1895 3409 De·

1070 3432 1159 3504 nique
1187 3451 1330 3490 vencnum
1359 3436 1425 3492 rino
1452 3436 1626 3509 excinditur,
1645 3459 1704 3499 non
1727 3443 1831 3515 vinum
1848 3459 1897 3500 ve·

1070 3540 1155 3577 neno.
1171 3522 1353 3580 MeritnDeus
1369 3542 1419 3596 per
1435 3525 1553 3597 Moysen
1571 3547 1629 3585 nou
1649 3530 1744 3588 solum
1774 3548 1895 3600 veneno,

1071 3611 1120 3666 snit
1142 3611 1230 3667 etiarn
1260 3601 1420 3668 draconum
1440 3630 1562 3683 veneno,
1590 3618 1693 3674 vinum
1717 3621 1896 3695 comparavit

1077 3699 1199 3756 dicens:
1223 3725 1237 3752 α
1260 3702 1351 3756 Furor
1363 3703 1524 3758 drnccnnm
1540 3703 1640 3761 vinum
1655 3723 1767 3777 eorum,
1793 3714 1821 3766 et
1849 3710 1893 3766 ira

1071 3789 1208 3861 aspidum
1226 3789 1402 3846 insanabilis
1419 3793 1505 3862 (Dent.
1527 3810 1614 3863 xxnrr,
1630 3795 1686 3866 33).
1704 3819 1718 3845 »
1729 3797 1764 3851 nt
1775 3797 1897 3869 pulchre

1071 3878 1195 3947 addidit,
1216 3879 1399 3950 insanabilis;
1418 3879 1503 3935 multi
1520 3882 1598 3938 cuim
1617 3900 1634 3937 a
1650 3883 1761 3956 reliquo
1776 3901 1898 3957 serpen-

1071 3969 1146 4024 tium
1161 3985 1271 4025 reneno
1299 3973 1449 4036 curantur,
1475 3987 1560 4028 nemo
1577 3974 1613 4028 ab
1637 3972 1785 4029 ebrictat.
1816 3974 1897 4029 Certa

1072 4075 1182 4116 veneno
1209 4075 1276 4114 caru
1309 4057 1489 4127 vulneratur,
1518 4077 1602 4118 mens
1631 4061 1694 4117 sine
1727 4079 1802 4118 nona
1834 4065 1897 4118 est:

1073 4148 1198 4204 ebrietas
1220 4149 1255 4204 ad
1281 4149 1562 4221 corporismortem,
1591 4151 1697 4206 mentis
1726 4150 1814 4206 ctiam
1843 4149 1898 4222 (56)

1075 4237 1188 4294 crimen
1201 4237 1344 4310 adjungit.
1362 4238 1486 4294 adverte
1501 4242 1599 4295 autern
1613 4245 1642 4296 et
1663 4239 1790 4313 pertidia
1813 4253 1901 4296 uene-

1075 4344 1158 4393 num,
1174 4327 1233 4382 rini
1254 4326 1434 4382 declaratum
1460 4327 1588 4384 nomine.
1605 4330 1652 4384 nit
1666 4330 1745 4386 enim
1761 4346 1851 4403 supra
1865 4329 1901 4385 de

1076 4416 1260 4488 alienigenis,
1276 4415 1326 4487 qui
1342 4414 1489 4471 nescirent
1512 4417 1614 4473 Deum.
1639 4419 1698 4475 «De
1716 4418 1801 4476 vinea
1823 4416 1902 4475 enim

224 4543 282 4615 (49)
302 4543 409 4598 Omnes
421 4542 501 4609 edit,
519 4542 630 4611 loupiac
645 4541 829 4596 corrtcntionec
854 4541 981 4608 diuersae,
997 4551 1022 4598 et
1038 4531 1061 4595 D
1139 4539 1222 4589 Mater
1237 4541 1348 4590 tneoenn
1362 4543 1456 4603 clypeo
1471 4542 1712 4595 obarmansttlium.

192 4631 307 4686 magno,
328 4618 381 4670 etc.

229 4687 285 4758 (50)
314 4683 490 4757 Apopotlrctes
516 4683 607 4754 judex
635 4699 668 4737 uc
702 4699 809 4754 presses
837 4683 1018 4750 certaminis,

191 4759 248 4814 boc
263 4757 326 4812 loco
342 4757 418 4812 idern
435 4760 523 4826 atquc
547 4753 670 4810 convivii
703 4753 879 4810 moderator.
906 4755 1019 4810 Etenim

192 4829 328 4886 solebant
342 4827 455 4899 antiqui
469 4826 641 4898 priusquam
654 4824 871 4881 discumberent
883 4826 949 4882 talis
961 4843 1020 4880 sor-

192 4901 254 4970 tiri,
269 4903 298 4954 ct
311 4898 356 4955 cui
369 4901 468 4971 jactus
484 4897 604 4954 Veneris
621 4899 753 4952 omniurn
770 4898 1020 4953 lbrtnnatissirnus

193 4971 349 5037 euenisset,
379 4971 473 5025 eidem
498 4986 620 5042 regnum
636 4969 696 5023 vini
712 4967 959 5035 courmittebalur,
988 4973 1021 5023 ut

193 5063 229 5102 ex
258 5041 375 5098 Horatio
392 5057 566 5113 cognoscere
579 5047 623 5096 est
639 5039 688 5095 lib.
709 5055 728 5106 r,
757 5040 850 5105 odet,
868 5040 961 5095 etlib.
990 5057 1019 5107 u,

193 5116 251 5173 odc
264 5116 292 5169 5.
307 5112 407 5169 tonuit
421 5113 509 5168 etiarn
526 5117 645 5168 sanctus
660 5112 761 5166 doctor
776 5110 865 5165 luisse
880 5112 928 5182 qni
939 5111 1033 5166 biba·

196 5185 295 5243 citatis
312 5184 464 5256 premium
488 5189 691 5256 proponerent,
718 5183 794 5252 cirrosi
824 5181 1021 5238 Alexandrum

195 5260 244 5316 Ma
266 5273 336 5310 num
351 5255 498 5311 lectitasse
509 5261 642 5311 auctores
654 5256 826 5309 memorant.

233 5273 291 5400 (gt)
308 5327 441 5393 Scummn,
457 5326 539 5382 locus
554 5326 641 5382 fossis
661 5324 804 5380 inclusus.
834 5324 883 5378 nbi
913 5323 1022 5396 gladia-

195 5405 277 5456 tores
293 5398 458 5453 certabunt:
473 5397 664 5469 equibusqui
678 5395 897 5462 succumbebat,
910 5395 1025 5450 sublata

196 5488 289 5530 manu
305 5468 415 5524 victum
433 5485 463 5523 se
484 5469 639 5534 t'etebntur,
655 5485 687 5523 nc
698 5467 812 5522 veniam
829 5467 1006 5538 postulabat.

234 5545 292 5614 (52)
308 5539 446 5596 Sciebant
462 5541 511 5612 qui
527 5540 669 5597 vulnerati
680 5538 722 5594 rel
736 5537 901 5611 interempti
912 5539 1027 5595 suerent

195 5616 228 5672 iu
250 5611 363 5688 pretio,
383 5612 503 5670 domum
523 5612 552 5668 iu
569 5612 668 5688 clypco
684 5609 803 5670 reterri:
829 5610 906 5669 unde
933 5611 1025 5672 Auso-

197 5687 273 5756 nius
288 5682 324 5745 da
340 5683 460 5750 baceno
475 5682 616 5746 mullera:

1138 4604 1203 4651 Cum
1218 4603 1277 4662 boc,
1294 4603 1391 4666 inquit,
1404 4609 1450 4652 ant
1465 4604 1492 4654 in
1506 4605 1557 4654 boc
1570 4606 1636 4656 redi.

1111 4683 1167 4755 (53)
1184 4683 1258 4739 Edit.
1276 4688 1348 4749 aut,
1374 4685 1404 4738 tn
1431 4685 1488 4755 ipso
1511 4687 1665 4756 juventutis
1683 4688 1751 4757 {lore
1777 4693 1900 4751 arentem

1076 4755 1160 4810 Rom.
1178 4761 1207 4809 et
1223 4772 1294 4809 mss.
1317 4754 1486 4821 nonnuli,;..
1504 4763 1666 4814 marcentes.
1681 4759 1737 4814 Sex
1753 4756 1802 4812 alii
1820 4755 1903 4811 bouae

1075 4826 1179 4895 relatis,
1193 4835 1330 4881 nascente.

1111 4898 1167 4969 (54)
1183 4896 1290 4953 Omnes
1305 4898 1386 4959 edit..
1402 4898 1492 4952 ultum
1507 4914 1563 4954 cose
1582 4899 1616 4953 dc
1642 4914 1763 4967 corpore.
1790 4899 1901 4953 Omnes

1076 4985 1147 5023 mss.
1164 4970 1252 5023 tutu-m
1266 4985 1323 5024 esse
1341 4970 1375 5024 de
1399 4985 1520 5039 corpore,
1551 4969 1579 5023 id
1595 4975 1647 5032 est,
1667 4969 1848 5042 periclitatur
1862 4969 1903 5027 ita

1076 5041 1236 5112 corrumpi,
1260 5041 1370 5110 atejus
1393 5057 1499 5112 corpus
1530 5039 1561 5093 in
1586 5039 1837 5098 lutumvertatur.
1868 5042 1902 5098 st
1977 5063 1982 5073 ¹

1077 5112 1190 5167 aeneid
1218 5113 1393 5167 renui-inane
1421 5116 1483 5165 tum
1510 5127 1594 5167 voces
1614 5111 1669 5166 illue
1698 5117 1901 5185 sequentes...,

1077 5181 1734 5318 tltttttlttttttfiellttllttliilt⁵
1761 5185 1811 5240 uu
1841 5185 1899 5242 ⁸³*

1115 5326 1172 5397 (55)
1188 5326 1257 5380 lites.
1279 5325 1337 5379 lere
1353 5323 1389 5377 ad
1405 5340 1511 5392 unum,
1527 5341 1577 5380 nec
1589 5328 1663 5397 [erre
1684 5329 1724 5382 uis
1752 5327 1787 5382 nd
1814 5329 1905 5402 sepul·

1079 5413 1171 5456 cram:
1187 5413 1235 5451 acc
1249 5396 1322 5465 serre
1332 5395 1390 5466 jas,
1402 5399 1457 5449 etr.

1116 5468 1172 5538 (56)
1188 5468 1230 5521 ltn
1245 5483 1295 5520 sex
1311 5481 1381 5519 mss.
1398 5465 1529 5523 melioris
1542 5471 1626 5525 ncta.
1642 5469 1697 5524 nlit
1708 5473 1806 5526 autem
1818 5474 1906 5542 atquo

1081 5555 1184 5596 omnes
1199 5537 1280 5604 edit,
1297 5537 1468 5606 statueretur,
1484 5539 1546 5595 virro
1561 5557 1655 5597 ruens:
1668 5544 1753 5598 auxta
1763 5553 1801 5601 est
1821 5542 1908 5605 ebrie·

1082 5615 1124 5671 tar
1138 5610 1173 5670 od
1186 5610 1308 5687 corporis
1320 5609 1473 5687 reniterent,
1489 5613 1575 5672 ruenti
1588 5615 1682 5690 dium,
1708 5617 1763 5678 etc.
