4159 6184
160 345 221 432 837
569 351 622 414 Db}
642 346 1009 415 mruaeuabe'rronu
1029 349 1100 414 Ι(ΟΒ
1122 355 1172 414 ΕΤ
1193 352 1315 414 bevra
1338 353 1412 414 bre.
1436 354 1459 414 1.
1807 361 1866 422 838

160 486 245 542 nrino
258 484 406 542 evidenter
419 487 571 560 expressit.
588 486 620 542 In
635 501 693 559 quo
708 485 796 541 etiam
818 484 984 558 interpellat
1001 508 1022 563 Α
1079 503 1138 538 rnrn
1155 487 1183 539 in
1200 487 1296 540 lectulo
1312 487 1387 541 aratris
1409 485 1443 542 od
1464 489 1579 556 quietem
1595 488 1656 542 italo
1681 492 1867 548 rrlb‘n'lndr'rrc

160 590 217 646 pm
232 573 317 629 nobi„
332 574 437 643 Deum,
452 575 529 649 qnod
545 574 656 632 oblitus
677 574 775 648 operis
789 574 848 644 gui,
876 575 986 630 oblitus
1077 559 1189 640 carnari,
1203 565 1282 628 atque
1296 575 1332 611 ec
1345 558 1439 613 eoam
1453 573 1549 613 tracuoa
1564 575 1596 613 ee
1609 560 1693 615 nelos
1708 578 1864 633 earurqrrc,

160 661 275 720 collate
290 662 320 720 in
336 663 486 721 hominem
501 662 685 721 liberalitatis
701 666 730 719 et
757 661 869 736 gratie,
899 678 955 735 que
1933 729 1937 738 ,

160 753 592 826 tuendumatqueornandum
617 756 796 826 susceperat,
825 750 987 825 derelique·
1077 753 1104 807 b.
1121 752 1213 816 Quam
1244 753 1353 808 misero
1381 753 1508 810 hominis
1534 755 1751 829 candidaque
1781 762 1864 831 quasi

956 677 985 716 m
1076 642 1140 700 quae
1153 629 1219 685 urtae
1235 629 1315 684 istius
1330 631 1419 700 imapo
1433 633 1481 684 cst.

161 843 212 913 rit,
227 846 257 897 et
271 841 423 898 infirmum
439 859 473 899 ac
490 842 665 916 naufragum
681 838 804 898 diversis
831 839 987 896 infirmita·
1043 839 1224 898 mercenaria
1238 841 1303 897 aliis
1319 839 1441 910 laborat,
1456 842 1511 898 sibi
1526 842 1646 915 indiget,
1659 849 1687 901 et
1698 846 1756 902 nisi
1772 847 1867 904 aliena

160 931 244 987 tibus
259 930 392 1003 rejecerit
407 931 602 988 atterendum.
617 930 699 996 Quod
713 930 792 987 idem
808 933 875 987 ante
889 930 986 1002 ipsum
1044 930 1244 988 misericordia
1267 934 1432 988 sustentare
1458 947 1488 988 aa
1514 933 1630 1005 neqnitl
1654 935 1786 999 Quotidie
1811 940 1866 994 sub

161 1019 272 1076 lecerat
286 1025 406 1078 sanetus
419 1021 475 1076 Job
493 1037 499 1076 :
521 1020 571 1076 sed
588 1021 643 1076 iste
658 1018 810 1084 moralius,
825 1018 874 1075 ille
902 1018 987 1076 rehe-
1043 1021 1211 1089 formidine,
1224 1021 1279 1076 sub
1296 1019 1399 1076 timore
1414 1036 1529 1092 gravem
1543 1007 1670 1078 tolerans
1685 1025 1865 1098 servitutem,

161 1109 303 1166 mentius.
319 1109 478 1183 Utriusque
493 1109 584 1184 igitur
612 1106 862 1181 interpellationes
889 1106 988 1164 consi·
1043 1115 1072 1166 et
1092 1127 1127 1166 ne
1149 1109 1384 1182 deprehendatur
1399 1129 1416 1165 a
1431 1109 1565 1178 Domino,
1581 1113 1704 1170 erratica
1720 1119 1807 1187 atque
1823 1117 1867 1170 iu-

161 1200 265 1255 derare
279 1199 357 1255 cardi
374 1205 429 1267 est,
445 1201 523 1272 quod
546 1201 575 1255 ia
590 1198 637 1254 bis
651 1197 716 1254 rite
732 1196 869 1254 humane
895 1198 990 1252 forma
1044 1199 1133 1273 giliva
1148 1200 1202 1254 sub
1223 1201 1328 1254 umbra
1344 1200 1468 1271 quadam
1495 1201 1592 1256 saculi
1616 1202 1706 1273 hujus
1729 1207 1811 1276 putat
1837 1222 1868 1261 se

161 1287 346 1362 exprimitur,
371 1304 461 1344 causa
490 1287 596 1362 egitur,
612 1287 803 1362 prerogativa
831 1286 985 1343 formatur.
1046 1305 1130 1360 posse
1152 1287 1329 1343 delitescere.
1347 1287 1504 1345 Considera
1526 1288 1609 1344 illum
1634 1291 1751 1364 dequo
1775 1294 1815 1350 ait
1837 1293 1867 1350 in

162 1380 223 1432 Suo
238 1376 328 1450 igitur
342 1376 444 1434 ordine
458 1377 622 1449 spectandae
639 1375 723 1432 nobis
738 1380 817 1431 suot.
942 1421 946 1428 .
1046 1376 1246 1434 Ecclesiastico
1261 1377 1361 1432 Sirach
1379 1396 1385 1432 :
1400 1401 1412 1426 α
1429 1377 1530 1434 Omnis
1547 1379 1634 1436 homo
1649 1382 1868 1452 transgrediens

482 1481 600 1538 CAPUT
628 1481 662 1537 Ι),
1046 1467 1073 1522 in
1091 1466 1165 1522 lecto
1180 1483 1243 1532 suo,
1260 1471 1448 1522 conterraneus
1464 1471 1492 1522 et
1508 1467 1607 1524 dicens
1622 1468 1653 1523 in
1668 1469 1767 1526 anima
1791 1489 1845 1528 sua
1861 1492 1867 1528 :

163 1572 302 1642 Quomodo
330 1573 422 1629 beatu,
442 1569 774 1638 10p‚0m,·,3,·50m„2·pm
797 1572 898 1641 pm,
921 1583 989 1623 m.
1046 1553 1116 1620 Quis
1129 1553 1868 1634 meridettTenebrecircumdantrneetparietes,

199 1660 269 1713 reru,
284 1653 415 1716 tauquam
431 1645 516 1700 bouus
529 1643 632 1699 otbbta
656 1640 909 1713 perturbationibus
935 1656 990 1696 non
1046 1660 1132 1717 quam
1153 1659 1253 1700 versor
1274 1643 1367 1716 (Ereti.
1383 1660 1463 1712 xxrrr,
1479 1645 1523 1714 25,
1540 1646 1604 1718 ‘26)i
1616 1669 1630 1697 »
1644 1647 1745 1705 Nonne
1759 1649 1813 1705 tibi
1828 1651 1869 1706 vi.

199 1718 321 1782 cesserit,
333 1732 384 1772 nec
396 1722 501 1772 certare
514 1715 687 1771 remittit·
1046 1732 1131 1788 detur
1147 1732 1201 1788 iste
1217 1749 1281 1788 vere
1301 1748 1365 1788 esse
1388 1733 1586 1790 mercenarius
1601 1735 1651 1807 qui
1667 1754 1722 1794 sua
1733 1738 1870 1810 prodide-

200 1824 228 1878 4.
245 1822 372 1880 Amissis
385 1822 485 1894 itaque
499 1820 600 1878 liberis
611 1819 667 1878 roo
679 1823 768 1892 atque
779 1817 991 1874 omnibussuis
1047 1821 1084 1876 rit
1103 1821 1215 1892 (75),·ut
1239 1819 1287 1877 ille
1312 1820 1482 1882 adolescens
1506 1821 1534 1877 in
1560 1823 1715 1897 Evangelio
1731 1827 1806 1898 (Luc.
1822 1844 1868 1896 xv,

162 1916 270 1986 prater
285 1928 416 1978 uxorem,
433 1929 497 1984 que
512 1910 538 1966 ei
554 1908 617 1967 sola
633 1909 669 1965 ad
688 1907 880 1964 tentationem
896 1877 1030 1962 lueratB
1047 1909 1080 1966 13
1094 1914 1121 1966 ct
1134 1909 1213 1982 seq),
1228 1910 1277 1982 qui
1303 1908 1411 1984 legitur
1435 1912 1581 1984 accepisse
1596 1919 1710 1986 epatre
1733 1916 1870 1972 substan-

164 2004 324 2070 reservstn,
338 1999 577 2075 pertususetiam
594 1998 652 2071 (72)
682 1996 780 2054 ulcere
807 1996 882 2053 02⁷
898 1995 991 2068 gravi,
1045 1999 1092 2054 tle
1106 1999 1281 2071 portionem,
1299 2003 1328 2056 et
1342 2016 1430 2072 egens
1455 2005 1543 2074 atque
1567 2001 1738 2077 inopsque
1763 2005 1870 2062 samem

162 2108 234 2147 cum
249 2091 359 2148 videret
386 2089 496 2147 amicos
525 2104 595 2145 suos
623 2104 683 2143 non
713 2086 749 2142 ad
778 2084 990 2142 consolandum
1048 2087 1164 2157 levaret,
1180 2105 1298 2161 pascere
1322 2104 1426 2162 greges
1441 2089 1528 2163 coepit
1546 2089 1668 2163 alienos,
1684 2099 1716 2148 ut
1740 2094 1871 2151 mercede

161 2179 291 2250 venisse,
304 2181 354 2236 sed
371 2179 408 2236 ad
424 2176 661 2252 exaggerandum
676 2180 705 2232 et
718 2175 915 2232 acerbandum
940 2174 991 2230 do·
1047 2181 1198 2248 sumptum
1208 2178 1466 2234 exerceretsuum‘l
1477 2179 1530 2234 Sed
1544 2177 1592 2235 ille
1603 2184 1702 2238 tamen
1713 2180 1871 2255 aliquando

162 2270 269 2338 iorem,
285 2269 410 2327 advertit
424 2285 442 2325 a
455 2266 579 2324 Domino
596 2266 696 2324 datam
709 2264 739 2321 in
766 2280 798 2322 se
825 2263 992 2320 adversario
1046 2282 1205 2322 conversus
1220 2271 1274 2334 est,
1291 2265 1360 2338 quia
1379 2267 1496 2323 revertit
1519 2269 1555 2325 od
1575 2272 1699 2342 patrem,
1711 2275 1740 2328 et
1753 2275 1872 2346 peccata

163 2358 298 2415 tentandi
312 2358 360 2415 sui
374 2359 558 2431 potestatem.
575 2354 609 2410 aa
636 2353 771 2427 quamvis
785 2351 908 2431 sagittas
935 2351 991 2409 Do·
1047 2371 1101 2412 sus
1116 2371 1173 2412 non
1190 2354 1337 2427 repressit,
1361 2355 1411 2412 sed
1427 2357 1565 2428 prodidit.
1584 2357 1636 2416 llio
1660 2363 1759 2418 autem
1774 2361 1824 2433 qui
1841 2378 1872 2418 se

164 2447 241 2503 mini
252 2448 283 2502 in
297 2462 418 2521 corpore
439 2462 494 2502 suo
521 2444 643 2502 sentiret
670 2459 745 2512 esse,
775 2442 884 2514 quibus
912 2457 990 2498 oom-
1046 2443 1195 2500 existimat
1209 2445 1245 2499 ab
1260 2461 1294 2500 eo
1309 2444 1360 2516 qni
1382 2444 1482 2500 omnia
1495 2445 1582 2516 videt,
1597 2464 1655 2504 non
1670 2449 1772 2521 videri,
1787 2455 1816 2506 et
1830 2455 1872 2508 te·

164 2536 258 2610 pungi
275 2552 307 2593 sa
322 2537 442 2602 dicaret,
457 2539 557 2591 tamen
572 2531 657 2606 quasi
681 2531 777 2589 bonas
791 2530 911 2600 athleta,
941 2530 991 2603 qui
1047 2531 1144 2590 nebris
1160 2537 1243 2604 putat
1258 2532 1417 2590 commissa
1436 2549 1490 2589 sua
1510 2551 1596 2606 posse
1620 2535 1718 2606 celari,
1736 2539 1871 2595 umbram

164 2623 258 2682 dolori
274 2642 332 2682 non
348 2625 472 2691 cederet,
487 2639 541 2680 uec
556 2623 631 2680 dura
644 2620 814 2679 certaminis
834 2624 991 2686 recusaret,
1047 2619 1199 2694 pretendit
1212 2637 1218 2676 :
1233 2621 1283 2676 sed
1300 2621 1409 2677 trustra
1424 2620 1514 2678 latere
1528 2639 1559 2679 se
1575 2622 1676 2694 credit,
1688 2641 1755 2681 cum
1770 2626 1873 2683 oculus

165 2715 306 2772 addidit:
336 2739 350 2765 ι(
367 2713 512 2787 Incipiens
539 2711 683 2768 Dominus
708 2709 851 2779 vulneret,
879 2709 910 2764 in
934 2709 993 2766 tine
1049 2711 1173 2778 Domini,
1190 2709 1315 2766 lucidior
1334 2708 1405 2776 sole,
1417 2709 1531 2767 occulte
1545 2712 1645 2768 omnia
1663 2713 1872 2788 deprehendet,

163 2803 541 2876 autemnonmeperimat
564 2801 621 2874 (73)
624 2841 692 2857 ......
722 2800 791 2865 Qum
820 2799 899 2856 enim
926 2814 993 2855 mea
1047 2799 1124 2856 028
1139 2798 1293 2864 tenebrosa
1309 2797 1466 2869 illuminet,
1479 2803 1507 2856 et
1522 2800 1617 2856 intimi
1630 2802 1726 2859 cordis
1742 2808 1874 2876 penetret

163 2893 270 2962 virtus,
285 2893 337 2966 qui
351 2891 482 2950 sustineo
498 2908 505 2948 :
522 2895 571 2947 aut
585 2890 664 2963 quod
682 2905 782 2946 meum
804 2891 932 2961 tempus,
960 2891 993 2943 ut
1047 2887 1367 2961 conscientiam,atque
1383 2887 1412 2944 in
1429 2887 1488 2945 alta
1501 2893 1530 2946 et
1543 2891 1690 2964 profunda
1704 2891 1872 2950 descendat.

165 2982 289 3039 subierat
303 2982 403 3039 anima
417 2998 482 3038 mea
496 2981 510 3035 7
524 2978 672 3052 Numquid
688 2977 827 3035 tortitudo
848 2975 991 3050 lapidum,
1046 2976 1147 3033 Vanus
1161 2993 1229 3050 ergo
1245 2977 1296 3049 qui
1311 2980 1397 3049 putat
1415 2978 1544 3034 tenebris
1559 2994 1623 3036 esse
1638 2997 1669 3036 se
1684 2983 1792 3048 tutum,
1805 2999 1872 3038 cum

163 3071 307 3129 tortitudo
322 3088 388 3128 mea
403 3089 409 3127 :
425 3074 476 3127 aut
490 3085 594 3126 carnes
622 3083 695 3125 mear
713 3071 784 3124 sant
811 3081 914 3122 aerea:
942 3068 993 3121 sat
1047 3065 1142 3121 lucem
1159 3065 1249 3122 vitare
1271 3082 1330 3122 non
1353 3065 1456 3139 possit,
1469 3084 1533 3140 que
1554 3066 1631 3124 lucet
1646 3069 1674 3124 in
1689 3071 1829 3139 tenebris,
1845 3075 1874 3126 et
1917 3121 1920 3128 .

165 3178 227 3217 nou
242 3161 272 3217 in
286 3161 351 3234 ipso
366 3159 549 3216 confidebam
563 3157 577 3213 i
592 3157 778 3230 adiutorium
790 3161 920 3213 autema
946 3169 993 3210 me
1047 3152 1173 3210 tenebre
1189 3170 1253 3212 cam
1269 3171 1327 3210 non
1347 3155 1610 3228 comprehendunt.
1626 3159 1713 3223 Quasi
1733 3160 1873 3232 fugitivus

165 3250 289 3307 recessit
304 3269 310 3306 :
326 3248 454 3306 visitatio
469 3251 566 3304 autem
580 3246 645 3318 ejus
658 3245 790 3320 despexit
805 3261 851 3302 me
866 3246 935 3315 (leb.
950 3259 990 3310 vr,
1007 3249 1029 3317 0
1048 3243 1146 3316 itaque
1161 3247 1190 3300 et
1204 3244 1300 3300 malus
1315 3245 1514 3302 mercenarius
1528 3246 1766 3320 deprehenditur,
1782 3253 1811 3306 et
1825 3267 1874 3305 on·

163 3340 255 3412 9.(3),
1047 3335 1167 3404 tequam
1183 3349 1214 3388 se
1229 3332 1364 3402 occultet,
1380 3333 1561 3407 agnoscitur3
1577 3336 1647 3408 quia
1662 3337 1796 3405 Domino,
1812 3355 1873 3394 om-

203 3429 231 3483 5.
249 3450 260 3478 ι
273 3427 375 3484 Nonne
388 3429 603 3483 tentamentum
619 3429 664 3481 est
675 3423 734 3479 vita
749 3421 878 3479 bominis
893 3423 923 3477 in
937 3424 994 3478 ter·
1048 3421 1095 3476 nia
1112 3424 1268 3493 antequam
1284 3428 1404 3494 querat,
1417 3425 1533 3496 cognita
1545 3431 1614 3480 sunt
1624 3427 1690 3498 (76),
1703 3444 1760 3483 non
1776 3427 1872 3484 solum

166 3536 212 3589 ra,
227 3521 256 3573 et
270 3515 347 3573 sicut
367 3513 539 3572 mercenarii
555 3512 718 3587 quotidiani
734 3510 795 3568 vita
807 3511 884 3584 ejus,
894 3513 945 3566 aut
956 3510 993 3566 si·
1047 3526 1110 3583 que
1127 3509 1214 3576 iacta,
1230 3509 1280 3565 sed
1296 3509 1384 3566 etiam
1401 3527 1465 3584 quae
1482 3513 1581 3569 sutura
1595 3519 1674 3570 sunt.

164 3601 651 3663 cutiamulustimensdominnm
680 3617 779 3667 suum,
810 3599 861 3673 qui
876 3616 908 3656 se
936 3598 991 3656 sub
1082 3600 1109 3654 7.
1126 3598 1203 3654 Perit
1217 3598 1308 3671 igitur
1323 3599 1456 3656 invacna
1469 3618 1521 3673 spe
1535 3602 1586 3674 qui
1601 3607 1685 3675 putat
1696 3606 1771 3677 quod
1784 3623 1871 3662 suum

166 3695 275 3752 umbra
290 3695 416 3767 obtegat,
432 3698 484 3748 aot
499 3691 575 3747 sieut
591 3689 790 3746 arcroenarius
818 3691 992 3762 exspectans
1047 3689 1158 3744 crimen
1174 3687 1335 3744 abscondat
1351 3705 1357 3744 :
1375 3688 1474 3744 sabula
1496 3693 1541 3745 esi
1566 3691 1655 3759 istud,
1673 3709 1729 3748 nan
1753 3696 1871 3752 veritas.

167 3783 334 3840 mercedem
347 3799 443 3850 suam,
459 3782 501 3838 sic
515 3784 544 3836 et
558 3795 611 3853 ego
626 3794 742 3836 meuses
756 3778 920 3851 exspectavi
942 3794 991 3832 va·
1047 3777 1177 3849 Denique
1206 3774 1303 3832 fabula
1333 3778 1515 3847 peccantium
1544 3779 1646 3845 otiosa,
1674 3799 1733 3836 non
1759 3783 1871 3839 babens

167 3889 252 3941 cuce,
267 3875 367 3928 noctes
381 3875 479 3927 autem
500 3868 635 3925 dolorum
662 3867 736 3924 date
750 3871 821 3924 sunt
849 3865 932 3932 mibi,
960 3865 992 3921 Si
1048 3866 1185 3932 tructam,
1200 3864 1250 3922 sed
1266 3865 1419 3938 gemitum.
1432 3865 1563 3921 Narratio
1574 3868 1651 3922 enim
1669 3868 1739 3924 errui
1757 3870 1872 3926 sarcina

165 3958 397 4035 quiescam,dico
413 3975 420 4013 ε
436 3958 557 4023 Quando
573 3957 636 4014 dies
650 3956 665 4011 ‘l
679 3956 710 4013 Si
724 3972 856 4029 surgam,
868 3954 988 4011 iterum:
1047 3953 1077 4010 in
1092 3954 1147 4010 via.
1159 3953 1233 4017 Quid
1249 3953 1327 4008 enim
1351 3953 1431 4010 aliud
1446 3959 1491 4010 est
1505 3961 1666 4028 peccatum,
1680 3955 1735 4011 nisi
1758 3933 1873 4014 sarcina

167 4050 293 4117 Quando
305 4064 409 4122 vesper
421 4051 435 4101 ,⁹
449 4047 555 4104 Plenus
570 4062 637 4102 sum
662 4043 814 4102 doloribus
828 4061 846 4101 a
871 4060 993 4116 vespera
1047 4058 1111 4114 quar
1124 4041 1214 4114 hujus
1230 4041 1327 4098 seculi
1344 4047 1445 4098 onerat
1456 4043 1595 4099 viatorem
1611 4042 1690 4116 gravi
1700 4045 1871 4117 depressum

163 4155 261 4212 usque
275 4137 311 4194 ad
327 4153 423 4193 mane.
436 4136 639 4192 Fermentotur
652 4132 724 4189 mibi
737 4149 844 4205 corpus
855 4131 885 4188 in
896 4137 993 4205 putre·
1047 4129 1125 4186 fasce
1140 4129 1247 4198 delicti,
1266 4130 1316 4204 qui
1333 4131 1356 4188 si
1381 4131 1469 4186 nollet
1494 4131 1573 4188 oneri
1598 4133 1760 4204 subjacere,
1771 4133 1873 4190 debuit

163 4228 235 4283 dine
247 4224 391 4283 vermium
407 4242 414 4280 ε
429 4221 587 4296 liquefacio
602 4225 699 4278 autem
714 4220 815 4294 glebas
830 4225 923 4290 terrae,
944 4237 990 4276 sa·
1048 4218 1149 4276 audire
1164 4219 1306 4275 dicentem
1325 4238 1359 4275 1«
1375 4219 1477 4275 Venite
1497 4219 1532 4275 ad
1549 4236 1594 4276 me
1609 4222 1775 4294 omnesqui
1791 4222 1871 4278 labo-

162 4315 245 4372 niem
261 4315 366 4371 radens
381 4312 528 4369 ulcerum.
546 4310 614 4367 vita
627 4315 726 4367 autem
742 4325 808 4366 mea
832 4307 922 4366 levior
947 4314 992 4365 est
1048 4309 1119 4366 ratis
1135 4312 1163 4365 et
1178 4309 1288 4366 onerati
1305 4310 1386 4376 estis,
1399 4314 1427 4365 el
1440 4326 1492 4382 ego
1507 4326 1557 4366 vos
1573 4310 1701 4366 reficiam
1713 4312 1816 4385 (Muttlr.
1831 4329 1870 4379 xr,

161 4403 264 4461 tabula
279 4403 349 4477 (7⁴).
366 4402 396 4459 in
412 4419 463 4475 ape
478 4417 570 4458 vacua
584 4398 660 4473 perit
662 4441 716 4456 .....
733 4398 846 4466 Dicam,
862 4396 992 4454 consola·
1046 4399 1115 4470 itit?
1132 4422 1145 4448 n

160 4489 544 4549 biturmelectaiosmeus
546 4531 601 4545 .....
618 4487 831 4544 Terresmein
855 4485 989 4553 somniis,
1081 4490 1108 4543 8.
1126 4487 1199 4555 Quid
1216 4493 1312 4543 autem
1338 4487 1542 4556 aerumnosius,
1560 4489 1704 4560 cumipse
1728 4489 1871 4547 loctnsad

161 4587 192 4640 et
208 4582 238 4637 in
253 4580 416 4638 visionibus
431 4595 478 4636 me
491 4576 624 4652 percellis
638 4577 708 4647 (lob.
724 4593 777 4645 vn,
791 4576 880 4648 l-ld).
903 4597 918 4625 »
1004 4621 1028 4684 D
1046 4593 1233 4633 communem
1249 4576 1377 4648 quietem
1393 4576 1481 4633 datus
1505 4593 1592 4650 grave
1606 4578 1715 4634 vulnus
1739 4579 1873 4652 inssigati

472 4702 589 4759 CAPUT
617 4702 665 4758 ffl¹
1044 4665 1875 4737 'iuncenimsolemusquelecimusrecordarietiaoto.

160 4793 484 4853 „mmmmm
500 4790 629 4860 ,lomim-5,
644 4792 694 4864 qm·
706 4790 827 4863 quotidie
853 4792 903 4846 sub
930 4793 988 4864 for,
1044 4771 1246 4854 romanorum
1267 4753 1395 4854 stimulis
1420 4755 1630 4854 compungitur
1656 4757 1777 4812 interior
1801 4772 1871 4812 con-

199 4866 305 4922 mfflm
323 4869 388 4921 m,-
417 4878 552 4936 quamque
573 4863 655 4919 ,mue
679 4865 776 4934 comm
802 4865 914 4934 maga
938 4879 989 4918 ,aa
1044 4847 1175 4900 scientia.
1193 4842 1275 4899 Unde
1300 4843 1451 4917 Scriptura
1467 4843 1617 4900 arthis:«
1635 4847 1701 4910 Quae
1727 4843 1824 4900 dicitis
1839 4843 1870 4898 in

199 4938 251 4994 ber·
262 4936 445 5009 coquitioucm
457 4933 564 5008 [attere
583 4949 685 5006 posse:
712 4937 778 4990 ium
802 4950 884 5006 quom
906 4935 988 4991 miae-
1044 4931 1183 4988 cordibus
1197 4931 1312 5000 vestris,
1329 4937 1357 4989 et
1371 4934 1400 4988 in
1418 4933 1565 4990 cubilibus
1581 4933 1684 4988 vestris
1700 4931 1873 5004 compungi·

199 5060 348 5130 (ramat.
366 5077 437 5117 mss.
455 5059 794 5131 duo,pcr!oasuactium,·
818 5057 991 5132 aliiperfu·
1046 5058 1102 5113 buo
1126 5055 1319 5129 proculdubio
1349 5057 1524 5114 referuntur.
1550 5060 1683 5110 Attamen
1715 5053 1776 5110 alirn
1800 5056 1869 5111 edit.

163 5149 214 5191 sus
227 5133 318 5188 ctiam.
1046 5137 1134 5200 atque
1163 5145 1234 5184 ursa.
1265 5132 1432 5185 constanter
1460 5127 1569 5200 legunt,
1591 5127 1675 5181 terior
1699 5131 1738 5182 eat
1760 5128 1889 5196 lucilla·

198 5203 258 5286 (73)
270 5203 350 5270 Voei,
361 5205 492 5276 perimat,
517 5201 701 5284 subjungunt
738 5201 872 5272 quedam
897 5200 989 5257 Paris.
1046 5199 1138 5256 Paris.
1155 5202 1289 5272 quartam
1304 5200 1374 5255 edit.
1387 5203 1453 5282 post
1468 5214 1550 5254 voces
1566 5197 1680 5252 lcetutua
1693 5215 1778 5261 meus,
1790 5198 1872 5254 addit

159 5277 247 5340 edit..
264 5274 374 5331 Sitmca
388 5277 485 5331 civitae
499 5273 664 5340 cerebrum,
680 5289 711 5328 ru
726 5289 779 5344 qua
797 5288 879 5344 super
899 5288 992 5328 murco
1047 5274 1166 5344 reseram
1181 5275 1272 5327 aulem
1287 5272 1322 5326 od
1345 5287 1388 5325 me
1402 5286 1490 5340 apruna
1506 5270 1611 5340 prirute
1634 5285 1784 5325 sermon-cnr
1798 5273 1870 5326 stro·
1970 5275 1971 5282 ’

149 5347 475 5414 ’.ςαὶιαὸαω,ιήεαποη
502 5345 680 5402 abstineam:
710 5359 765 5399 aaa
795 5347 871 5398 enim
892 5345 993 5414 fefelli·
1049 5343 1365 5414 tuimeo:quaeverba
1388 5341 1419 5395 in
1442 5340 1508 5396 airis
1532 5339 1601 5395 edit.
1617 5347 1644 5395 et
1667 5341 1780 5396 errantis
1797 5358 1870 5399 mss.

157 5418 349 5477 cerbaraucti
366 5420 418 5475 [rei
429 5419 493 5473 mci.
1048 5415 1233 5470 omittuntur.

197 5490 256 5562 (74)
270 5489 354 5545 Rom.
371 5489 441 5546 edit.
458 5504 527 5545 cum
552 5487 618 5544 cod.
643 5485 748 5542 'l'buan
762 5489 793 5541 et
817 5485 922 5553 baud„
954 5487 993 5542 te·
1084 5485 1140 5558 (75)
1156 5485 1225 5541 Mas.
1242 5482 1364 5554 aliquot,
1380 5485 1430 5538 iste
1445 5483 1488 5537 uir
1497 5499 1553 5539 esse
1562 5486 1747 5540 mercenarius
1762 5486 1811 5556 qai
1820 5501 1871 5541 aua

156 5566 225 5622 υἱον
265 5566 305 5616 est
346 5559 451 5632 sabata
480 5558 552 5615 LXX
579 5558 727 5630 interpa,
757 5555 921 5623 tbaquerpoe
948 5556 993 5605 λα-
1046 5557 1206 5630 proditerit.

158 5637 228 5689 λιᾶς.
244 5632 281 5688 Et
295 5631 534 5689 bancleetionem
549 5629 638 5687 etiarn
652 5628 826 5686 confirmant
840 5645 904 5702 que
918 5628 994 5685 intra
1085 5629 1140 5702 (76)
1155 5627 1201 5682 sio
1224 5642 1326 5682 omnes
1350 5642 1421 5681 mss.
1447 5642 1479 5680 ac
1504 5633 1559 5682 ret.
1576 5625 1657 5698 edit,
1685 5629 1766 5684 iterii.
1793 5644 1840 5684 rer
1861 5667 1869 5698 ,

159 5709 198 5766 de
215 5702 316 5761 tabula
330 5704 444 5762 stratui
463 5703 630 5761 narratione
643 5701 739 5776 legere
753 5706 798 5758 est
815 5718 822 5773 ;
851 5717 885 5759 ca
912 5701 993 5759 enim
1049 5703 1141 5758 omnin
1156 5706 1302 5772 uuthuom
1316 5701 1404 5766 eraut,
1421 5700 1529 5768 coquito
1547 5701 1620 5756 aaut.
