4159 6184
165 228 212 290 til
802 226 853 287 uu
875 226 1070 289 benenati
1092 226 1166 288 utu.
1188 226 1212 287 l.
1796 228 1856 290 462

164 378 212 417 rna
224 360 336 418 illorum
353 361 505 418 evenientem
520 360 555 417 nd
569 376 622 431 me,
643 361 669 415 ai
695 362 976 415 riirrannnnobnnlnr:
995 362 1017 425 Α
1038 377 1094 418 mv.
1109 360 1145 425 1).
1163 359 1214 415 Ubi
1231 358 1327 431 gratia
1340 358 1491 431 largienda
1516 364 1570 427 est,
1591 359 1725 417 Christus
1753 364 1853 419 adest:

161 452 198 505 sin
212 458 315 519 eaoear,
336 457 366 505 ut
379 452 466 507 aciem
478 448 555 521 (Gen
572 466 651 518 xvm,
669 448 699 504 2l
720 448 739 519 ).
755 447 816 503 Non
831 447 982 521 ignorabat
1038 448 1086 503 ribi
1103 448 1262 505 exercenda
1277 449 1427 515 severitas,
1438 449 1491 505 seli
1508 449 1764 520 adsuntministri,
1776 452 1858 509 deest

161 538 295 597 Dominus
310 542 430 612 peecata
445 538 653 605 Sodomorum,
668 537 722 594 sed
742 540 861 610 prepter
890 540 916 591 te
939 534 982 591 in·
1035 536 1131 592 Jcsus.

160 628 326 683 struendum
341 629 429 684 verba
444 626 616 699 hujusmodi
629 625 812 699 loquebatur,
831 628 861 681 ut
873 628 904 679 tu
920 641 982 697 pro·
1071 625 1115 680 51.
1133 624 1250 681 sedetet
1265 627 1312 681 tot
1323 625 1476 698 adportsm
1491 627 1574 696 (ltid.
1591 629 1609 698 ).
1626 628 1860 686 Emendaveraut

160 716 219 788 pies
233 716 375 773 scruteris
390 732 492 772 eorum
506 714 676 779 commissu,
691 714 720 769 in
738 730 811 787 quos
830 714 981 769 vindicen·
1037 712 1089 768 Lot
1104 718 1238 769 sanetum
1255 714 1376 770 adversa
1394 715 1569 787 captivitatis
1602 720 1632 771 ct
1658 715 1858 774 sollicitiorem

158 806 222 861 dum
239 804 401 862 arbitraris.
419 803 592 871 descendam,
611 802 715 875 inquit,
734 805 762 857 et
779 800 896 873 uideam,
926 800 981 857 hnc
1036 799 1178 857 lecerunt.
1204 801 1305 873 ltaque
1320 818 1457 874 processu
1473 804 1566 858 atatis
1582 804 1723 861 didicerat
1749 803 1857 862 imitari

158 892 360 963 est,etinmtu
381 893 557 950 descendere
586 908 667 958 eura,
697 891 840 947 descende
870 889 981 963 indagi-
1036 893 1196 961 parentem.
1213 890 1255 945 Ad
1269 894 1382 963 portam
1399 891 1498 963 itaque
1513 892 1642 961 sedebat,
1659 898 1692 949 ut
1714 892 1860 968 exciperet

156 983 199 1038 nis
222 983 340 1039 studio:
366 998 402 1037 ne
425 982 495 1054 quid
522 982 561 1038 sit
581 980 658 1054 quod
684 978 774 1050 fallat,
801 983 851 1035 aut
892 977 981 1034 lateat
1035 976 1233 1034 advenientes.
1249 977 1380 1049 lienique
1402 982 1558 1035 amenesii
1579 980 1769 1037 eheiemiltis.
1789 981 1858 1039 Per·

155 1072 322 1127 absentem:
340 1070 480 1127 uinculis
501 1068 841 1141 lacinusdcprcbendas.
859 1066 980 1123 liminus
1034 1063 1136 1121 lectior
1168 1065 1297 1121 cucurrit
1324 1065 1463 1122 obviam:
1489 1068 1544 1123 iste
1569 1070 1726 1125 exsurrexit
1758 1077 1784 1125 et
1805 1070 1856 1127 ed-

152 1160 238 1232 positi
267 1158 361 1215 multa
389 1158 502 1215 nescire
529 1162 664 1230 possunt.
694 1158 786 1222 Quem
820 1155 979 1212 clamorem
1033 1155 1126 1209 oravit
1141 1154 1170 1209 in
1184 1156 1283 1227 sociem
1297 1171 1381 1226 snper
1400 1160 1503 1212 terrem
1531 1161 1556 1212 et
1585 1157 1680 1213 dixit:
1707 1159 1784 1227 Ecce,
1809 1158 1856 1215 do·

151 1254 249 1304 autem
266 1247 317 1316 uit,
343 1246 401 1302 nisi
414 1246 487 1303 terte
500 1246 569 1319 qnia
592 1246 617 1302 ei
635 1262 724 1318 quem
739 1243 901 1313 nihillatet,
918 1243 979 1301 ela·
1033 1243 1116 1307 mirri,
1131 1242 1266 1300 derlinme
1280 1245 1308 1299 in
1324 1244 1433 1299 demam
1444 1246 1531 1317 pomi
1555 1248 1640 1301 vestri
1654 1245 1732 1318 (lbid.
1750 1248 1763 1302 l
1779 1250 1805 1303 et
1817 1248 1855 1320 2).

150 1331 979 1409 mautomnia,clamarevideotursingulorumcrimina‘l
1034 1329 1067 1385 tu
1079 1332 1174 1405 coegit
1187 1330 1253 1388 illos
1276 1332 1428 1402 divertere,
1450 1332 1501 1406 qni
1522 1334 1675 1390 dicebant:
1705 1338 1737 1390 ln
1762 1336 1858 1409 platea

149 1424 282 1499 lienique
296 1424 331 1480 ad
357 1424 426 1479 Cain
456 1423 582 1479 dicitur:
610 1424 728 1495 Scepsis
754 1423 849 1495 fratris
876 1422 920 1477 tet
943 1420 980 1478 ed
1032 1413 1297 1493 munatianensis.
1313 1422 1351 1493 2).
1368 1420 1659 1479 Commendamus
1687 1424 1762 1497 justi
1789 1441 1856 1483 san·

147 1532 190 1571 roe
212 1516 314 1571 elamet
338 1511 414 1578 (Gen.
441 1530 478 1582 rv,
511 1513 565 1584 10),
594 1512 650 1569 hoc
676 1515 721 1567 cst
747 1527 803 1567 non
830 1508 910 1579 latet,
927 1510 977 1567 sed
1032 1508 1467 1583 etitasetaugelorumgratia.
1487 1508 1532 1565 llli
1549 1510 1858 1570 nolebantudventnm

148 1603 258 1659 clamat
273 1600 464 1675 parricidium
481 1604 575 1655 tuum.
601 1601 701 1672 ltaque
729 1597 808 1655 velut
835 1598 978 1654 annitatur
1032 1614 1120 1653 uuum
1140 1597 1248 1671 hospiti
1262 1598 1424 1670 graviorem
1439 1598 1549 1656 videri:
1572 1598 1619 1655 illc
1634 1601 1752 1673 quidem
1783 1588 1860 1659 inter

149 1688 423 1764 Deusllagitiornm
454 1694 620 1745 nostrorum
650 1688 839 1755 elamoribus,
868 1691 896 1744 ct
924 1685 1745 1795 uli·Bquoshabituret,scicbat;tamen(t'l)demum
1773 1707 1858 1749 suam
1968 1740 1974 1751 .

150 1780 270 1854 quando
285 1777 421 1843 vindicet,
433 1777 481 1851 qui
498 1777 623 1834 libenter
634 1777 758 1851 ignescit
772 1776 840 1849 (ne).
1034 1774 1174 1831 offerebat
1187 1773 1337 1848 perieulis,
1349 1774 1457 1847 quihus
1473 1776 1600 1833 auferret
1620 1776 1761 1851 hospites.
1777 1780 1860 1837 Certe

184 1866 645 1940 48.1tentqueatnehnpetenti
670 1882 706 1921 ne
731 1863 819 1921 simul
849 1863 981 1937 perderet
1034 1878 1092 1935 que
1108 1862 1221 1919 tardius
1232 1863 1467 1935 acquiescebant,
1492 1863 1603 1921 diutius
1618 1867 1767 1936 mutando,
1797 1866 1859 1941 ple·

149 1960 246 2030 justes
259 1962 400 2028 tanquam
418 1953 546 2028 iniquos,
558 1959 586 2010 et
596 1953 800 2027 interroganti.
817 1952 849 2009 Si
873 1952 980 2023 inerint
1035 1951 1104 2007 nius
1118 1950 1359 2023 comprobabant.

155 2046 355 2119 pitin-ennpinta
366 2044 438 2116 jeieli
453 2046 481 2098 in
497 2044 617 2113 ciclade,
632 2042 727 2115 perdes
737 2043 799 2098 illos
811 2040 887 2113 (Gen.
898 2056 979 2107 xvm,
1068 2042 1114 2095 22.
1134 2040 1192 2095 l'iri
1197 2047 1291 2095 entem
1301 2042 1421 2097 maianis
1430 2040 1608 2098 Sodomorum
1619 2043 1858 2101 circundederunt

153 2136 208 2191 tt?
224 2135 302 2191 m
328 2132 479 2206 respondit
495 2148 501 2188 :
518 2134 575 2188 Νοη
591 2132 869 2203 perdtrmrieitolem,
884 2131 909 2185 ai
923 2131 980 2200 sae·
1035 2129 1197 2184 demumst
1225 2131 1332 2200 intente
1352 2146 1437 2201 mque
1460 2130 1496 2185 ed
1515 2147 1617 2198 senem,
1645 2142 1717 2190 tetes
1741 2134 1858 2208 popalus

156 2228 209 2281 rint
224 2242 255 2280 m
280 2240 312 2279 ee
326 2223 528 2297 quinquaqinta
539 2222 620 2295 justi,
645 2221 980 2277 ettotumlncnmeeree-
1032 2217 1140 2289 parciter
1152 2216 1293 2287 (leid.,t)
1309 2217 1495 2275 praestruitur
1516 2219 1620 2291 judicii
1649 2221 1739 2279 divini
1768 2224 1858 2296 aqui·

158 2317 185 2369 te
207 2312 288 2384 (idid.
313 2312 371 2383 26).
401 2311 437 2367 ut
463 2310 505 2367 sie
534 2326 585 2383 per
612 2310 745 2365 ordinem
774 2306 980 2380 interrogatio·
1037 2305 1737 2381 tas,uelerteqnisdieeret:Qnidpeeeaverunt
1763 2313 1857 2385 pueri,

160 2420 225 2459 num
236 2407 264 2459 et
278 2399 501 2475 responsionum
513 2399 618 2470 vicem,
631 2398 718 2455 etiam
731 2397 756 2453 si
772 2399 870 2454 decem
882 2396 981 2469 justes
1036 2399 1070 2449 nt
1090 2409 1192 2449 omnes
1216 2394 1327 2449 excidio
1352 2394 1586 2453 involverentur?
1608 2403 1652 2454 lta
1675 2399 1774 2458 nullus
1799 2400 1858 2457 illic

163 2491 296 2549 invenerit
311 2490 340 2546 in
357 2488 485 2556 civitate,
502 2492 602 2544 tamen
618 2492 737 2560 propter
758 2502 916 2559 paucorum
930 2485 981 2557 ju·
1032 2483 1144 2553 justus,
1161 2480 1260 2537 nullus
1275 2484 1416 2541 innocens
1430 2484 1495 2540 luit.
1511 2486 1586 2541 dudi
1614 2488 1795 2561 Scriptorum
1819 2493 1860 2547 te·

164 2581 270 2635 stitiam
288 2578 495 2651 impunitatem
511 2576 564 2633 toti
585 2576 692 2650 populo
717 2573 871 2649 promittit.
900 2573 982 2630 Unde
1036 2570 1211 2627 stifienntcm
1227 2570 1668 2642 quincircamdederantdemem
1695 2579 1730 2632 ab
1751 2580 1861 2651 insonte

165 2668 298 2724 discimus
318 2670 447 2740 quantus
474 2682 577 2722 murus
606 2666 646 2721 sit
673 2663 773 2737 patria·
802 2662 846 2718 vir
869 2662 981 2733 justus,
1037 2660 1293 2731 nsqueetemenr,
1320 2663 1521 2733 mlnapopntus
1537 2665 1653 2734 puriter.
1676 2665 1764 2723 Nulla
1791 2670 1861 2724 etas

166 2748 979 2828 quemadmodumirondebeamnsiovidore.virissuoetis,
1037 2747 1205 2820 eratenlpa
1227 2747 1458 2815 immunis,idee
1489 2749 1589 2808 nullus
1613 2754 1691 2810 Μ
1719 2754 1862 2813 immunis

166 2862 212 2902 nee
240 2852 348 2903 temere
376 2845 526 2918 derogare.
555 2842 673 2899 Illorum
694 2840 801 2897 etenim
830 2856 883 2897 nes
913 2838 984 2895 fides
1038 2836 1250 2892 exitiisuit.l}t
1274 2838 1324 2909 qni
1352 2837 1577 2910 possibilitatem
1606 2843 1777 2914 porreirandi
1805 2844 1861 2900 cri·

163 2940 261 3007 servat,
278 2928 985 3005 illerumjustitiaabexcidiodelemlit.Sodoma
1042 2924 1131 2981 minis
1145 2940 1203 2979 oon
1217 2924 1333 2991 habuit,
1353 2925 1458 2981 hahuit
1485 2928 1631 2984 allectum.
1660 2930 1758 2987 Edeta
1785 2932 1862 2991 vires

163 3040 272 3097 quoquc
285 3024 309 3080 si
326 3022 479 3079 habuisset
494 3022 682 3079 virosdecem
690 3020 799 3092 Justos,
817 3016 911 3091 potuit
926 3032 983 3071 nnn
1039 3030 1154 3085 senum,
1171 3013 1221 3069 sed
1237 3013 1417 3085 mensplcnu
1430 3014 1574 3073 libidinis.
1594 3016 1739 3076 offerebat
1751 3020 1807 3093 (32,
1830 3036 1858 3094 q.

162 3111 259 3183 perire.
995 3100 1062 3177 C7,
1079 3128 1143 3184 cap.
1163 3110 1304 3183 offerebat)
1331 3117 1448 3167 sanetus
1476 3112 1528 3168 Lot
1555 3113 1683 3172 filiarum
1707 3120 1859 3189 pudorem.

195 3198 236 3255 aa.
249 3200 323 3265 Quid
340 3198 396 3255 sibi
412 3202 512 3255 autem
524 3197 587 3252 vult
601 3197 679 3269 quod
694 3195 736 3252 illi
753 3194 802 3268 qui
826 3194 861 3250 ah
889 3194 980 3249 shra-
1035 3198 1177 3256 Nametsi
1201 3199 1252 3255 illa
1280 3216 1396 3273 quoqne
1423 3201 1568 3274 flagitiosa
1594 3204 1751 3278 impuritas
1778 3211 1859 3275 erat;

162 3286 223 3345 bam
240 3286 329 3345 simul
340 3305 407 3344 eum
422 3286 546 3343 Domine
557 3290 704 3349 venerant,
720 3286 877 3340 Sodomam
894 3280 982 3356 petie·
1036 3288 1860 3368 tameomiouseratsecundumnuturamceire,quem
1931 3360 1934 3364 ,

163 3382 227 3433 runt
240 3376 304 3445 viri,
321 3376 378 3432 nisi
408 3380 439 3431 ut
467 3375 653 3431 acerbaretur
678 3374 788 3429 crimen
816 3388 929 3437 eorum,
959 3370 983 3428 si
1038 3376 1193 3432 adversum
1210 3376 1537 3451 naturamdelinquere.
1555 3378 1728 3440 Praierehut
1753 3384 1862 3442 demus

164 3482 232 3537 quos
252 3469 355 3538 justus
384 3465 587 3528 honoraverat,
614 3462 661 3518 his
692 3464 803 3532 majore
833 3460 985 3529 sacrilegio
1039 3465 1484 3538 suevcrecuodiehospitalcm
1508 3469 1645 3543 gratiam,
1673 3473 1762 3529 etiam
1786 3475 1864 3549 apud

164 3554 243 3627 impii
257 3554 315 3610 nim
339 3556 516 3609 eniterentur
543 3551 670 3607 interret
699 3550 771 3605 Nam
802 3550 879 3621 qued
908 3548 987 3604 vires
1040 3554 1179 3610 barbarus
1194 3558 1297 3627 gentes
1312 3554 1520 3614 inviolabilem.
1538 3560 1734 3633 Deniqueillie
1749 3580 1865 3637 queque

164 3642 375 3712 dixitsevidens
390 3645 435 3698 eut
449 3640 539 3696 ratio:
557 3638 628 3712 qnia
643 3639 770 3713 speeiem
796 3638 987 3711 praeferebant
1042 3643 1185 3699 inoffensa
1197 3641 1385 3714 hospitalitas
1396 3648 1450 3715 est,
1466 3646 1516 3701 nbi
1531 3663 1583 3704 nee
1598 3650 1776 3721 germanitas
1794 3653 1868 3710 sotis

164 3733 301 3787 virorum.
1043 3736 1107 3787 tuta
1121 3735 1176 3787 est.

195 3822 238 3875 50.
267 3818 426 3877 Sodomam
453 3821 595 3874 venerunt
628 3832 759 3888 vespere,
802 3814 924 3871 meridie
952 3814 987 3871 ud
1077 3821 1124 3876 53.
1141 3820 1652 3899 Percusseruntautemillosangeli
1668 3829 1805 3897 cecitate,
1836 3835 1869 3887 ut

161 3908 310 3965 Abraham
323 3924 329 3963 ε
345 3907 415 3980 quia
423 3908 505 3977 justo
518 3906 642 3978 refulget
650 3903 819 3977 angelorum
836 3902 990 3977 presentie
1043 3914 1073 3966 et
1087 3908 1196 3966 ostium
1213 3909 1318 3964 domus
1331 3910 1408 3981 qiiod
1420 3910 1532 3968 aderire
1541 3914 1708 3985 cupiebant,
1721 3934 1778 3973 nou
1790 3934 1868 3991 repe

163 3998 266 4071 impiis
281 3996 419 4053 tenebras
435 3994 528 4051 allent.
549 3995 660 4050 Tamen
676 3997 771 4066 petest
786 3992 887 4049 reterri
902 3990 990 4047 etiam
1046 3998 1145 4055 pirent.
1162 3996 1213 4054 llio
1226 3996 1371 4054 mirabilis
1386 3997 1504 4071 quidem
1519 4001 1690 4074 angelorum
1705 4006 1870 4063 declaratur

157 4089 196 4143 ad
213 4093 332 4159 tempus
343 4084 501 4141 Dominieu
518 4082 676 4151 Passionis,
694 4082 771 4154 quod
787 4082 898 4155 vesperi
909 4097 992 4137 vene·
1046 4092 1193 4163 potestas;
1212 4091 1253 4154 ut,
1270 4087 1364 4143 allusu
1377 4087 1501 4162 impuris
1515 4091 1651 4162 cecitate,
1677 4109 1736 4152 non
1760 4096 1868 4168 reperi.

156 4170 993 4247 runtadeum,quiaSedomitaniseontagionibnsettetius
1048 4176 1262 4235 renturdomus
1271 4176 1355 4233 ostia.
1365 4176 1421 4233 Sed
1433 4178 1520 4234 etiam
1532 4180 1603 4237 illud
1614 4184 1788 4252 ostenditur,
1800 4184 1871 4257 quia

156 4266 242 4321 urbis
259 4263 370 4320 excidio
381 4262 634 4319 eratliberandus.
645 4261 822 4333 Vespererat
835 4264 993 4333 antequam
1047 4283 1122 4322 caea
1135 4270 1180 4322 est
1194 4265 1290 4321 omnis
1305 4264 1406 4332 libide,
1419 4270 1448 4323 et
1462 4272 1529 4324 ante
1543 4286 1574 4326 ee
1590 4288 1647 4328 nou
1673 4274 1759 4330 videt.
1788 4273 1871 4339 Quod

155 4352 424 4410 Christusveniret:
437 4351 507 4424 quia
516 4354 596 4407 totus
607 4354 669 4407 erat
681 4348 844 4407 mundnsin
852 4348 991 4405 tenebris.
1047 4371 1115 4411 vero
1130 4353 1279 4426 hospitum
1296 4354 1432 4411 manibus
1443 4362 1596 4414 revocatus
1609 4365 1654 4417 est
1682 4369 1804 4422 motu,
1818 4366 1873 4425 Lot

155 4444 272 4517 t‘espcr
285 4446 348 4498 erat
362 4440 500 4497 omnibus
516 4456 590 4513 quos
611 4439 787 4495 immanium
818 4437 990 4495 delictorum
1007 4468 1031 4533 D
1049 4442 1608 4510 indomum,demonstraturimmcmor
1617 4450 1748 4522 periculi,
1757 4470 1873 4512 memor

161 4530 286 4604 squalor
300 4530 475 4587 tenebrosus
488 4529 620 4602 urgebat.
636 4528 723 4584 Venit
737 4527 879 4585 hominus
893 4528 992 4596 iesus,
1049 4533 1126 4600 lidei,
1143 4548 1201 4587 non
1217 4530 1361 4602 eripuisse
1377 4548 1408 4588 se
1422 4533 1618 4605 pericule,sed
1629 4539 1781 4598 obtulisse.

158 4618 664 4692 redemitsanguiuesuemundum,
679 4615 775 4672 lucem
786 4616 893 4672 attulit.
908 4619 992 4674 Vena·
1082 4622 1127 4677 5⁴.
1143 4620 1272 4675 Ponatur
1285 4619 1403 4692 pietatis
1417 4620 1500 4680 loeus
1512 4624 1580 4695 (te),
1591 4628 1670 4699 quod
1685 4631 1873 4687 manifestata

160 4717 229 4766 rant
244 4708 440 4777 aetemeneeli
454 4706 507 4763 deo
523 4708 553 4762 in
567 4705 901 4778 Sedemnmodeerpermo
915 4706 991 4779 (Gen.
1048 4709 1104 4767 sibi
1121 4725 1172 4783 per
1186 4706 1304 4781 angeles
1318 4708 1409 4765 totius
1424 4712 1551 4784 regionis
1565 4716 1724 4785 eversione,
1742 4724 1770 4774 et
1784 4734 1872 4790 geue·

203 4905 262 4977 (te)
278 4902 329 4959 llic
345 4901 427 4959 locus
442 4902 472 4958 io
488 4903 557 4959 edit.
573 4902 657 4957 Rern.
674 4900 714 4957 ita
728 4900 846 4959 luxatas
862 4908 933 4970 erut,
963 4908 996 4960 ut
1050 4906 1091 4962 ris
1106 4908 1192 4961 nota.
1216 4903 1272 4960 Alii
1295 4922 1362 4962 vere
1385 4908 1560 4979 pretereat:
1585 4912 1634 4966 itte
1652 4911 1700 4981 qni
1721 4911 1873 4981 intorques

165 4980 236 5048 pest
251 4990 351 5030 vocem
367 4976 497 5047 ipnoacit,
513 4972 684 5046 interposito
704 4975 836 5045 sequenti
850 4974 995 5032 Genesees
1051 4976 1189 5033 lectitaret
1199 4976 1310 5045 caelet,
1326 4982 1453 5035 interme
1473 4980 1618 5063 (nonnulli
1640 4980 1738 5049 tutam)
1762 4979 1873 5037 mnam

166 5062 275 5103 versu:
299 5047 332 5101 m
345 5048 458 5117 profecti
481 5046 537 5101 viri
565 5044 638 5110 inde,
663 5046 799 5115 petierunt
832 5046 993 5103 Sodomam:
1050 5064 1129 5103 seem
1147 5046 1292 5121 efferebat,
1321 5048 1392 5105 Utra
1420 5050 1506 5107 leetro
1533 5051 1638 5123 potior,
1666 5050 1783 5107 laeteris
1811 5054 1873 5109 este

166 5120 395 5175 continuaretur
415 5116 471 5172 hoe
497 5120 599 5187 pecte:
630 5115 699 5184 Quid
725 5120 816 5171 entem
843 5120 900 5173 sibi
926 5119 995 5186 cett,
1048 5119 1205 5191 J'ndieiom.

166 5196 238 5253 ete..
256 5204 350 5259 usque
365 5188 412 5254 ad,
425 5186 762 5259 preferebanteirorem:
790 5192 892 5259 postea
914 5204 995 5245 resu-
1087 5190 1144 5262 (te)
1162 5190 1204 5246 lta
1231 5206 1282 5245 sex
1311 5207 1382 5246 mss.
1415 5190 1470 5245 Alii
1493 5208 1560 5247 vero
1589 5197 1617 5247 et
1640 5192 1722 5261 edit,
1752 5194 1875 5250 llanitar

166 5258 410 5317 mercaturista:
439 5260 560 5385 Decipere
584 5257 712 5323 Adraha,
741 5261 809 5323 etc,
836 5274 931 5330 usque
960 5262 997 5316 ed
1053 5262 1164 5334 pietatis
1188 5262 1358 5326 lunisone
1390 5263 1478 5316 verba
1509 5263 1593 5318 Rom.
1621 5263 1691 5319 edit.
1721 5264 1875 5323 duodecim

160 5334 260 5407 pulait
273 5346 329 5385 aea
340 5331 443 5402 perire,
456 5345 506 5401 qur
531 5344 566 5386 us
581 5334 669 5401 caput
680 5326 918 5385 concludebatur.
940 5330 998 5388 Nos
1054 5337 1131 5389 retro
1146 5332 1232 5389 lineis
1247 5335 1415 5395 retraxerat,
1430 5337 1460 5386 et
1488 5332 1637 5389 nonnullis
1653 5336 1775 5391 mutatis
1798 5335 1875 5393 bane

164 5401 272 5461 omnia
285 5418 321 5457 ex
335 5417 407 5457 mas.
424 5404 523 5457 etant.
539 5400 610 5456 edit.
625 5399 755 5472 pristina
765 5398 924 5472 integritati
937 5403 1000 5458 red·
1056 5404 1161 5460 seriem
1175 5402 1215 5458 ihi
1241 5406 1445 5458 contexuerat:
1470 5404 1591 5461 Mendes
1607 5408 1718 5479 pietatis
1741 5407 1825 5473 loces,
1845 5412 1877 5465 ut

164 5475 314 5534 didimus.
1056 5475 1189 5549 inoffense
1216 5473 1278 5528 ittic
1301 5472 1476 5543 tesmlele'tos
1499 5492 1604 5549 qaoqee
1625 5476 1707 5552 soret,
1723 5484 1777 5535 etc.
1794 5480 1877 5537 Hune

205 5546 266 5622 (41)
281 5543 330 5607 Sie
354 5558 458 5603 omnes
474 5543 543 5603 edit.
560 5556 627 5601 enm
644 5541 739 5601 tribus
754 5556 825 5600 mss.
850 5543 1000 5621 probatio·
1055 5562 1124 5607 vere
1144 5543 1242 5605 iocum
1265 5543 1306 5603 ita
1329 5545 1562 5611 masareinaeate
1590 5549 1667 5627 Quod
1693 5564 1806 5628 ponerer
1828 5553 1878 5619 tet
