4159 6184
227 297 288 367 res

959 299 992 363 S.
1016 295 1203 362 subausrr

1852 302 1898 363 itt

265 433 339 494 bbb
354 432 398 490 bb.
415 431 488 502 Ouid
505 437 633 493 retexam
659 435 792 492 auditum
817 433 888 490 aiibi
915 451 971 492 non
996 451 1049 508 pc·
1064 434 1092 502 Α
1107 436 1225 508 aspectu
1242 432 1308 508 (69),
1324 436 1403 490 terra
1425 431 1504 506 turpi
1529 429 1683 490 saltatione
1700 429 1837 506 polluitur,
1849 453 1899 510 que

227 527 284 582 culi
300 525 419 598 (68),sed
435 525 570 598 profluvii
585 543 688 599 genus,
705 543 761 598 666
776 525 806 582 16
822 543 872 582 ora
897 525 1050 582 bominum

227 623 366 687 tauquam
382 631 434 686 per
448 615 563 671 fistulas
585 619 636 670 aut
660 616 775 670 canales
792 615 858 671 vina
874 614 1052 670 iriniluatur'i

227 703 287 760 iios
310 703 455 774 homiues,
480 721 517 760 aa
543 709 623 759 utres
646 703 743 760 verius
768 703 996 760 aestimaverim?
1018 703 1053 757 Et

226 796 326 849 tamen
342 793 397 865 ipsi
414 799 503 856 utres,
514 792 568 847 nisi
586 793 735 848 moderata
750 792 909 848 transfusio
925 792 1053 863 sitsaepe

228 886 417 954 rumpuntur.
435 883 487 936 Per
510 899 599 937 cornu
627 882 714 936 ctiam
744 881 865 936 uuanda
893 881 922 936 in
953 882 1052 936 fauces

228 971 383 1027 bominum
398 970 464 1025 vina
479 971 653 1036 decurrunt;
679 976 707 1024 et
721 971 744 1026 si
767 971 833 1043 quis
855 969 1051 1041 respiraverit,

228 1060 422 1116 commissum
438 1060 691 1132 flagitiumsatuta
706 1061 794 1126 acies,
811 1059 872 1115 loco
886 1065 984 1115 matus
1004 1059 1053 1113 ha-

228 1149 323 1204 betur.
354 1153 438 1222 Aqua
462 1151 620 1205 decurrens
646 1166 663 1204 6
687 1147 795 1204 Libana
820 1153 920 1203 acrites
947 1163 1053 1220 rupeas

228 1237 324 1306 solvit,
337 1240 483 1309 quomoda
500 1238 637 1294 nrallibus
653 1243 757 1310 putant
772 1254 958 1309 nequaquam
970 1252 1055 1292 noee-

229 1343 260 1383 re
274 1327 436 1383 viscera-»us
452 1329 664 1383 vinulentorum
679 1328 805 1398 impetus
821 1325 1018 1382 direptorum?

264 1418 309 1471 65.
327 1415 502 1488 Elephantas
517 1433 634 1488 quaque
649 1417 745 1472 icrunt
771 1415 956 1485 promuscide
981 1413 1053 1469 hau-

229 1505 286 1562 rire
302 1522 385 1577 aquae
399 1504 574 1577 plurimum;
591 1506 708 1561 eosdem
723 1510 820 1559 tamen
837 1505 873 1558 ad
893 1504 1054 1558 sedandam

230 1593 309 1651 sitim
326 1595 474 1650 moderato
500 1597 569 1666 pdtu
593 1611 657 1651 esse
682 1598 834 1649 contentos
851 1610 857 1647 :
875 1593 926 1648 sed
942 1592 965 1648 si
981 1593 1055 1648 torte

229 1685 265 1741 ab
281 1684 380 1756 aliquo
395 1701 524 1756 cairpoae
541 1684 649 1740 tuerint
668 1684 800 1739 mercede
824 1683 961 1750 trucidati,
978 1681 1054 1737 indi-

1106 524 1240 579 obseenis
1255 523 1411 580 saltatibus
1426 523 1604 578 verberatur.

1142 615 1187 668 61.
1214 613 1364 677 Quomodo
1387 612 1531 684 patienter
1553 612 1665 685 loquar,
1682 613 1728 685 pie
1750 619 1902 687 preteream,

1107 703 1311 759 convenienter
1326 702 1472 757 debeam?
1488 703 1594 757 Vinum
1612 701 1696 758 nabis
1709 706 1844 759 tanarum
1857 707 1905 760 ani·

1107 809 1222 848 marum
1238 792 1347 847 damna
1361 790 1470 846 intulit.
1486 791 1600 847 Etenim
1616 791 1641 846 si
1656 791 1755 846 vinum
1773 796 1799 847 et
1820 793 1903 848 mulia-

1107 897 1154 937 res
1169 882 1319 938 discedere
1334 899 1350 936 a
1365 882 1423 937 Dea
1437 881 1560 949 iaciunt,
1575 881 1653 953 quod
1672 879 1715 936 vei
1735 880 1859 944 ebrietas,
1870 883 1906 936 vet

1107 970 1197 1027 libido
1212 970 1458 1043 prevaricationis
1474 969 1616 1026 illecebrae
1637 969 1712 1026 aas
1736 969 1801 1031 sint,
1814 971 1837 1025 si
1857 970 1905 1025 sin-

1107 1058 1177 1131 gula
1191 1076 1224 1115 ac
1239 1064 1373 1132 separata
1388 1060 1448 1114 hec
1463 1059 1584 1126 fuciunt,
1600 1059 1670 1131 quid
1693 1059 1800 1114 iaciunt
1817 1059 1907 1114 uuitai

1107 1149 1189 1204 Unde
1204 1166 1262 1204 nan
1279 1148 1424 1204 immerita
1440 1149 1480 1204 ait
1495 1148 1612 1222 sapiens
1625 1152 1691 1204 ante
1715 1164 1767 1204 nos
1781 1146 1905 1219 quidam:
1946 1183 1950 1189 ,

1108 1261 1123 1288 6
1139 1237 1243 1294 Mulier
1256 1238 1381 1307 ebriosa,
1397 1238 1440 1292 ira
1455 1254 1562 1312 magna
1576 1239 1669 1303 (Ereti.
1686 1255 1760 1307 xxvi,
1775 1237 1825 1308 11).
1841 1259 1853 1285 o

1143 1328 1188 1381 aa.
1204 1327 1278 1391 Quid
1292 1333 1390 1383 autem
1405 1327 1514 1384 mirum
1536 1328 1562 1384 si
1585 1328 1652 1384 vino
1667 1326 1845 1399 decipiuntur
1856 1324 1908 1380 ani-

1109 1434 1163 1473 me
1182 1417 1370 1482 feminarum,
1386 1435 1454 1473 eum
1478 1434 1581 1474 omnes
1603 1416 1660 1473 illae
1684 1417 1779 1473 tribus
1799 1421 1909 1489 patrum,

1108 1523 1175 1563 cum
1201 1507 1237 1562 de
1261 1511 1342 1580 petra
1365 1506 1493 1562 biberint
1516 1523 1634 1578 aquam,
1650 1523 1758 1562 manna
1772 1506 1910 1561 manduca-

1109 1600 1184 1658 rent.
1202 1600 1303 1667 gcntos
1318 1595 1517 1651 validissimas
1531 1595 1688 1652 vincerent.
1705 1598 1733 1652 et
1753 1612 1806 1650 non
1821 1598 1875 1650 erat
1886 1593 1910 1647 in

1110 1683 1156 1740 bis
1171 1684 1249 1740 ullus
1265 1683 1423 1740 infirmus?
1438 1684 1489 1740 ubi
1503 1700 1569 1740 vero
1583 1700 1685 1741 carnes
1700 1683 1857 1740 desiderare
1869 1699 1913 1738 ca-

230 1777 354 1847 gnsntes
384 1773 495 1846 replere
517 1789 676 1829 concavum
701 1771 909 1844 promuscidis,
935 1788 991 1826 non
1022 1776 1056 1826 ut
1071 1809 1095 1873 B
1110 1778 1227 1846 parunt,
1242 1778 1271 1829 ct
1285 1773 1440 1830 desideriis
1454 1774 1483 1828 in
1499 1774 1652 1845 AEgyptum
1678 1773 1912 1837 convertebantur,

229 1863 341 1928 bibant,
359 1863 408 1918 sed
425 1863 590 1930 effundant3
608 1867 693 1932 atqua
709 1861 737 1915 ia
755 1859 956 1916 momentariis
972 1861 1056 1916 1666-
1111 1878 1298 1934 nequaquam
1321 1878 1356 1916 ex
1380 1865 1421 1917 tot
1445 1860 1576 1918 millibus
1596 1861 1749 1917 bominum
1773 1863 1801 1918 in
1822 1866 1912 1915 terram

230 1951 400 2009 dationibus
415 1952 535 2024 irrigare
550 1953 614 2022 eJus
626 1953 790 2014 tabernam,
802 1950 837 2004 de
854 1965 912 2022 quc
927 1967 957 2006 se
973 1953 1056 2022 puta-

229 2041 289 2098 rint
312 2041 512 2098 vindicandos.
531 2041 685 2097 Siccantur
708 2039 742 2093 ad
771 2043 871 2111 potum
895 2040 992 2095 subito
1016 2039 1056 2094 la-

230 2147 293 2193 cus,
310 2147 342 2184 ac
357 2135 475 2202 repente
490 2129 665 2194 scinduntur,
683 2131 787 2183 natant
802 2128 910 2183 omnia.
927 2129 980 2184 Cui
996 2145 1054 2183 rron

230 2218 349 2284 mirum,
375 2222 435 2274 tam
459 2217 601 2273 immania
623 2215 786 2272 belluarum
812 2233 933 2289 corpora
957 2234 1056 2290 super·

229 2307 323 2364 iluum
338 2305 380 2362 nil
394 2307 513 2364 tenere?

524 2423 641 2479 utrae
661 2422 758 2478 XVlll.

229 2532 405 2589 Feminarum
432 2532 548 2587 ebrietas
575 2547 658 2602 eruam
679 2531 714 2586 sit
738 2533 805 2601 ipsis
833 2530 998 2602 propudiosa
1024 2548 1057 2587 ac

260 2603 414 2676 perniciosa
429 2603 611 2674 spectantibus
627 2621 635 2657 :
650 2602 719 2673 qrrod
732 2603 836 2658 raretum
854 2602 901 2657 ubi
925 2604 1056 2673 ereptam-

263 2677 313 2742 uit,
330 2679 463 2746 quioniam
478 2674 577 2730 boarum
591 2675 627 2730 sit
640 2675 783 2739 sobrietas,
799 2683 826 2727 et
840 2681 973 2744 quaritum
999 2691 1057 2728 aia·

266 2748 325 2803 lum
349 2748 563 2819 intemperantia
585 2746 710 2816 eaernptc
734 2745 928 2800 israelitarum
949 2748 1028 2817 patei
1046 2777 1056 2786 ·

266 2820 312 2875 cit.

269 2934 314 2990 66.
331 2933 387 2990 Sed
411 2932 482 3003 quid
507 2933 541 2988 de
564 2931 634 2987 viris
651 2931 818 3004 loquamur,
836 2931 952 3003 quando
969 2931 1056 2988 ctiam

236 3023 360 3090 laminae,
377 3039 450 3095 quas
466 3025 579 3093 oportet
594 3019 789 3076 sollicitiorem
807 3019 933 3076 castitati
946 3021 1056 3077 sabric-

233 3112 304 3169 tatis
332 3111 471 3167 adhibere
498 3109 672 3176 custodiam,
703 3125 796 3181 usque
823 3109 859 3164 ad
888 3110 1057 3167 ebrictatem

232 3201 356 3257 bibunt?
370 3199 480 3257 Deinde
495 3202 738 3272 surgentesquas
753 3197 841 3254 etiam
857 3197 932 3253 inter
946 3205 1058 3256 secreta
1073 3180 1094 3246 C

232 3291 339 3346 domus
353 3287 396 3344 vel
412 3287 507 3344 audiri
523 3287 559 3341 ab
575 3285 676 3342 alicnis
701 3304 758 3341 non
778 3287 921 3354 convenit,
947 3288 989 3343 vel
1015 3289 1056 3344 vi·

232 3377 306 3442 deri,
333 3376 449 3450 prodire
478 3375 587 3430 arrdent
619 3375 648 3430 in
685 3375 845 3448 publicum,
876 3393 932 3432 non
962 3376 1057 3434 velato

231 3465 336 3539 capito,
364 3464 447 3519 vultu
477 3463 600 3535 procaci.
632 3463 787 3534 Apostolus
803 3467 830 3533 (1
844 3465 903 3520 Cor.
929 3483 985 3534 xiv,
1010 3468 1056 3539 35)

231 3552 369 3610 mulieres
393 3557 489 3608 tacere
518 3553 605 3608 etium
637 3552 666 3607 in
701 3552 831 3608 Ecclesia
855 3554 950 3624 jubet,
976 3556 1057 3611 demi

230 3642 309 3698 viros
334 3659 404 3698 suas
427 3640 558 3713 praecipit
583 3642 771 3712 interrogare.
801 3641 861 3697 1116
892 3641 920 3696 in
953 3644 1057 3715 plateis

231 3731 443 3787 inverecundos
457 3729 544 3784 etiam
559 3729 631 3786 viris
645 3731 700 3784 sub
716 3734 871 3801 conspectu
890 3731 1057 3788 adolescen-

231 3819 360 3876 tulorum
375 3818 634 3889 intemperantium
651 3818 754 3872 charos
771 3819 892 3884 ducunt,
911 3821 1056 3890 jactantes

231 3925 357 3976 comam,
380 3907 529 3963 trahentes
554 3907 679 3968 tunicas,
696 3907 793 3962 scissa
817 3907 953 3972 amictus,
971 3911 1056 3966 nude

230 3998 364 4066 lacertos,
381 3995 553 4070 plaudentes
577 3995 725 4064 manibus,
756 3995 896 4052 saltantes
921 3999 1055 4070 pedibus,

231 4088 422 4157 personantes
436 4085 565 4146 vocibus
581 4083 730 4139 irritantes
755 4083 782 4138 in
809 4101 839 4140 se
856 4086 997 4154 jrrvcnum
1025 4087 1058 4142 li·

231 4174 346 4231 bidines
370 4177 450 4229 motu
475 4173 658 4238 histrionice,
681 4171 823 4244 petulanti
849 4175 943 4240 oculo,
968 4178 1056 4232 dade-

230 4279 332 4318 coroso
357 4261 493 4318 ludibrio.
511 4263 628 4334 Spectat
652 4277 766 4317 corona
783 4261 1010 4334 adolescentum,
1027 4271 1055 4322 et

230 4353 263 4406 tit
279 4350 446 4406 miserabile
461 4348 619 4406 theutrum.
636 4351 714 4406 luter
728 4351 899 4407 saltantium
916 4354 1015 4410 ruinas
1026 4361 1056 4412 et

229 4437 426 4511 spectantium
442 4437 553 4510 lapsus,
570 4438 676 4494 coelum
699 4441 814 4512 impuro
838 4443 1056 4500 contaminatur

1110 1949 1348 2023 repromissionis
1362 1954 1467 2023 preter
1480 1951 1554 2006 duos
1569 1950 1719 2023 pervenire
1739 1949 1914 2007 meruerunt?

1111 2041 1211 2112 ltaque
1226 2040 1296 2113 quid
1313 2039 1380 2096 boni
1405 2039 1444 2095 sit
1466 2039 1618 2108 sobrietas,
1638 2039 1711 2114 quid
1734 2039 1803 2096 mali
1825 2040 1914 2095 intem·

1110 2129 1253 2202 perantia,
1269 2127 1339 2184 hino
1353 2128 1488 2202 colligere
1502 2129 1608 2185 datur:
1623 2130 1742 2202 quando
1767 2143 1914 2184 murmura·

1111 2220 1182 2276 bant
1209 2219 1392 2289 requirentes
1420 2218 1535 2290 Egypti
1560 2218 1724 2286 delicias,a
1750 2217 1916 2291 serpentibus

1111 2307 1321 2364 mordebantur
1337 2325 1343 2363 :
1360 2307 1477 2379 quando
1492 2323 1544 2380 per
1559 2307 1648 2362 maris
1663 2305 1757 2362 Rubri
1770 2305 1915 2362 transibant

1111 2397 1258 2462 semitam,
1288 2413 1395 2468 aquam
1427 2395 1576 2452 bibebant.
1613 2397 1676 2452 Non
1707 2412 1775 2468 ergo
1802 2411 1918 2452 veremur

1110 2485 1288 2559 exemplum,
1304 2502 1363 2541 666
1377 2485 1509 2558 rugimus
1523 2484 1640 2541 delicias
1655 2485 1725 2557 (70),
1742 2503 1778 2541 ne
1792 2502 1843 2543 nos
1856 2485 1918 2540 sutu-

1111 2591 1210 2632 rarum
1225 2575 1370 2631 bonorum
1386 2574 1538 2647 adeptione
1554 2574 1748 2631 defraudent?

1419 2662 1536 2720 CAPUT
1555 2663 1627 2720 XlX.

1112 2754 1261 2809 taruuriosi
1274 2754 1390 2808 exit-ium
1406 2753 1492 2808 isaiae
1505 2751 1650 2823 prophetia
1670 2752 1845 2815 deruentium:
1857 2767 1920 2810 auare

1147 2843 1164 2879 a
1187 2825 1395 2890 mercatoribus,
1420 2825 1451 2878 iu
1471 2840 1588 2896 querrum
1614 2826 1765 2880 auaritiam
1789 2823 1919 2889 incutitur,

1146 2897 1296 2952 sollicitari
1315 2911 1370 2950 aon
1385 2895 1498 2956 debero;
1519 2912 1583 2950 cum
1602 2911 1657 2950 noa
1682 2895 1719 2951 ud
1742 2897 1919 2965 mutuandum.

1146 2967 1193 3023 scd
1206 2967 1243 3022 od
1257 2983 1355 3033 ereum,
1371 2974 1396 3021 ct
1410 2983 1464 3022 eron
1479 2967 1645 3034 bominibus,
1659 2968 1707 3022 aeut
1719 2967 1838 3038 piscibus
1849 2971 1879 3028 ad
1886 2987 1922 3042 pe·

1147 3038 1361 3094 rambulandum
1374 3040 1460 3110 iecerit
1474 3038 1571 3092 datum
1586 3055 1596 3092 .·
1609 3046 1746 3110 postremo
1761 3051 1815 3110 qua
1832 3044 1922 3099 ratione

1146 3112 1261 3165 iratribus
1272 3114 1464 3181 cornpcreatur
1478 3110 1639 3182 uotruptuosi.

1148 3200 1192 3254 69.
1209 3199 1244 3253 Et
1266 3197 1336 3270 quid
1363 3197 1486 3254 aliorum
1511 3202 1578 3254 utar
1600 3199 1758 3255 sententiis
1782 3195 1854 3268 (71)1
1875 3189 1922 3263 ipsi

1111 3289 1184 3344 bene
1200 3287 1275 3360 pasti
1290 3304 1324 3343 ac
1337 3286 1480 3344 luxuriosi
1491 3288 1559 3360 quid
1571 3287 1628 3344 sibi
1637 3284 1921 3360 sperentaudiamus.

1112 3377 1227 3433 laducit
1240 3376 1318 3432 enim
1335 3391 1384 3431 eas
1400 3377 1490 3432 isaias
1505 3375 1645 3449 propheta
1659 3375 1793 3432 dicentes
1808 3390 1814 3429 :
1831 3396 1844 3422 6
1852 3371 1924 3427 1166-

1112 3465 1254 3522 ducomus
1270 3469 1298 3520 et
1313 3464 1448 3520 bibamus
1473 3483 1479 3520 :
1504 3481 1569 3520 eres
1594 3465 1673 3520 enim
1700 3463 1859 3520 moriemur
1869 3461 1924 3531 (1.6.

1111 3571 1180 3617 xxii,
1198 3555 1251 3622 13),
1268 3575 1282 3603 u
1299 3553 1460 3625 Meritoque
1483 3552 1627 3609 exclamat
1652 3570 1658 3606 :
1687 3576 1702 3604 a
1729 3552 1928 3608 Ululateaares

1112 3640 1307 3712 Carthaginis,
1321 3659 1387 3714 quae
1403 3642 1563 3713 perierunt,
1578 3645 1607 3697 et
1622 3658 1679 3697 non
1703 3640 1833 3714 amplius
1855 3639 1927 3692 arunt

1112 3733 1174 3804 (lau.
1191 3732 1324 3802 66661).
1343 3754 1353 3782 ι
1373 3730 1453 3796 Quod
1469 3734 1513 3784 est
1533 3729 1644 3786 dictum
1671 3731 1709 3786 de
1732 3730 1844 3785 visione
1857 3725 1927 3800 api.

1112 3837 1202 3892 quam
1218 3817 1399 3874 luxuriosam
1410 3819 1512 3874 urbem
1524 3819 1855 3892 cognovimusldeoque
1865 3830 1930 3871 noua

1110 3909 1184 3964 visio
1198 3911 1251 3973 est,
1268 3923 1325 3961 non
1342 3906 1467 3979 septima
1486 3913 1537 3963 aut
1560 3913 1672 3977 octava,
1691 3908 1770 3981 quod
1796 3923 1829 3963 ea
1852 3917 1931 3976 neque

1112 3998 1205 4072 legem
1222 3996 1377 4063 custodiat,
1395 4013 1490 4067 neque
1505 3995 1653 4070 Evangelii
1665 3998 1795 4070 gratiam
1813 4012 1818 4050 :
1834 4009 1895 4050 cum
1908 3995 1931 4044 et

1111 4087 1240 4143 Sabbata
1255 4085 1384 4156 legitimo
1400 4085 1483 4158 ignes
1494 4085 1626 4141 libidinis
1638 4083 1930 4141 adoleresitvetitum.

1112 4181 1140 4232 et
1154 4174 1299 4246 Evangelii
1317 4176 1391 4230 serie
1414 4179 1535 4230 octavus
1556 4176 1619 4230 dics
1636 4171 1865 4230 resurrectionis
1880 4169 1932 4224 illu·

1111 4271 1185 4321 ceat.
1215 4265 1295 4318 Idem
1331 4270 1426 4319 autem
1458 4264 1520 4319 dies
1550 4263 1665 4337 primus
1697 4267 1787 4336 atque
1815 4263 1931 4319 caminis,

1112 4355 1181 4428 quia
1217 4352 1368 4408 Dominica
1396 4353 1458 4408 dies
1499 4354 1527 4409 16
1558 4341 1601 4409 ¹se
1640 4352 1779 4410 recurrit.
1821 4346 1932 4406 Luxuria

1110 4459 1178 4516 ergo
1195 4459 1247 4497 nea
1262 4442 1349 4496 tidem
1365 4441 1452 4497 babet
1467 4444 1534 4514 (72),
1552 4459 1603 4498 nec
1620 4441 1843 4499 observantiam
1858 4434 1931 4492 disei-

227 4565 309 4630 bant,
334 4561 457 4618 cliudias
479 4580 529 4620 scu
555 4563 672 4630 clindia,
698 4565 781 4636 quusi
797 4575 903 4624 ate-otte:
923 4567 1052 4639 appella·
1069 4551 1091 4616 ll
1106 4569 1227 4628 otrrceuia
1247 4568 1374 4622 curulibus
1400 4568 1567 4634 uertrerutur,
1591 4585 1667 4624 mss.
1691 4567 1807 4622 hubent
1830 4561 1923 4636 partim

228 4633 407 4692 inavarum
424 4635 512 4705 hujus
530 4641 635 4691 nostr-u
652 4639 825 4707 conjectures
841 4656 929 4710 pcnes
944 4640 1052 4697 doctio-

229 4706 517 4776 resestojudicium.

263 4780 321 4850 (68)
337 4779 445 4834 Omnes
461 4778 580 4834 omuino
595 4779 675 4843 edit,
702 4779 772 4846 (1661
798 4784 919 4836 ratarum
945 4785 1054 4838 auditu?

228 4851 298 4906 ldibi
324 4866 378 4906 riou
405 4851 507 4922 paruuli,
534 4851 579 4905 sed
600 4851 730 4920 pretiribit
758 4868 843 4919 perires·
868 4869 925 4909 esre
950 4854 1055 4911 uidetur

229 4921 310 5048 prod,
327 4926 381 4977 ctc.
397 4922 501 4978 illelius
516 4938 581 4976 vcra
598 4937 669 4976 mss.
686 4921 812 4986 Thaca,
830 4925 933 4989 Laud„
958 4925 1053 4992 Dium,

255 5009 340 5058 erm„
366 4994 439 5050 Vict.
465 4999 493 5048 ct
516 4990 596 5046 Culb.
624 4995 656 5046 ut
680 5009 733 5046 nos
757 4993 787 5047 in
812 5011 941 5066 corpore.
967 5001 1055 5053 Porro

154 5127 157 5140 .
228 5063 308 5120 hunc
333 5065 451 5121 bibendi
477 5064 596 5117 mulum
622 5062 700 5117 haud
731 5063 812 5119 inriti
845 5068 1055 5123 crediderimus

229 5136 366 5191 eumdem
391 5153 464 5199 essu,
487 5151 572 5206 quem
597 5134 762 5190 vocitabant
787 5138 930 5208 amystide
957 5139 1056 5194 bibare

229 5215 320 5276 ἀμύπι
338 5215 422 5280 πίνειν,
440 5207 573 5262 immotis
588 5205 677 5261 laturis
692 5210 720 5262 ct
735 5207 871 5263 contiuuo
896 5210 984 5265 drictu
1012 5211 1055 5265 bi-

229 5277 297 5333 bere
314 5293 320 5332 ε
337 5278 370 5332 de
387 5295 443 5350 qua
460 5277 606 5345 lluratius,
622 5277 673 5332 lib.
693 5295 710 5345 ι,
727 5277 786 5332 Ode
811 5280 839 5334 in
865 5281 997 5336 Δ6166166
1015 5298 1057 5337 re·

228 5348 324 5404 ditum
341 5348 472 5404 nonnihit
487 5349 585 5404 habet.

263 5421 319 5492 (69)
336 5419 418 5474 Ham.
434 5419 504 5474 edit.
522 5422 562 5474 ita
587 5420 713 5474 restitui
738 5437 752 5474 e
777 5421 839 5476 cod.
867 5423 931 5476 Vnt.
957 5423 1002 5478 rai
1028 5428 1058 5478 ct

228 5494 377 5545 nostrates
392 5489 420 5543 in
438 5489 490 5543 bar
506 5494 703 5555 6666666666
723 5497 750 5544 at
765 5492 794 5546 in
812 5497 871 5548 ant.
889 5496 961 5550 edit.
981 5497 1057 5550 leec-

228 5562 315 5615 batur
332 5578 337 5614 :
355 5563 429 5614 luter
454 5562 615 5616 mulierarium
648 5565 755 5634 reqvie,
779 5567 862 5619 recito
893 5552 1063 5639 riquioffer

231 5631 414 5684 contaminato
428 5639 546 5698 respectu,
563 5638 615 5686 etc.
633 5633 746 5689 [tiresus
768 5636 816 5690 uiri
843 5635 914 5693 edit.
944 5655 1056 5707 omncs,

1106 4641 1226 4699 otiareuia
1238 4638 1537 4710 saltantibuapartim,
1549 4639 1671 4694 obscenis
1689 4635 1930 4705 satiatibus{uaus'

1106 4710 1309 4779 rattutiouibua)
1338 4709 1505 4765 verteretur.
1926 4705 1931 4728 ’

1145 4784 1200 4854 (70)
1216 4782 1291 4837 Edit.
1313 4797 1426 4843 carnes,
1442 4783 1494 4837 d'or
1516 4798 1580 4850 erpa
1602 4798 1754 4837 vereamur
1778 4778 1931 4849 exemptum·

1107 4871 1157 4910 rios
1171 4854 1312 4925 feepiamus
1335 4853 1457 4918 delicias,
1483 4859 1538 4908 etc.
1566 4853 1627 4909 Non
1654 4851 1867 4914 incommode;
1891 4843 1932 4901 sed

1109 4935 1208 4981 tamea
1223 4923 1422 4978 veliementior
1435 4929 1481 4979 est
1500 4923 1613 4980 dicendi
1629 4927 1731 4981 forma
1746 4941 1799 4997 per
1820 4921 1932 4976 iuterro-

1110 4997 1258 5070 gatiouem
1274 5011 1340 5049 cum
1357 4995 1556 5066 increpatione
1568 4996 1777 5066 conjunctam,
1794 4996 1826 5050 ut
1845 4999 1932 5047 eume

1111 5086 1181 5124 ures.
1199 5071 1310 5135 septem
1330 5065 1458 5121 melioris
1473 5073 1547 5122 nota
1563 5067 1754 5124 exhibemus

1147 5139 1202 5210 (71)
1220 5137 1325 5191 Sanos
1342 5137 1411 5192 edit.
1428 5139 1529 5194 acduo
1544 5156 1628 5204 mss,
1645 5148 1715 5195 utar
1729 5135 1876 5206 stampiis:
1894 5143 1930 5182 tt·

1112 5209 1183 5282 liqui
1203 5227 1285 5273 uva,
1303 5212 1530 5265 cruententur.

1147 5281 1203 5353 (72)
1221 5279 1261 5335 ita
1275 5296 1324 5334 sex
1340 5297 1411 5335 mss.
1429 5280 1557 5337 melioris
1575 5297 1697 5337 manus.
1716 5279 1775 5334 atii
1797 5279 1889 5332 autem
1908 5271 1931 5322 el

1113 5369 1214 5408 omues
1229 5350 1309 5416 edit,
1327 5368 1375 5406 aec
1389 5352 1472 5421 finem
1486 5354 1574 5410 babet.
1590 5353 1726 5424 Utraque
1741 5349 1825 5406 lectio
1843 5343 1928 5400 deien-

1113 5425 1141 5480 di
1158 5428 1267 5496 potest,
1284 5427 1333 5477 scd
1350 5427 1447 5478 tamen
1464 5431 1564 5480 nostra
1577 5423 1697 5479 videtur
1708 5417 1892 5497 proferende,
1907 5411 1929 5464 ¹⁴¹

1112 5512 1162 5550 aee
1176 5496 1388 5550 altercationem
1403 5497 1565 5566 discipliuae
1580 5495 1730 5551 celeratur
1745 5495 1781 5550 ad
1795 5497 1930 5562 superiora

1113 5566 1175 5632 illa,
1191 5583 1278 5638 aeque
1294 5568 1380 5636 tepere
1393 5567 1537 5624 custodiat.
1561 5569 1603 5634 Et,
1629 5584 1685 5623 uec
1708 5567 1792 5638 fidem
1815 5562 1849 5618 ad
1872 5558 1929 5620 iste

1112 5654 1200 5711 aeque
1213 5638 1362 5708 Eeuapetii
1375 5641 1505 5708 qratiam.
