4159 6184
920 296 927 325 t

148 446 202 511 tlt
803 433 1071 503 abscessisti
1095 434 1167 497 Llli.
1192 433 1216 497 l.
1803 436 1863 501 lld

148 581 277 642 alienum
293 595 354 638 non
368 578 483 638 affectet
503 574 642 646 thorum,
657 590 710 633 nec
728 572 838 632 latendi
854 587 915 646 spe,
931 575 982 629 cut
995 569 1024 638 A
1038 570 1209 642 devotionis,
1226 587 1262 631 ne
1285 570 1445 648 praetulisse
1460 570 1622 630 custodium
1645 570 1719 630 thori
1740 572 1863 629 menda-

149 669 273 730 faciendi
289 669 466 743 impunitate
484 665 620 724 alienum
637 682 756 722 uxorem
773 664 901 719 incessat
914 662 981 735 (13),
1037 664 1076 719 tis
1101 663 1248 719 videretur
1270 662 1447 720 coelestibus.
1460 663 1560 735 ltaque
1583 663 1721 735 quonium
1745 666 1864 736 propter

149 778 205 818 non
219 759 336 817 incuria
350 762 402 815 aut
415 755 540 813 stultitia
565 758 743 827 provocetur
759 752 919 817 mariti,sut
933 751 983 805 eb·
1039 756 1128 809 Deum
1146 753 1323 823 contempsit
1332 753 1441 819 omnia,
1453 751 1561 824 recepit
1570 769 1586 805 s
1596 752 1653 807 Deo
1669 750 1864 823 multiplicata

149 850 243 909 sentia
257 848 399 921 longiore.
413 847 502 902 Adest
522 843 640 916 proesul
660 842 789 915 conjugii
804 842 882 897 Deus
896 855 983 913 quem
1039 842 1139 897 omnin
1155 859 1161 897 :
1178 840 1228 896 sed
1244 842 1368 914 primam
1386 842 1462 897 Deus
1478 840 1624 913 pudicitie
1639 840 1744 895 tribuit
1767 856 1864 895 remu·

149 937 221 995 nihil
246 935 347 1004 latest,
364 934 464 991 nullus
487 932 608 998 evadat,
626 947 712 987 nemo
736 930 856 986 irrideat
871 945 877 983 :
891 928 983 983 vicem
1039 929 1232 996 nerstionem,
1254 946 1341 1001 quum
1363 928 1477 1001 gratam
1502 929 1612 985 sciebat
1640 927 1768 1001 conjugi.
1791 928 1864 984 Num

149 1024 280 1084 absentis
300 1023 400 1080 mariti
419 1027 528 1090 tuetur,
544 1023 650 1077 servat
674 1018 822 1085 excubias,
838 1017 897 1073 imo
921 1016 985 1072 siue
1040 1019 1110 1089 quia
1126 1018 1223 1075 studio
1244 1019 1370 1075 obeundi
1390 1019 1515 1076 cmlestis
1538 1018 1649 1075 oraculi
1668 1018 1725 1090 (16)
1746 1033 1865 1074 uxorem

149 1114 281 1173 excubiis
300 1111 493 1185 deprehendit
516 1126 606 1167 reum
631 1112 791 1180 antequam
807 1106 883 1163 285
899 1104 987 1161 facist
1041 1123 1158 1179 quoque
1173 1108 1201 1162 in
1219 1107 1380 1179 periculum
1396 1108 1515 1165 deduxit
1530 1107 1661 1180 pudoris,
1675 1106 1763 1163 etiam
1779 1106 1865 1163 cesti-

150 1204 227 1279 quod
244 1201 406 1276 pureverit;
420 1199 573 1257 inanimis
585 1195 785 1271 singulorum,
797 1196 826 1250 iu
837 1193 986 1250 mentibus
1041 1196 1171 1251 monium
1187 1196 1315 1268 conjugii
1331 1196 1472 1253 defendit.

151 1294 357 1351 universorum
373 1290 483 1347 crimen
499 1287 650 1362 agnoscit.
664 1287 698 1341 Et
712 1285 737 1341 si
751 1284 890 1340 maritum
905 1282 987 1337 udul-
1316 1304 1393 1361 230
1408 1303 1524 1360 CAPUT
1544 1304 1591 1360 111,

148 1387 193 1441 ter
208 1380 361 1449 fefelleris,
374 1395 433 1435 non
455 1376 534 1434 fellis
559 1381 656 1432 Deum
671 1392 678 1430 ι
692 1379 721 1431 et
733 1373 757 1431 si
771 1374 911 1430 meritum
925 1388 987 1427 evu—
1044 1392 1079 1447 pe
1101 1393 1205 1447 meri,
1228 1392 1345 1450 Aprum
1363 1394 1518 1461 ,inuh-pm,
1535 1395 1669 1449 nimirum
1692 1394 1725 1451 d,
1746 1395 1866 1466 pmcn.

164 1471 235 1537 eris,
247 1474 278 1525 et
292 1470 318 1525 si
329 1468 461 1541 Judicem
473 1465 528 1522 fori
539 1464 663 1531 luseris,
674 1480 733 1519 uon
744 1462 844 1519 evadis
855 1461 986 1532 judicem
1078 1462 1118 1516 tin
1132 1460 1231 1530 eius'in
1247 1464 1432 1521 rescindendis
1452 1467 1579 1520 risurum
1595 1468 1695 1529 causis,
1708 1468 1822 1535 justitio
1837 1468 1867 1521 in

149 1561 241 1619 totius
256 1558 372 1615 mundi.
383 1556 434 1613 llle
449 1555 579 1629 gravius·
591 1552 746 1609 ulciscitur
767 1551 908 1623 injuriam
923 1552 986 1607 ino.
1078 1532 1230 1599 diuidendo,
1245 1536 1294 1590 riti
1307 1539 1333 1590 et
1346 1536 1379 1591 de
1395 1536 1578 1606 imprudentis
1596 1538 1661 1591 teth
1682 1540 1795 1593 sinonis
1809 1540 1864 1593 uti·

152 1651 207 1725 pis,
224 1646 438 1705 contumelium
467 1642 668 1716 imprudentis
696 1639 804 1697 meriti.
826 1641 919 1712 lllsjor
942 1645 988 1696 est
1078 1604 1460 1747 ἑὲἶέἔιπέἕένῖῗῖἑῑιῗή’ἕὶἵέἃ
1469 1608 1822 1743 Ριξηῖἑαξὲἶίοοςῇῑέἕέὲἕ
1837 1626 1868 1734 g}

150 1739 231 1799 Osslm
257 1734 370 1809 injuria
393 1738 553 1799 mmmmm»
572 1748 664 1804 ‘luam
689 1731 841 1793 ⁰¹¹⁵l⁰fl⁰¹1¹
865 1728 985 1786 lhflllml
1079 1749 1204 1816 victorie,
1219 1756 1245 1803 et
1257 1765 1346 1804 meree
1364 1750 1387 1804 is
1402 1768 1419 1805 c
1433 1752 1486 1806 Dee
1505 1752 1653 1821 prepositae
1673 1751 1817 1813 electione:
1833 1766 1870 1806 ue

151 1832 288 1903 spretum
304 1830 334 1881 ct
349 1841 408 1880 non
423 1822 656 1879 consideratum.
1080 1820 1194 1875 tandem
1212 1820 1245 1875 de
1270 1829 1375 1903 accepte
1397 1822 1502 1893 futuru
1522 1823 1690 1892 posteritatis
1713 1830 1738 1877 et
1762 1822 1870 1879 Christi

185 1920 214 1974 8.
238 1917 307 1989 lpse
329 1929 447 1986 quoque
469 1911 597 1975 Pharao,
624 1908 694 1965 licet
717 1924 767 1964 rex
789 1908 1026 2003 Egyptiorumss
1079 1892 1216 1947 ’Wlfflin'
1230 1907 1370 1963 premisse.

151 2022 243 2082 quem
264 2008 296 2061 et
314 2000 472 2059 insolentia
492 1999 604 2073 regulis
625 1997 760 2070 potentis
784 1997 944 2069 supinaret,
961 2002 990 2053 et
1080 1996 1124 2051 10.
1140 1996 1254 2053 Primus
1269 1998 1359 2069 igitur
1374 2001 1471 2071 portes
1491 1997 1547 2053 sibi
1564 1999 1645 2069 justo
1661 1997 1762 2055 ordine
1775 1998 1869 2054 vindi-

151 2092 271 2170 AEgypti
291 2091 413 2148 lascivis
434 2094 521 2162 utque
545 2088 680 2145 luxuries
697 2086 823 2143 sstudio
847 2086 989 2143 castitatis
1043 2085 1119 2141 cavit
1146 2086 1269 2141 devotio.
1286 2087 1445 2143 Videamus
1472 2091 1501 2141 et
1528 2090 1694 2143 ceterarum
1724 2086 1869 2143 virtutum

151 2184 325 2250 abduceret,
336 2178 450 2236 vocavit
462 2178 627 2244 Ahrshnm,
638 2181 667 2231 et
678 2175 987 2248 urguitcumdicens:
1044 2173 1180 2245 graiium.
1212 2173 1391 2230 Mulcebstur
1419 2178 1540 2230 sanetus
1575 2174 1721 2230 Abraham
1755 2174 1870 2246 nepotis

153 2272 226 2343 Quid
240 2273 293 2327 ltoc
316 2270 406 2339 isonti
418 2268 509 2323 miti?
524 2268 619 2335 Quare
639 2280 696 2320 nen
719 2265 816 2320 emissi
838 2266 909 2319 milti
926 2266 990 2336 quic
1044 2261 1201 2335 presentia
1221 2262 1268 2317 cui
1289 2263 1416 2335 petrium
1433 2263 1568 2318 effectum
1584 2262 1747 2319 exhibebat.
1768 2262 1872 2318 lncidit

154 2378 227 2420 imur
239 2364 294 2415 tuo
308 2362 348 2415 est
364 2355 432 2411 :sed
447 2355 544 2411 dixisti
560 2354 634 2409 milri
655 2355 721 2424 quie
735 2368 812 2408 soror
826 2360 927 2408 tuaest
941 2372 950 2407 .·
966 2359 991 2408 et
1045 2352 1109 2407 rixu
1124 2350 1201 2406 inter
1218 2351 1349 2408 servulos
1364 2352 1478 2425 nepotis
1492 2355 1521 2406 et
1535 2352 1641 2422 putrui.
1657 2351 1787 2407 Advertit
1801 2368 1870 2423 pru-

153 2460 409 2523 ntmpsercmcum
431 2444 501 2499 milti
523 2443 791 2499 uxeremfdtnenc
813 2458 868 2498 esse
890 2442 992 2497 mulier
1046 2440 1162 2495 dentior
1201 2440 1382 2496 servulorum
1417 2440 1649 2516 dissensionibus
1683 2440 1869 2497 dominorum

153 2546 203 2598 tue
217 2541 288 2595 cute
302 2545 331 2592 te
342 2533 422 2604 (leid.
440 2533 484 2597 18,
502 2532 558 2602 fill.
571 2531 633 2586 Etsi
655 2535 760 2587 nutura
782 2530 861 2587 ferus
876 2548 909 2586 ae
924 2532 991 2586 ber·
1045 2528 1231 2584 concordiam
1248 2528 1321 2583 solvi
1341 2530 1442 2596 solere,
1459 2529 1622 2600 amputavit
1639 2528 1743 2583 fibram
1761 2528 1870 2585 discor-

157 2631 369 2694 harus,tumen
381 2619 736 2693 significstetiamexteris
748 2635 781 2674 ac
792 2620 924 2675 barbaris
933 2636 992 2675 mo·
1046 2617 1101 2672 diae
1116 2616 1183 2687 (tt),
1197 2634 1233 2673 ne
1247 2618 1413 2690 contagium
1437 2621 1574 2689 serperet.
1587 2615 1778 2677 Tolerabilius
1793 2618 1872 2673 enim

154 2719 240 2776 ribus
258 2714 319 2788 (ll)
335 2727 400 2768 esse
423 2726 523 2765 curum
547 2707 681 2781 pudoris,
692 2713 721 2763 et
746 2707 880 2764 adulterii
903 2708 991 2764 etiem
1047 2706 1160 2778 putavit
1174 2710 1206 2761 ut
1221 2705 1325 2778 copula
1345 2710 1588 2780 sequestraretur,
1605 2722 1692 2777 quem
1717 2705 1811 2779 grstia
1826 2706 1871 2763 di·

155 2806 211 2864 eihi
229 2817 349 2861 crimen
364 2798 534 2854 cavendum,
546 2796 601 2861 Oui
618 2797 772 2869 pretendit
785 2797 991 2871 ignorantiam,
1047 2794 1210 2851 rimeretur.
1227 2795 1307 2859 Quod
1326 2800 1354 2851 te
1376 2796 1469 2851 fecere
1493 2796 1617 2867 oportet,
1632 2794 1657 2849 si
1682 2794 1754 2850 forie
1768 2794 1873 2867 hujus·

155 2893 342 2953 condemnat
352 2887 619 2959 intemperentiam.
630 2885 687 2940 Nec
699 2885 805 2941 mirum
815 2886 840 2941 si
850 2886 993 2942 burburus
1047 2884 1127 2940 modi
1142 2883 1251 2957 aliquid
1269 2884 1417 2951 incideris,
1430 2890 1463 2941 ut
1475 2883 1665 2940 seminarium
1680 2883 1873 2942 dissensionis

153 2986 205 3057 J‘us
220 2980 307 3037 novit
322 2981 432 3032 nature
445 2991 452 3029 :
464 2979 546 3030 muta
557 2972 697 3029 nuimelin
709 2990 773 3045 quae
788 2974 878 3031 nullis
890 2979 992 3031 tenen-
1047 2975 1172 3028 sut'eras.
1193 2974 1292 3045 Neque
1317 2974 1395 3029 euim
1419 2978 1451 3029 tu
1477 2972 1580 3029 fortior
1603 2988 1691 3045 quam
1714 2974 1871 3029 Abraham.

156 3079 207 3131 tur
219 3068 354 3143 legibue,
371 3068 441 3121 sunt
454 3068 552 3119 temen
563 3060 622 3132 (15)
632 3062 731 3132 eliqua
745 3079 807 3135 que
823 3062 992 3120 consulum
1047 3060 1098 3117 Ille
1122 3061 1298 3117 declinanda
1326 3064 1451 3130 censuit,
1477 3078 1533 3117 nou
1559 3060 1745 3135 despicienda
1772 3079 1873 3120 servu-

156 3159 285 3234 puribue
308 3152 372 3209 suis
394 3151 502 3224 copule
526 3154 643 3206 servent
666 3150 764 3216 fidem,
779 3167 880 3207 verum
905 3151 993 3207 etiarn
1046 3148 1141 3206 lorum
1154 3150 1264 3223 jurgia.
1280 3150 1315 3205 Et
1339 3152 1363 3207 si
1384 3156 1415 3207 tu
1433 3150 1543 3218 fortior,
1560 3165 1628 3206 cave
1643 3166 1679 3205 ne
1695 3149 1768 3207 ulter
1790 3152 1872 3209 infir-

156 3248 257 3305 coitus
283 3241 552 3299 uniuseustitatem
569 3236 747 3294 custodiunt.
764 3239 807 3294 lta
830 3241 924 3311 msj0r
947 3239 993 3295 lex
1048 3238 1123 3293 mior
1152 3238 1201 3309 qui
1231 3255 1331 3295 aurem
1363 3241 1491 3314 prebeat
1519 3236 1700 3295 servulorum
1730 3241 1870 3299 susurris.

156 3343 288 3401 nature,
305 3346 394 3402 quem
416 3327 513 3400 legum
538 3325 719 3399 prescriptio
734 3331 788 3383 est.
805 3328 867 3383 Non
884 3329 990 3385 mirum
1007 3301 1029 3367 G
1049 3328 1226 3398 Frequenter
1240 3325 1365 3385 indivisa
1387 3327 1505 3385 servitia
1519 3328 1596 3383 inter
1613 3331 1749 3398 parentes
1763 3328 1873 3386 discor·

156 3440 230 3497 ergo
246 3422 274 3478 si
294 3426 324 3475 et
338 3418 393 3473 ieie
406 3415 557 3488 AEgyptius
573 3431 622 3470 rex
642 3413 734 3469 Deum
750 3414 859 3480 timuit,
874 3417 923 3489 qui
940 3417 993 3474 hc·
1047 3415 1125 3469 diem
1150 3418 1260 3469 serunt.
1279 3415 1379 3473 Divide
1402 3416 1510 3489 potius,
1536 3422 1568 3472 ut
1593 3419 1709 3471 manent
1732 3418 1871 3474 amicitie.

156 3515 264 3571 minen
281 3523 340 3564 non
357 3505 488 3574 timehst,
504 3509 533 3560 et
547 3517 665 3575 poenam
682 3500 768 3557 solvit
782 3503 928 3571 adulterii,
942 3506 992 3577 qui
1048 3501 1174 3559 ludivisu
1190 3503 1296 3558 domus
1309 3504 1384 3561 diros
1406 3522 1463 3561 nou
1486 3504 1621 3561 sustinet.
1638 3505 1740 3561 Nonne
1766 3505 1872 3564 melius

156 3599 255 3658 nullis
271 3612 340 3652 reus
355 3594 508 3649 tenebatur
526 3588 842 3665 legibus:etatimque
856 3593 905 3648 uhi
920 3592 992 3650 elie·
1047 3596 1093 3648 cst
1112 3592 1255 3661 emigrare
1279 3606 1347 3647 oum
1376 3595 1480 3665 gratis,
1497 3610 1584 3665 quem
1610 3592 1775 3650 cohabitare
1804 3612 1871 3651 cum

156 3704 233 3747 num
247 3700 315 3742 esse
330 3683 464 3754 cognovit
479 3696 610 3743 uxorem,
626 3695 685 3734 non
701 3677 796 3734 solum
812 3682 918 3735 marito
933 3683 992 3737 red·
1048 3678 1217 3735 discordia?

156 3777 252 3841 didit,
269 3772 474 3829 verumetiam
490 3772 695 3843 pmsecutores
710 3767 791 3822 dedit
803 3768 855 3840 qui
869 3770 992 3825 deduce·
1084 3769 1126 3823 ll.
1145 3768 1212 3840 Ipsa
1227 3782 1344 3839 quoque
1366 3769 1527 3840 cujusmodi
1544 3786 1609 3827 esse
1631 3770 1734 3825 deheut
1757 3771 1871 3839 divisio,

157 3870 231 3925 rent
253 3859 474 3932 eum;ncquis
498 3859 534 3913 de
563 3855 672 3929 populo
700 3855 825 3913 horburc
854 3858 995 3930 irrogaret
1049 3856 1212 3929 patriarche
1237 3856 1348 3913 edocet.
1366 3856 1489 3914 Firmior
1513 3858 1631 3927 diridet,
1655 3859 1800 3916 infirmior
1820 3860 1872 3916 eli-

155 3951 337 4014 riolentiem
350 3948 394 4004 vel
408 3945 522 4020 peculio
537 3944 601 4016 viri,
615 3944 660 4001 vel
676 3944 774 4001 uxoris
788 3946 903 4017 pudori.
1049 3948 1108 4017 gut,
1125 3962 1161 4001 ns
1176 3944 1280 4001 haheat
1291 3947 1369 4017 quod
1389 3950 1537 4019 queratur.
1550 3946 1705 4002 illectionis
1720 3948 1797 4003 enim
1814 3965 1872 4004 sus

198 4045 228 4098 9.
240 4034 572 4097 Pulcherrimusesthie
587 4032 670 4089 loeus
684 4033 720 4087 sd
736 4033 918 4091 incitandum
931 4040 993 4091 stu·
1049 4038 1160 4107 purtem
1177 4050 1235 4089 uon
1263 4035 1369 4105 poterit
1388 4034 1572 4091 calumniari.
1589 4036 1650 4091 Nou
1667 4036 1776 4092 residet
1789 4054 1871 4093 occa-

162 4133 252 4188 dium
272 4125 444 4189 devotionis,
455 4125 534 4195 quod
551 4123 576 4179 is
591 4122 643 4194 qui
658 4122 750 4177 Deum
766 4126 900 4196 sequitur
911 4129 994 4181 tutus
1048 4124 1092 4179 sio
1111 4122 1261 4179 resiliendi
1276 4123 1323 4178 cui
1339 4124 1427 4179 detur
1441 4124 1519 4195 optio
1540 4124 1676 4195 eligendi,
1687 4142 1741 4181 uec
1764 4126 1873 4182 divisor

160 4233 286 4291 semper
299 4219 353 4271 est.
364 4214 399 4271 Et
412 4214 477 4269 idco
488 4213 581 4268 Deum
596 4210 732 4283 preferre
745 4212 888 4269 dehemus
901 4213 995 4269 omni·
1048 4216 1193 4283 gravetur.
1211 4212 1284 4267 Nam
1300 4229 1357 4284 quo
1383 4213 1564 4284 prudentior,
1580 4230 1613 4269 eo
1628 4214 1754 4281 csnti0r;
1772 4219 1805 4270 ut
1820 4231 1872 4271 nec

160 4310 233 4377 hus,
251 4320 306 4362 nec
321 4302 420 4375 putriae
434 4302 595 4365 contuitus,
610 4314 664 4355 neo
680 4306 835 4371 parentum
850 4301 992 4358 filiorum·
1048 4302 1077 4355 in
1094 4300 1235 4357 divisione
1248 4299 1515 4371 circumscribatur,
1528 4318 1579 4357 neo
1595 4303 1624 4357 in
1640 4302 1779 4359 electione
1795 4304 1873 4359 freu-

163 4410 224 4469 que
233 4392 341 4467 gretia,
350 4406 403 4446 uec
413 4389 512 4445 uxoris
522 4387 730 4460 contemplatio
741 4405 794 4445 uos
805 4406 938 4446 revocare
947 4391 994 4446 de·
1048 4390 1141 4444 detur.

163 4485 216 4540 het
234 4482 272 4537 eh
287 4478 472 4536 exsecutione
496 4481 707 4548 preceptorum
732 4477 908 4546 eoelestium3
923 4479 993 4549 quie
1083 4480 1126 4533 12.
1143 4476 1242 4533 Divisit
1266 4478 1425 4543 Abruhnm,
1440 4481 1505 4547 quie
1527 4495 1584 4537 nen
1607 4482 1738 4552 repitent,
1762 4482 1870 4555 inquit,

164 4567 343 4627 musnobis
366 4563 840 4637 omniaillnlsrgitur,stpctens
862 4572 908 4623 est
931 4583 991 4622 ser·
1047 4568 1110 4622 illes
1138 4571 1212 4623 terre
1242 4566 1366 4621 trubdcre
1392 4568 1476 4621 sinent
1506 4566 1581 4636 (Gen.
1598 4588 1657 4624 xus,
1675 4572 1714 4643 6),
1731 4572 1801 4643 quia
1827 4572 1869 4627 ui·

164 4676 233 4716 rnre
244 4673 310 4730 que
333 4655 548 4725 donatlteque
567 4669 709 4727 magnum
729 4654 895 4727 exemplum
911 4657 1030 4729 derel)
1047 4658 1141 4713 mium
1163 4654 1267 4711 diuites
1295 4660 1386 4710 erant.
1404 4655 1547 4713 Seculare
1575 4660 1678 4715 riuum
1707 4666 1740 4715 ut
1768 4661 1871 4715 divites

164 4749 256 4804 tionis
270 4744 402 4812 Abruhae,
413 4744 491 4817 quod
507 4760 573 4799 cum
589 4760 678 4800 uxore
693 4744 825 4815 speciosa
843 4745 993 4802 descendit
1045 4750 1123 4801 terre
1137 4762 1195 4801 nou
1210 4744 1313 4814 capiet.
1331 4742 1409 4799 Nihil
1425 4744 1504 4799 enim
1520 4747 1592 4803 sutis
1614 4752 1658 4803 est
1680 4748 1801 4802 divitum
1818 4764 1869 4801 cu·
1976 4795 1977 4801 ,

164 4838 194 4894 iu
209 4837 376 4909 AEgyptum.
387 4834 455 4888 Erat
469 4832 587 4903 quidem
598 4834 681 4904 iusto
692 4833 753 4888 viro
768 4850 838 4888 eure
852 4835 991 4908 conjugu—
1046 4832 1170 4906 piditsti.
1195 4832 1314 4897 Oosudo
1339 4831 1426 4887 ditior
1449 4834 1516 4903 quis
1542 4836 1638 4899 fuerit,
1654 4839 1735 4889 tanto
1760 4833 1870 4889 aridior

161 4926 201 4983 lis
217 4921 386 4997 pudicitie:
409 4920 460 4976 sed
476 4921 573 4990 mqjus
586 4925 649 4976 erut
663 4921 795 4978 studium
811 4924 991 4979 metrrundre
1046 4922 1082 4978 ad
1116 4920 1326 4994 possidendum
1358 4926 1411 4975 est.
1442 4922 1600 4978 llxteuders
1632 4920 1694 4993 agri
1726 4921 1869 4979 terminos

199 5094 259 5165 (13)
273 5091 362 5157 Edit,
377 5091 500 5145 dunum
515 5106 627 5145 uxoren
641 5091 761 5147 incestet.
778 5092 901 5158 Quidam
918 5112 989 5151 mss.
1046 5091 1124 5147 euim
1154 5090 1230 5161 apud
1259 5088 1454 5161 Augustinum
1480 5088 1509 5143 in
1533 5088 1701 5160 pselxxrx,
1725 5105 1806 5143 uum.
1824 5090 1868 5157 13,

160 5170 297 5229 inasset5
314 5162 440 5233 potiores
454 5164 488 5215 ut
502 5178 554 5216 uos
569 5160 599 5215 in
615 5168 705 5216 textu.
1044 5164 1257 5219 screetirntninm
1267 5177 1318 5231 pro
1330 5160 1534 5227 sanctimonia,
1548 5159 1590 5214 vel
1601 5160 1869 5217 sanctimonialium

214 5238 259 5305 fl)
274 5234 345 5290 Mes.
363 5230 485 5303 aliquot,
501 5234 620 5287 eslerrris
635 5249 667 5287 ue
682 5234 807 5288 dirrduris
821 5237 970 5291 erroribus.
1046 5230 1330 5307 professionePorro
1341 5247 1397 5284 iren
1409 5230 1525 5285 defuere
1536 5230 1793 5301 quiAhrabemum
1806 5249 1870 5304 pro-

213 5306 259 5375 15)
272 5305 347 5361 Edit.
364 5319 477 5368 omnes,
498 5303 560 5358 lieet
582 5302 668 5359 nullis
682 5306 907 5375 ccrrstriupcntnr
921 5308 991 5378 leqi-
1045 5307 1096 5361 diti
1115 5305 1213 5360 uxoris
1233 5304 1309 5359 Surae
1325 5300 1444 5370 pudoris
1464 5304 1650 5367 accusarsut;
1667 5318 1754 5373 quem
1771 5307 1869 5360 temen

160 5380 224 5442 bras,
243 5385 310 5433 sunt
332 5379 435 5441 fernen,
459 5380 513 5429 cic.
539 5374 609 5430 llfss.
626 5375 694 5443 duo,
709 5392 761 5445 que
785 5376 890 5432 nullius
914 5384 989 5441 suist,
1047 5378 1182 5432 rcctcSS.
1196 5376 1293 5430 Patres
1305 5371 1478 5437 dcfcudunt;
1495 5371 1713 5429 scilicethurhr.
1726 5372 1780 5430 hoc
1791 5375 1822 5431 in
1838 5375 1871 5430 li·

159 5465 258 5515 amen,
271 5451 327 5504 etc.
343 5444 398 5500 stit
414 5449 446 5501 ut
460 5444 490 5501 in
502 5449 647 5501 contextu.
1046 5450 1112 5515 hr0;
1127 5456 1201 5519 Aug.
1213 5446 1289 5500 cont.
1306 5442 1455 5497 Faustum.
1474 5438 1523 5498 lib.
1540 5460 1608 5509 xxu,
1622 5461 1646 5499 c.
1659 5446 1703 5513 33,
1719 5450 1747 5501 et
1762 5446 1868 5510 Quest.

201 5519 258 5591 (16)
275 5518 344 5591 ch.
367 5533 422 5572 ms.
446 5516 563 5572 obeundi
584 5515 759 5587 solvendique
774 5517 865 5573 uelum
878 5521 991 5577 celestis
1045 5522 1081 5575 2ss
1096 5537 1129 5577 su
1153 5534 1183 5573 er
1198 5516 1267 5571 ch.
1280 5517 1308 5567 st
1323 5510 1408 5579 alibi3
1423 5512 1499 5568 llicr.
1513 5514 1547 5570 de
1562 5515 1648 5571 'fi-nd.
1661 5516 1731 5573 Hsh.
1745 5516 1773 5572 in
1785 5518 1869 5589 Geu.;

158 5591 283 5647 croculi.
299 5588 334 5645 llt
350 5592 416 5659 post
430 5604 532 5660 pauca,
545 5586 595 5642 ubi
613 5603 675 5643 com
699 5586 778 5643 lurcs
791 5604 862 5645 mss.
878 5595 907 5646 et
920 5592 990 5648 edit.
1046 5537 1188 5648 'theocloc
1205 5586 1310 5650 Ouest.
1326 5584 1362 5638 62
1376 5582 1408 5665 iu
1423 5583 1506 5653 Gen,
1523 5591 1552 5642 et
1566 5586 1614 5641 alii
1631 5586 1739 5659 plures.

159 5678 271 5718 omnes
286 5660 388 5733 legunt
401 5661 608 5721 castimoniam:
623 5657 663 5714 ibi
677 5604 760 5715 born.
773 5664 802 5715 ct
816 5660 865 5716 elii
881 5662 993 5746 aliquot
1082 5662 1138 5735 (17)
1155 5659 1224 5717 lllss.
1247 5672 1303 5711 nun
1326 5672 1420 5727 penu,
1437 5660 1589 5729 rrrnpretcuit
1610 5658 1748 5729 ,inebriem
1764 5660 1868 5717 discor-

158 5732 278 5792 hehent
307 5732 508 5787 vestimentem.
532 5730 589 5787 Nec
619 5730 715 5788 forsan
743 5730 818 5788 mele
849 5751 855 5790 :
885 5733 992 5809 legitur
1045 5735 1110 5792 dise.
