4159 6184
136 296 202 359 rsa
471 250 476 257 ¹
801 298 1089 363 envanuoaon
1118 305 1191 366 uro
1215 310 1238 369 1.
1805 320 1868 385 sas

139 426 324 487 Ambrosius
340 428 550 499 :quapropter
564 442 649 483 suam
662 442 730 483 eum
747 432 935 487 senectutem
951 433 997 490 vis
1010 436 1088 491 ante
1105 450 1213 497 annum
1228 442 1280 497 389
1293 443 1463 516 predicasse
1473 449 1658 522 judicaveris,
1672 452 1790 510 Accedit
1817 453 1866 511 bis

138 519 223 593 quod
240 517 312 592 ipsae
327 532 393 588 que
411 514 442 570 id
460 515 607 589 temporis
623 514 652 571 in
667 515 796 574 Ecclesia
807 534 861 575 sua
878 520 1060 591 agebantur,
1081 518 1250 586 describens
1263 532 1344 587 docet
1354 532 1416 603 jam
1432 552 1488 593 non
1505 539 1612 595 multas
1626 556 1690 597 esse
1708 556 1866 615 congrega-

137 610 252 676 tiones,
267 606 302 663 ad
318 620 394 678 quas
412 603 579 676 separatim
595 603 714 677 pagani,
737 605 931 677 hereticique
971 610 1181 686 cogebantur:
1211 618 1263 675 Sed
1283 622 1429 691 imanes,
1453 623 1547 698 inquit
1563 627 1624 699 (tib.
1638 645 1680 696 nr,
1696 644 1721 684 c.
1735 629 1764 697 9)
1790 646 1865 686 ocus

136 698 272 773 papatu-r,
287 712 323 752 ex
337 693 531 761 dershosset
544 693 673 765 pentibus
689 694 791 766 repieta
804 700 842 752 eat
857 696 1071 766 Ecclesiaouae
1088 715 1157 761 sano
1170 710 1311 779 quantum
1325 724 1392 765 cum
1409 712 1566 785 assignatis
1589 718 1770 788 temporibus
1796 735 1865 775 con-

138 788 275 855 veniant,
292 782 378 841 facile
393 781 494 856 quivis
511 780 672 855 intelligat,
688 782 754 839 Hac
769 800 898 858 namque
911 794 1011 862 aperte
1025 787 1196 859 significant
1208 794 1305 851 felices
1318 794 1382 854 illos
1397 799 1470 864 dies,
1491 817 1558 856 com
1574 803 1716 860 exstincta
1743 805 1863 863 iustius

140 875 334 950 imperatrice
349 872 533 931 Arianorum
549 870 686 944 partibus
702 874 762 929 tam
775 874 966 947 pertinaciter
980 878 1111 948 addicta,
1127 885 1273 940 confutato
1288 886 1459 961 repulsoque
1474 890 1649 961 Symmacho
1677 891 1862 951 ethnicorum

142 966 259 1023 rituum
272 966 333 1019 tam
349 962 419 1018 torti
436 963 671 1034 propugnatore,
686 960 780 1019 victor
793 964 912 1021 tandem
928 966 965 1023 de
980 966 1109 1025 Maximo
1123 974 1245 1043 tyranno
1261 972 1439 1033 Theodosius
1455 977 1578 1050 Magnus
1593 982 1636 1034 tot
1647 979 1702 1035 boc
1716 998 1792 1038 anno
1819 981 1863 1040 le·

144 1070 199 1129 ges
212 1052 294 1125 (Cod.
310 1050 367 1107 Tb.
384 1049 432 1106 tit.
449 1050 486 1106 de
499 1063 567 1121 pag.
585 1052 615 1104 ot
629 1047 753 1122 beret),
770 1055 911 1126 tantaque
926 1047 1087 1128 prudentia
1100 1059 1240 1116 adversus
1255 1076 1383 1133 paganos
1394 1068 1480 1137 sique
1494 1066 1646 1121 hereticos
1664 1066 1730 1123 tulit
1745 1085 1752 1123 :
1770 1074 1803 1125 ot
1815 1086 1863 1127 eo·

143 1159 213 1200 rum
229 1140 378 1215 plurimos
394 1139 426 1195 in
442 1135 579 1195 Ecclesia
596 1136 748 1195 catholice
763 1140 933 1201 convolasse
945 1145 1079 1216 ejusdem
1095 1149 1147 1203 evi
1162 1147 1320 1219 scriptores
1334 1152 1496 1208 notaverint
1511 1153 1599 1223 (Hier.
1611 1154 1696 1226 epist.
1711 1157 1729 1209 7
1745 1174 1753 1224 3
1771 1158 1860 1214 Prud.

140 1231 163 1287 l·
178 1227 416 1389 Χέῑὲζῗὶεοζτο
433 1318 640 1387 tempestatem
652 1316 730 1387 quod
747 1317 860 1386 attinet,
877 1318 1001 1391 planum
1014 1322 1135 1392 quidem
1150 1327 1195 1381 est
1209 1324 1393 1383 observatum
1409 1327 1473 1385 istis
1488 1328 1593 1384 diebos
1611 1330 1759 1402 jejunium
1775 1349 1782 1388 ε
1810 1349 1862 1389 ve-

141 1406 273 1465 risimile
288 1409 390 1463 sutem
405 1420 466 1460 non
481 1402 562 1459 aliud
580 1402 671 1459 fuisse
685 1402 758 1458 iliud
774 1419 863 1476 quam
879 1406 1013 1463 exeuntis
1029 1409 1275 1485 Quadragesinrae.
1292 1416 1406 1473 Etenim
1416 1416 1533 1473 eosdem
1549 1416 1615 1474 iilos
1630 1418 1693 1476 dies
1702 1419 1862 1493 singularis

141 1495 308 1556 exsititisse
321 1492 474 1568 religionis
489 1508 523 1548 eo
538 1494 673 1549 constare
688 1497 798 1565 posset,
815 1496 893 1565 qnod
909 1510 1028 1551 summo
1045 1515 1134 1557 mano
1150 1502 1275 1573 populus
1293 1505 1330 1561 ad
1358 1504 1515 1562 Ecclesiam
1537 1506 1675 1578 frequens
1692 1510 1862 1578 contineret,

142 1588 226 1645 unde
243 1601 304 1643 non
322 1583 381 1639 nisi
394 1585 462 1655 post
476 1580 548 1637 eolis
563 1597 701 1638 occasum
716 1580 890 1637 discederet.
907 1583 1010 1652 ltaque
1025 1582 1110 1645 baud
1126 1588 1271 1650 immerito
1286 1593 1393 1651 dixeris
1408 1594 1482 1651 tales
1509 1594 1601 1651 fuisse
1627 1613 1686 1666 eos,
1703 1598 1805 1671 quales
1830 1598 1863 1655 in

143 1678 214 1751 ipsa
226 1673 356 1731 iustine
369 1670 515 1728 sevientis
529 1668 732 1743 persecutione
742 1667 779 1724 sb
794 1669 950 1725 Ambrosio
966 1666 1191 1746 describuntur,
1207 1683 1322 1753 quando
1341 1700 1393 1755 per
1420 1700 1534 1740 sacram
1549 1683 1763 1744 hebdomadam
1780 1688 1865 1762 plebs

145 1765 248 1823 omnis
260 1762 298 1820 ad
314 1760 461 1835 agendam
477 1758 653 1815 matutinam
672 1756 933 1830 vespertinamque
949 1758 1090 1826 synaxim
1121 1771 1281 1827 conveniat.
1310 1772 1460 1829 Addamus
1473 1772 1596 1847 insuper
1617 1776 1717 1833 eadem
1728 1776 1758 1833 in
1776 1778 1867 1834 utris·

146 1850 351 1928 querentibus
366 1851 484 1922 peracta
498 1862 572 1905 esse.
588 1846 659 1903 Nam
676 1846 711 1901 da
725 1844 772 1901 his
788 1844 892 1902 scribit
908 1846 1028 1902 sanctus
1043 1848 1184 1911 Antiates
1194 1859 1287 1931 (Epist.
1303 1859 1338 1916 od
1352 1861 1456 1934 itura),
1472 1862 1528 1919 dies
1540 1879 1598 1920 ease
1608 1864 1705 1937 quibus
1730 1866 1759 1922 ia
1774 1867 1868 1924 deck-

146 1945 192 2000 sio
204 1939 371 2015 punitentia
387 1936 554 1993 reioaeotcr:
570 1934 605 1990 do
619 1932 677 1990 illis
687 1933 749 2005 (lib
765 1949 793 2000 v,
804 1948 867 2005 ⁰81³·
900 1928 963 2003 25),
976 1936 1094 2005 1⁶um
1110 1954 1167 1999 esre
1192 1964 1242 2020 quo
1261 1950 1410 2007 celebrator
1437 1951 1609 2023 induiqentio
1628 1960 1817 2027 peccatoram:
1835 1956 1868 2013 in

149 2032 199 2091 his
213 2031 323 2089 lectam
338 2028 421 2084 ionae
437 2023 621 2098 prophetiam
636 2021 739 2079 asserit
753 2022 848 2094 (Epist.
865 2022 906 2078 cd
922 2018 1027 2093 dioro),
1049 2022 1092 2079 in
1109 2026 1169 2090 iilis
1183 2035 1258 2093 idem
1274 2040 1432 2111 prestitum
1448 2058 1506 2098 noo
1521 2043 1642 2100 obscuro
1656 2045 1790 2119 designat
1803 2046 1869 2121 (lib.

149 2138 177 2190 v,
195 2138 220 2177 c.
239 2120 270 2175 tt
289 2100 319 2175 et
332 2116 393 2189 25.)
409 2115 442 2172 In
457 2113 523 2170 istis
534 2110 623 2185 igitur
637 2110 823 2167 conventibus
838 2126 913 2167 oum
931 2110 1031 2167 20d0m
1047 2112 1106 2171 die
1124 2119 1170 2180 bis
1185 2124 1351 2199 aliquando,
1367 2129 1465 2185 basilii
1481 2148 1570 2201 more,
1586 2134 1674 2191 verba
1688 2135 1803 2205 iaceret,
1818 2154 1873 2195 sex

151 2210 275 2267 omnino
290 2206 398 2265 diebos
414 2205 586 2275 susceptum
601 2203 803 2274 argumentum
818 2198 964 2268 absolvit,
980 2200 1032 2258 boo
1047 2208 1110 2276 est,
1129 2210 1206 2270 intro
1228 2214 1415 2273 hebdomade
1429 2220 1516 2277 unius
1538 2224 1698 2297 angustias.
1720 2226 1826 2283 Probat
1839 2227 1871 2283 id

154 2298 276 2371 quidem
291 2313 309 2352 a
324 2295 412 2369 nobis
425 2292 567 2349 instituta
580 2303 747 2346 sermonum
762 2286 864 2343 divisio
879 2305 890 2358 3
909 2293 944 2345 at
956 2288 1026 2347 iilud
1045 2292 1129 2355 idem
1145 2302 1253 2359 evincit
1267 2304 1391 2376 ipsemet
1405 2309 1577 2366 Ambrosios
1590 2313 1619 2368 in
1633 2312 1694 2371 baec
1704 2315 1792 2372 verba
1805 2315 1871 2390 (lib.

156 2402 198 2442 vi.
215 2402 240 2440 c.
260 2384 284 2457 t)
300 2384 376 2453 :Qui
390 2382 501 2454 (sermo
513 2378 624 2452 noster)
639 2378 689 2433 etsi
704 2391 751 2449 per
762 2376 878 2448 quinque
891 2379 959 2450 jam
973 2379 1029 2437 dies
1044 2400 1102 2441 non
1119 2390 1252 2448 mediocri
1263 2393 1355 2451 labore
1368 2396 1447 2452 nobis
1458 2404 1641 2472 preces-scrin
1659 2408 1750 2463 tomen
1763 2405 1873 2466 hodier-

154 2492 195 2533 no
209 2474 265 2539 die,
280 2476 333 2530 etc.

151 2650 1872 2706 Μ

504 2830 912 3000 SANCTI
976 2838 1535 3024 AMBROSII

786 3115 1073 3178 MEDIOLANENSIS
1099 3123 1259 3185 episcopt
1376 3208 1380 3213 v

672 3302 1359 3447 HEXAEMERON

857 3536 1004 3626 LIBRI
1038 3529 1172 3627 SEX¹

958 3742 1053 3755 —n

774 3874 962 3969 LIBER
1000 3878 1249 3977 PRIMUS.

799 4078 844 4135 nn
860 4078 975 4137 OPERE
1005 4081 1108 4140 PRIMI
1137 4082 1218 4142 niel.

903 4258 1104 4271 *—

304 4398 324 4453 1
355 4394 473 4452 CAPUT
502 4393 658 4453 PRIMUM.
674 4394 786 4467 (Sermo
801 4392 836 4466 1.)
995 4396 1143 4463 Accusas
1160 4401 1249 4458 rebus
1264 4408 1403 4468 omnibus
1418 4414 1532 4474 dedisse
1561 4427 1733 4482 asseratur:
1763 4427 1863 4503 ipsam

177 4488 216 4543 De
229 4482 329 4541 mundi
340 4484 490 4557 principio,
505 4483 652 4540 duratione
664 4492 690 4539 et
703 4484 817 4539 aneon.
840 4481 965 4539 Piiioso
1037 4501 1155 4559 quoque
1171 4490 1195 4546 2
1210 4494 1355 4553 mundum
1371 4499 1584 4578 incorruptum,
1597 4528 1650 4568 nac
1664 4521 1865 4587 creatum,aut

217 4556 336 4629 thm
347 4572 453 4613 “mm
467 4556 626 4626 referuntur
639 4570 672 4610 αθ
681 4556 918 4626 pernimium?-
1037 4575 1147 4631 iactum
1172 4579 1374 4643 existimarent
1390 4604 1397 4643 :
1413 4591 1462 4646 aiii
1487 4610 1613 4668 quoquo,
1630 4606 1664 4657 ut
1691 4605 1863 4667 Aristotele,

196 4663 224 4718 i.
239 4662 406 4719 Tantumne
417 4660 562 4735 opinionis
577 4659 759 4733 assumpisse
787 4658 933 4727 homines,
950 4664 984 4717 ut
1037 4674 1105 4716 com
1121 4662 1184 4721 suis
1207 4666 1419 4740 disputandum
1444 4681 1557 4749 putavit
1576 4684 1626 4757 (2),
1642 4688 1702 4746 duo
1718 4694 1862 4765 principis

158 4749 253 4823 aliqui
267 4765 369 4807 eorum
384 4750 441 4805 tria
450 4748 595 4822 principia
609 4748 820 4805 constituerent
836 4746 980 4817 omnium,
1037 4758 1189 4821 ponerent,
1203 4757 1356 4814 materiam
1386 4765 1415 4817 et
1443 4766 1616 4836 speciem
1642 4778 1761 4834 tertium
1791 4796 1859 4838 cum

157 4839 265 4908 Deum,
282 4842 311 4895 ei
324 4838 480 4911 exemplar,
496 4840 524 4893 et
545 4836 709 4904 materiam,
724 4836 801 4892 sicut
815 4836 896 4893 Plato
924 4837 982 4895 dis·
1036 4837 1084 4903 iis,
1101 4842 1178 4911 quod
1194 4848 1391 4915 operatorium
1406 4851 1526 4922 dicitur,
1542 4860 1588 4914 eui
1601 4870 1768 4935 suppeteret
1782 4884 1861 4925 oom-

158 4926 410 5002 cipuliqneejus;
441 4922 753 4998 eteaincorrupto‚et
777 4924 917 4994 increata,
948 4944 982 4983 ac
1036 4930 1168 4998 petentes
1182 4932 1305 5006 efficere,
1320 4940 1397 5011 qnod
1413 4942 1609 5004 adoriundum
1623 4955 1766 5022 putasset,

159 5018 227 5074 sinc
241 5014 326 5071 initio
345 5030 409 5072 esse
424 5016 621 5071 asseverarent
637 5029 644 5067 ε
674 5013 826 5087 Deumque
842 5031 900 5071 non
915 5017 981 5073 tan·
1070 5018 1098 5070 2.
1115 5018 1188 5083 Quid
1204 5021 1295 5094 igitur
1309 5028 1370 5083 tam
1384 5027 1602 5102 inconveniens,
1618 5052 1709 5108 quam
1725 5046 1758 5095 ut
1775 5047 1858 5100 etot.

158 5120 250 5179 quam
262 5107 422 5161 creatorem
433 5100 626 5167 macarianae
636 5103 927 5175 tanqusmsrtiiicem
943 5104 980 5160 ad
1036 5103 1157 5162 nitatem
1182 5111 1278 5182 operis
1302 5130 1368 5171 cum
1386 5118 1437 5176 Dei
1461 5121 1668 5194 omnipotentis
1696 5131 1858 5191 eternitate

160 5192 321 5267 exemplar,
332 5191 387 5248 hoc
400 5196 454 5261 est,
466 5190 561 5247 ideam
571 5188 887 5260 intendentem,t'ecisso
898 5209 983 5249 mun·
1037 5194 1260 5267 conjungerent,
1274 5201 1318 5258 vei
1330 5203 1427 5276 ipsum
1445 5223 1518 5279 opus
1532 5208 1622 5264 neum
1633 5227 1698 5272 esse
1713 5218 1857 5292 dicerent;

159 5284 233 5339 dum
246 5283 283 5339 de
297 5282 428 5350 materis,
445 5296 532 5352 quam
545 5278 829 5354 vocenthyleo,quo
840 5282 980 5356 gignendi
1035 5285 1069 5337 ut
1083 5283 1199 5355 coelum,
1215 5292 1244 5343 ot
1271 5294 1392 5359 terram,
1405 5298 1434 5349 et
1457 5310 1536 5351 marc
1563 5296 1670 5359 divinis
1697 5323 1856 5383 prosequo.

209 5423 357 5495 iscripti
372 5422 509 5479 circaan.
526 5419 587 5505 389..
642 5489 648 5502 .
748 5478 750 5483 ,
958 5496 963 5507 Ι
1033 5422 1092 5508 lius
1107 5426 1281 5511 obtusique
1305 5431 1456 5501 editiones,
1475 5439 1768 5563 (subobscurum,
1796 5452 1857 5509 fl00

195 5424 236 5568 Β
252 5494 470 5567 Manuscriptus
484 5492 666 5549 corbeiensis
681 5506 759 5548 unus
782 5498 811 5549 et
840 5492 979 5553 Golbertr-
1033 5512 1113 5553 enrm
1128 5498 1267 5556 ultimum
1280 5504 1402 5561 verbum
1418 5522 1472 5579 pen
1496 5512 1525 5565 et
1538 5526 1573 5568 ax
1587 5512 1652 5589 ipso
1676 5518 1761 5579 initio
1777 5524 1855 5605 ospi-

159 5582 217 5631 nus
231 5564 436 5645 dispunctam
452 5570 551 5641 paam
573 5562 626 5625 dvo
639 5562 779 5643 principio
790 5580 901 5645 ponne.
929 5566 979 5627 ito·
1032 5568 1072 5630 tis
1086 5586 1093 5642 ;
1105 5570 1288 5632 Tratorius...
1303 5584 1335 5635 ut
1347 5576 1445 5655 otiqoi,
1462 5582 1518 5641 eto.
