4159 6184
128 326 178 395 tlt
758 334 809 399 os
831 328 1024 397 sennenn
1046 328 1121 395 sss.
1145 326 1184 394 11.
1758 322 1827 391 ses·

127 482 187 526 cum
202 465 288 529 lectio
301 471 408 533 tectam
422 472 545 542 astruat,
561 484 619 528 nen
635 468 742 527 laetam
757 467 865 537 ovium,
881 466 938 526 uti·
953 468 1070 535 Αιειιον,
1086 462 1142 522 hoo
1170 464 1224 532 esi,
1248 456 1400 537 superista
1412 458 1482 537 (etl,
1505 459 1591 537 quael
1606 455 1683 520 oculi
1698 458 1818 536 quidam

126 558 211 631 qussi
226 558 368 633 inspectio
383 562 488 621 luisset
502 562 638 629 istorum,
650 560 737 617 etiarn
753 559 849 614 avium
866 558 941 613 lecta
994 553 1143 622 contrarii,
1159 550 1331 610 rationabile
1344 555 1390 609 est
1402 554 1434 608 ei
1444 550 1665 609 irrationabile.
1681 548 1820 607 listinae·

124 650 195 705 esset
209 648 325 716 divisio,
342 654 374 707 ut
394 652 477 709 lieret
498 650 651 723 inspectio.
667 648 741 713 Quid
767 646 792 705 sl
808 644 874 703 iudei
890 661 941 703 uo·
994 642 1055 700 hile
1073 642 1172 716 ipsum
1191 641 1333 699 dividitur
1351 640 1429 698 circa
1447 642 1575 698 mentm
1593 644 1624 698 et
1641 654 1819 698 sermonem.

124 738 184 792 stre
198 736 253 794 boc
263 738 418 797 convenit?
433 738 542 797 litideo
552 738 631 811 quud
642 754 733 811 supra
743 734 940 809 aruspicinam
995 730 1140 791 sensibile
1168 732 1232 803 ejus
1258 729 1291 786 in
1320 730 1454 786 auditum
1469 734 1499 787 et
1510 730 1619 797 visum,
1634 730 1743 804 quibus
1755 729 1821 786 vitae

123 824 215 883 verbis
229 827 315 884 nobis
329 828 381 885 det
394 827 513 885 traditio
527 828 724 900 requiramus.
740 825 875 883 ltiximus
892 839 941 881 su·
995 821 1085 894 hujus
1099 818 1268 877 cumulatur
1280 819 1461 893 gratiaNam
1474 820 1547 876 odor
1559 824 1589 876 et
1602 822 1708 893 gustus
1721 818 1822 877 vitalis

123 928 172 985 pra
195 913 266 986 quia
290 915 320 971 in
343 915 436 972 vitula
462 920 570 973 terram
594 914 767 988 accipimus,
796 914 826 970 iu
855 928 943 985 capra
996 909 1221 967 ususvidentur
1239 908 1437 965 necessarium
1458 908 1589 981 prebere
1612 908 1821 987 mirg’stsrium.

122 1017 238 1073 aquam,
255 1003 284 1059 in
300 1004 391 1062 ariete
405 1021 512 1071 aerem,
528 1004 606 1077 quod
618 1003 682 1077 ipse
699 1004 816 1061 nomine
830 1000 941 1075 colligi·
995 1000 1087 1057 Nar-ee
1106 998 1173 1072 jugi
1199 998 1269 1054 llatu
1284 996 1493 1071 aspirationem
1512 996 1678 1070 recipiendo
1692 997 1821 1068 vitalem,

122 1094 176 1155 tur,
190 1092 270 1163 quod
284 1092 373 1150 trima
387 1095 423 1150 ad
438 1093 613 1151 sacrilieium
627 1094 704 1149 sumi
716 1090 943 1165 jubentur,quia
996 1088 1167 1147 continuato
1182 1087 1310 1160 quodem
1327 1085 1524 1144 substantiam
1539 1086 1669 1143 hominis
1686 1086 1751 1144 cibe
1771 1103 1823 1161 pa·

122 1182 194 1233 terra
211 1178 276 1251 ipse
290 1179 441 1237 interires
456 1180 597 1237 dividitur
612 1180 722 1253 species
737 1177 942 1246 sui3auteuim
997 1179 1094 1233 scunt.
1125 1176 1237 1232 Gustus
1262 1178 1360 1231 autem
1385 1178 1456 1249 potu
1479 1174 1633 1249 epulisque
1656 1179 1822 1249 genermur.

122 1264 350 1335 suatinensem
363 1268 471 1336 insula,
486 1273 536 1326 aut
545 1269 700 1342 peninsula
710 1272 754 1325 est
771 1284 777 1323 :
794 1267 945 1341 aquaipsa
997 1264 1122 1331 Quintus
1137 1280 1335 1333 veronenses,
1350 1263 1405 1321 boc
1429 1266 1484 1331 est,
1499 1267 1605 1333 tactus,
1625 1263 1705 1321 velut
1726 1264 1824 1321 admi-

122 1354 148 1411 in
163 1355 231 1423 trie,
249 1354 320 1427 quis
342 1360 394 1413 aut
413 1372 494 1413 mare
516 1361 570 1425 est,
595 1360 646 1414 aut
670 1356 760 1423 tluvii,
776 1360 828 1413 aut
851 1356 943 1423 lacus,
998 1358 1064 1410 etus
1078 1356 1123 1410 est
1137 1351 1198 1410 iliis
1212 1356 1348 1426 quatuor.
1365 1352 1443 1410 Odor
1456 1356 1486 1408 et
1499 1360 1604 1426 gustus
1616 1354 1750 1426 quedam
1761 1370 1823 1411 ma·

122 1460 187 1501 nam
201 1444 310 1514 tonus,
327 1449 377 1502 aut
390 1445 470 1518 putei
485 1447 597 1519 privata
621 1446 737 1519 negotia
757 1460 944 1517 nequaquam
998 1442 1043 1517 gis
1060 1442 1200 1529 elimenta
1227 1447 1298 1500 sunt
1325 1442 1464 1515 eorporis,
1478 1441 1586 1516 quihus
1614 1442 1704 1515 hujus
1728 1443 1826 1500 carnis

121 1533 208 1606 digna
221 1532 366 1591 divisione
392 1533 521 1607 generali
545 1538 575 1591 et
592 1532 723 1607 puhlica;
746 1533 827 1607 putei
842 1533 945 1602 latent,
1000 1530 1106 1588 militia
1120 1530 1356 1588 subsistitvisus
1371 1546 1438 1587 vero
1452 1534 1482 1587 et
1496 1531 1618 1588 auditus
1631 1534 1761 1589 menwm
1777 1532 1827 1591 ad·

123 1622 214 1678 luntas
238 1621 303 1679 aliis
324 1623 466 1696 originem
488 1628 637 1697 prestant.
653 1627 711 1680 Aer
725 1638 843 1697 quoque
858 1622 948 1680 habet
996 1620 1112 1693 J'uvant.
1128 1620 1176 1676 lle
1191 1622 1261 1678 sunt
1275 1618 1434 1677 divisiones
1449 1636 1514 1692 que
1528 1621 1691 1680 secundum
1706 1636 1825 1679 carnem

123 1710 279 1768 divisiones
293 1716 459 1785 temporum
473 1712 560 1783 veris,
575 1712 946 1783 estatis,autumui,hiber-
1001 1711 1134 1765 nostram
1156 1708 1345 1781 animamque
1372 1725 1390 1765 u
1418 1724 1535 1765 summo
1558 1714 1709 1782 operatore
1726 1708 1826 1769 divise

124 1800 164 1868 nl;
180 1803 211 1856 et
225 1800 287 1857 hee
302 1801 453 1858 mundana
465 1802 572 1859 divisio
588 1805 642 1859 est.
653 1802 714 1867 Ouo
729 1802 785 1859 hoc
800 1801 947 1874 prolicietl
1001 1800 1082 1853 sunt.

126 1891 489 1965 lltcoguossamuslleum
504 1892 689 1949 essebonum
710 1896 859 1948 auctorem
883 1906 948 1949 mo·
1037 1886 1082 1942 58.
1096 1884 1179 1942 Unde
1193 1889 1308 1959 oportet
1331 1900 1384 1943 nos
1404 1884 1540 1960 colligere
1565 1885 1635 1959 quia
1658 1885 1747 1944 etiam
1772 1885 1829 1945 iste

128 1980 344 2054 deratoremque
359 1981 504 2051 omnium,
521 1980 572 2053 qui
587 1980 725 2037 omnihus
749 1980 882 2037 ordinem
903 1996 946 2037 re·
1003 1975 1134 2032 mundus
1160 1974 1241 2033 velut
1266 1991 1319 2048 per
1341 1975 1475 2033 membra
1498 1975 1632 2049 quedem
1651 1976 1781 2051 gemina,
1800 1980 1831 2035 et

129 2069 179 2125 bus
192 2068 316 2139 dederit,
332 2074 362 2126 et
377 2086 410 2126 ea
426 2068 568 2127 divisione
582 2070 759 2137 distinxerit,
775 2076 807 2126 ut
821 2068 868 2125 his
892 2067 950 2125 col·
1002 2068 1145 2137 tauquam
1176 2072 1350 2138 ἀντιπρόσωποι
1376 2064 1554 2122 distributus
1581 2071 1627 2125 est
1655 2081 1662 2121 t
1692 2069 1771 2137 terre
1798 2064 1829 2124 in

130 2156 197 2230 ligas
211 2174 298 2230 posse
312 2158 366 2215 tibi
381 2158 474 2215 Deum
489 2159 620 2216 conterre
634 2174 699 2231 que
712 2158 759 2231 pie
774 2157 951 2231 postulas,et
1004 2157 1119 2210 montes
1133 2158 1162 2210 et
1175 2153 1206 2210 in
1221 2169 1350 2227 campos,
1365 2157 1398 2210 ut
1412 2158 1483 2211 eunt
1494 2158 1593 2228 partes
1614 2154 1707 2213 nostd
1726 2166 1830 2229 carpo-

131 2248 247 2319 spondet
257 2245 390 2320 implere.
1004 2243 1046 2300 ris
1061 2242 1195 2301 elatiores
1210 2242 1284 2313 alie,
1294 2243 1357 2301 alie
1372 2242 1529 2317 planiores.
1541 2244 1678 2302 liminent
1691 2244 1829 2320 scapula,

160 2336 231 2392 887
249 2335 294 2390 56.
311 2336 412 2407 ltaque
439 2335 587 2393 Abraham
604 2335 675 2409 quia
698 2334 879 2408 promittenti
894 2334 949 2392 Dc·
1005 2338 1034 2389 et
1047 2333 1156 2406 pedum
1171 2334 1333 2406 superiora,
1349 2333 1393 2390 vel
1414 2350 1582 2391 manuum:
1603 2332 1694 2392 latera
1716 2350 1784 2393 vero
1802 2336 1832 2393 et

132 2424 204 2481 mino
218 2428 302 2480 ternas
317 2423 516 2481 hereditatem
533 2425 723 2497 responderet
738 2442 745 2480 ε
764 2424 837 2482 Unde
849 2440 951 2495 σοφω-
1005 2420 1144 2478 interiora
1157 2420 1288 2490 cervicis,
1302 2422 1383 2479 velut
1396 2422 1486 2479 valles
1500 2423 1610 2480 tritaet
1623 2439 1749 2484 concam
1763 2424 1830 2497 (dd).

133 2529 197 2569 aava
217 2516 282 2586 quic
310 2514 395 2570 heres
419 2530 464 2571 ero
488 2522 572 2572 terres
593 2512 677 2585 hujus
690 2512 767 2584 (Gen.
783 2530 830 2583 xv,
846 2513 885 2586 8),
901 2529 953 2587 per
1006 2511 1088 2577 Quod
1111 2513 1140 2567 et
1163 2510 1199 2567 de
1220 2510 1286 2568 vola
1308 2528 1415 2568 manus
1439 2510 1600 2586 intelligere
1618 2509 1696 2571 licet.
1711 2513 1784 2571 Nam
1799 2512 1831 2570 in

134 2600 193 2657 illas
206 2602 318 2675 species
332 2601 497 2659 hostiarum
511 2602 734 2671 informatur,ut
748 2602 847 2659 credat
859 2603 951 2659 Deum
1005 2599 1071 2672 ipso
1083 2598 1218 2657 caleaneo
1234 2599 1318 2675 pedis
1331 2600 1460 2657 eminere
1475 2599 1542 2670 alia,
1556 2600 1653 2658 media
1667 2606 1766 2659 autem
1789 2602 1831 2658 si-

136 2704 191 2746 esse
205 2706 294 2763 supra
310 2690 519 2763 mundum,qui
535 2690 671 2749 uniuersa
687 2706 753 2762 quas
767 2690 870 2747 mundi
883 2694 953 2747 sunt
1007 2692 1097 2745 nuata
1114 2704 1180 2746 esee
1197 2688 1265 2761 quis
1284 2687 1421 2745 dubitati
1439 2692 1525 2761 Aqua
1544 2687 1574 2745 in
1594 2689 1669 2746 mari
1687 2689 1776 2757 salsa,
1800 2689 1831 2746 in

136 2778 245 2850 provida
258 2778 448 2836 distinctione
462 2778 594 2835 diviserit
610 2795 617 2836 :
633 2778 684 2836 sed
699 2795 734 2835 ea
748 2796 811 2852 que
823 2784 893 2836 sunt
908 2779 951 2836 di·
1007 2777 1129 2833 llumiue
1148 2775 1253 2847 duleis,
1273 2775 1319 2834 vel
1336 2776 1368 2834 in
1395 2776 1536 2834 lonhbns.
1557 2777 1608 2834 hist
1634 2794 1684 2836 aer
1708 2776 1832 2835 hiberno

136 2866 191 2923 viss
213 2864 317 2925 resolvi
340 2871 452 2941 postea,
469 2884 503 2924 ea
526 2871 625 2924 autem
648 2884 713 2940 que
737 2884 795 2924 non
816 2873 886 2925 sunt
907 2868 953 2924 di·
1008 2865 1226 2938 lr'igidus,verie
1240 2865 1393 2923 mensibus
1407 2865 1830 2940 temperatnanalidusastate.

138 2954 194 3012 risa
206 2958 284 3027 (aves
307 2957 397 3023 enirn,
414 2956 469 3011 hoc
493 2960 547 3025 est,
565 2958 710 3013 turturem
733 2960 764 3013 et
785 2956 953 3014 columbam
1008 2954 1083 3027 lingo
1098 2953 1156 3011 ista
1169 2952 1269 3011 divisit
1280 2958 1422 3028 operator.
1436 2954 1562 3012 Mentem
1577 2957 1677 3014 autem
1689 2959 1831 3026 nostram,

137 3061 188 3101 nun
212 3045 320 3117 diuisit)
342 3060 495 3118 nunquam
524 3044 639 3115 resolvi,
657 3046 729 3103 tides
753 3046 832 3103 enim
856 3051 956 3104 manet
1009 3059 1074 3116 quei
1099 3043 1186 3101 modo
1207 3042 1316 3112 adum,
1337 3044 1481 3101 umatum
1505 3043 1583 3104 888
1607 3044 1791 3103 diversarum
1806 3049 1835 3103 et

139 3131 327 3207 integraque
344 3133 486 3191 columbe
502 3134 623 3190 marein
639 3133 765 3191 sublime
781 3134 952 3208 subrigitur.
1009 3130 1118 3205 vigoris
1146 3132 1192 3189 sui
1220 3136 1302 3190 vecta
1329 3132 1470 3207 remigiis,
1491 3150 1580 3208 super
1597 3133 1703 3193 coelum
1729 3133 1834 3206 evolat,

139 3220 258 3280 lustrans
272 3240 411 3296 superna,
436 3226 465 3280 et
488 3222 670 3296 spiritalibus
685 3222 799 3281 alarum
824 3224 955 3298 remigiis
970 3206 993 3273 G
1011 3236 1070 3277 non
1090 3220 1199 3288 divisit,
1219 3222 1289 3295 quia
1306 3221 1440 3280 trinitati
1460 3222 1589 3280 adheret
1611 3221 1751 3280 dividenti
1770 3238 1833 3280 om·

138 3308 234 3367 celum
257 3311 483 3369 circumvolans.
505 3311 625 3368 ‘l'urtnri
652 3328 769 3385 quoque
792 3330 876 3369 mens
905 3312 956 3369 illa
1009 3310 1068 3377 nia,
1093 3309 1149 3367 soli
1174 3309 1315 3368 indivise.
1347 3311 1429 3369 Unde
1456 3310 1623 3386 philosophi
1652 3312 1834 3387 superiorem

139 3400 285 3470 oouiertur,
301 3417 366 3473 que
382 3400 443 3457 avis
465 3417 521 3457 usu
547 3400 634 3457 istius
650 3400 769 3458 secretis
794 3399 892 3470 alitur,
909 3402 954 3457 in·
1009 3399 1114 3455 mundi
1142 3396 1233 3472 husius
1260 3400 1458 3462 substantiam
1476 3417 1567 3476 quam
1587 3403 1695 3465 ethera
1717 3405 1833 3470 uocant,

139 3486 308 3562 telligibilem
320 3487 402 3546 illam
418 3492 447 3546 et
461 3488 617 3547 indivisam
641 3504 775 3562 quereus
801 3488 954 3547 Trinitatis
1008 3503 1068 3545 uon
1083 3503 1118 3542 ex
1132 3492 1301 3545 ceterorum
1317 3487 1528 3547 elementorum
1542 3490 1835 3549 volunt‘admistione

1008 3580 1166 3633 constare:
1182 3576 1234 3633 sed
1254 3576 1449 3648 splendidam,
1473 3583 1503 3636 et
1524 3580 1617 3639 multo
1642 3580 1833 3655 refulgentem

1009 3663 1131 3734 lumine,
1154 3680 1217 3738 que
1245 3682 1304 3722 nnn
1330 3670 1413 3723 terre
1435 3668 1598 3739 sordidum,
1618 3686 1672 3727 nec
1691 3686 1836 3744 aquarum

1009 3752 1177 3822 humidum,
1194 3769 1247 3811 nec
1261 3753 1336 3811 aeris
1352 3754 1538 3824 nebulosum,
1562 3773 1614 3814 nec
1639 3758 1717 3831 iguis
1741 3757 1836 3831 ipsius

1009 3841 1133 3899 rutilum
1162 3842 1323 3916 quidquam
1357 3844 1544 3917 recipiebas
1574 3846 1678 3919 quinte
1706 3846 1835 3919 quadam

1008 3938 1085 4004 adela
1098 3948 1162 3989 esse
1181 3937 1359 4003 asserunt,et
1369 3931 1450 3990 velut
1462 3934 1610 3991 volucrem
1625 3925 1729 3991 mundi
1744 3932 1836 4006 hujus

1009 4024 1137 4077 mentem
1149 4020 1321 4081 velociorem
1337 4022 1544 4096 purioremque
1558 4038 1623 4081 essa
1637 4022 1749 4079 oemris
1769 4039 1835 4095 par·

1008 4110 1099 4167 tibus.
1116 4110 1189 4167 Nam
1205 4109 1269 4167 elie
1284 4110 1377 4168 miste
1392 4111 1449 4168 eibi
1474 4117 1503 4169 et
1526 4115 1665 4171 concreta
1681 4114 1761 4169 eunt.
1775 4110 1836 4168 Nos

1009 4202 1108 4255 autem
1119 4198 1193 4255 nlhil
1205 4199 1364 4257 materialis
1374 4199 1596 4275 compositionis
1605 4200 1837 4273 immanentque

139 3576 488 3651 substantiam,reiugiens
502 3576 618 3651 plebem
632 3578 792 3650 quamdam
807 3581 955 3634 creatura-

139 3680 196 3721 rum
218 3668 246 3721 et
268 3682 412 3739 corporee
437 3682 469 3723 se
493 3682 551 3723 non
576 3666 704 3723 miscens
726 3665 953 3740 congregationi,

139 3756 219 3825 atque
233 3755 269 3811 ab
284 3754 366 3811 omni
383 3756 554 3827 passionum
570 3755 636 3812 labe
646 3770 812 3813 secernens.
828 3756 887 3812 lloc
907 3772 953 3812 sa-

138 3841 271 3900 crificium
285 3844 322 3900 de
337 3848 365 3900 te
381 3844 520 3917 poscitur.
543 3844 598 3909 Qui
623 3844 697 3901 tales
724 3846 808 3902 ollert
831 3844 954 3915 hostias,

137 3930 216 3989 tidem
227 3938 255 3991 et
265 3933 471 3990 castimoniam
488 3932 808 4006 mentis,simplicitatis
818 3934 953 4009 gratiam,

138 4018 282 4079 eharitatis
297 4024 326 4079 et
340 4021 422 4094 pacis
432 4022 647 4094 allectum,ipse
663 4038 694 4079 se
709 4022 798 4079 beatis
810 4022 891 4081 illius
901 4026 957 4079 ter·

138 4123 171 4163 re
181 4110 311 4185 agnoscit
324 4110 561 4169 beredemtsicut
570 4112 659 4169 etiem
671 4112 814 4170 Dominus
826 4114 956 4187 apertius

137 4196 163 4252 in
177 4198 329 4273 llvangelio
343 4199 504 4256 declaravit
517 4199 616 4257 dloens
632 4217 639 4257 ι
657 4202 734 4258 Beati
754 4202 876 4275 pacifici,
892 4218 957 4274 quo·

137 4288 210 4343 nium
223 4291 277 4361 ipsi
288 4288 467 4361 possidebant
481 4296 582 4345 mam
597 4289 653 4362 (28)
665 4290 767 4362 (llatth.
783 4308 812 4360 v,
826 4290 865 4363 9).

167 4376 209 4431 57.
225 4376 331 4450 Accipe
346 4376 435 4433 ulium
451 4377 634 4434 divisionem.
652 4378 725 4435 Caro
751 4394 870 4451 quoque
884 4396 955 4436 nos-

137 4466 177 4520 tra
189 4465 252 4538 ipsa
267 4464 319 4522 liei
335 4466 517 4523 ordinatione
532 4466 626 4523 divisa
638 4467 726 4524 habet
742 4468 874 4524 membra
892 4484 955 4525 om·

138 4552 190 4609 nie.
204 4558 263 4611 lluo
279 4554 356 4611 oculi
378 4559 457 4623 sunt,
473 4556 548 4612 bine
571 4572 668 4625 aures,
684 4556 748 4612 dus
763 4572 854 4629 gene,
870 4574 956 4614 nares

137 4639 239 4711 divisa,
254 4644 388 4701 dentium
413 4644 579 4718 geminatus
603 4646 685 4714 ordo,
702 4645 803 4713 ubera,
819 4645 954 4719 scapula,

139 4744 246 4801 manus,
281 4733 386 4802 latere,
419 4734 539 4799 femora,
583 4750 687 4807 genua,
723 4748 819 4805 crura,
855 4736 956 4808 pedes,

140 4834 227 4877 nonne
241 4820 311 4878 bina
325 4822 435 4891 omnia,
450 4826 483 4879 ut
497 4821 622 4880 subnixa
636 4821 793 4896 geminatis
814 4822 957 4881 subsidiis

139 4910 230 4967 omnia
243 4912 345 4968 nostre
355 4911 435 4968 chire
449 4912 603 4968 videantur
617 4911 733 4968 oltleia‘l
747 4912 854 4969 Anima
867 4911 956 4969 etiam

140 4995 304 5057 divisionem
318 5016 440 5057 suerum
456 5000 566 5073 patitur
580 5000 758 5072 portionum.
783 5001 856 5059 Nem
876 5010 956 5075 διορα-

170 5157 281 5231 (28)1ta
304 5177 376 5217 mss.
402 5161 499 5229 (luuh,
525 5162 628 5245 Loug,
653 5160 734 5217 Golb.
754 5164 784 5217 et
803 5160 880 5231 Maz;
907 5161 956 5218 alii

139 5242 211 5295 vero,
234 5236 263 5287 et
286 5232 388 5304 priscas
410 5232 491 5302 edit,
514 5235 591 5289 licata
612 5233 733 5305 purifici,
776 5235 888 5289 uoniam
904 5234 959 5305 ipsi

140 5298 220 5383 deuna
233 5303 370 5372 videbunt,
388 5306 427 5361 net
443 5306 572 5377 quioniam
588 5306 642 5376 ipsi
653 5248 829 5377 pontificium
842 5308 955 5360 terram.

141 5371 279 5442 hqurbus
295 5375 434 5432 omnihus
448 5375 602 5431 discedens
624 5376 707 5431 Rom.
724 5374 810 5431 habet
831 5378 863 5429 ut
886 5374 957 5431 Vul-

142 5447 211 5513 gata,
225 5446 419 5501 beatimundo
444 5446 531 5512 corde,
547 5449 676 5519 quonium
700 5446 753 5517 ipsi
775 5446 860 5501 Deum
883 5445 957 5503 cide-

141 5512 353 5584 tennelberc
375 5520 463 5586 milen
477 5518 606 5591 quonium
630 5519 684 5589 ipsi
703 5516 881 5588 possidebunt
902 5520 956 5573 ter-

141 5600 204 5640 rum.

170 5656 223 5729 (29)
240 5659 399 5731 Superiora,
417 5660 531 5735 supple,
548 5660 651 5716 anime
668 5659 753 5731 cujus
777 5658 841 5716 ideo
861 5663 957 5733 partes

972 4352 978 4364 ¹
1010 4286 1140 4345 alienum
1155 4290 1305 4361 putamus,
1321 4292 1426 4363 preter
1448 4289 1531 4346 illam
1555 4289 1650 4351 solem
1665 4288 1836 4346 venerande

1008 4374 1161 4434 'lhinitatis
1175 4377 1381 4447 substantiam,
1398 4393 1462 4451 que
1478 4391 1544 4435 vere
1558 4394 1634 4451 pura
1656 4394 1689 4435 ac
1711 4376 1837 4451 simplex

1009 4464 1130 4522 sincere
1144 4466 1393 4539 impermisteque
1407 4471 1518 4523 nature
1530 4471 1586 4525 est:
1598 4468 1733 4541 quamvis
1744 4466 1836 4541 aliqui

971 4577 994 4641 U
1009 4556 1114 4627 putent
1137 4555 1173 4611 de
1199 4553 1250 4611 illa
1273 4555 1378 4627 quinta
1391 4566 1466 4628 οὺσιᾳ
1480 4554 1577 4612 lucem
1592 4572 1656 4613 esse
1672 4554 1835 4623 clariorem,

1009 4644 1046 4699 de
1074 4660 1132 4715 qua
1146 4642 1251 4700 dixerit
1272 4642 1361 4700 David
1379 4645 1456 4718 quod
1472 4645 1550 4701 Deus
1573 4645 1612 4702 sit
1625 4644 1837 4712 circumdatus,

1010 4730 1106 4789 lucem
1122 4732 1200 4789 sicut
1210 4732 1506 4807 vestimentumll’scl.
1517 4751 1567 4803 cn,
1581 4738 1619 4804 2),
1635 4737 1665 4791 et
1679 4731 1835 4806 Apostolus

1010 4820 1163 4892 scripserit
1176 4820 1212 4877 de
1228 4822 1292 4895 ipso
1307 4822 1508 4896 omnipotente
1519 4822 1587 4890 Deo,
1604 4821 1683 4895 quod
1698 4820 1772 4877 solur
1785 4818 1835 4875 hu·

1012 4911 1072 4967 tect
1090 4910 1335 4982 immortalitatem,
1351 4914 1377 4967 et
1399 4912 1488 4969 lucem
1502 4912 1605 4968 haiim
1619 4908 1844 4965 inaccessibilem

1013 5000 1040 5073 (l
1051 5001 1118 5055 lim.
1134 5017 1173 5069 vr,
1188 4999 1244 5070 td).

1011 5156 1837 5312 {illunstitttot·‘tuttlthtttthtttt

1012 5304 1073 5360 sive
1089 5301 1245 5359 facultates
1255 5300 1399 5357 irascendi
1411 5304 1439 5357 et
1449 5298 1677 5372 concupiscendi
1684 5300 1837 5361 interiores

1011 5378 1084 5431 sunt
1103 5390 1137 5431 ao
1162 5372 1261 5429 minue
1285 5370 1465 5429 necessarie.
1480 5371 1540 5427 Sub
1559 5378 1686 5445 διορατιιῷ
1714 5388 1781 5429 vero
1806 5371 1837 5428 id

1012 5446 1091 5519 quod
1104 5450 1244 5516 imissa
1259 5441 1379 5511 dixerat,
1402 5440 1458 5499 buc
1482 5441 1545 5498 loco
1566 5441 1835 5516 comprehenditur.

1048 5518 1103 5590 (30)
1119 5514 1194 5573 scit.
1210 5511 1420 5595 omnennullee
1435 5517 1519 5573 terrae
1543 5518 1569 5572 et
1591 5530 1718 5586 macc,
1735 5520 1837 5574 contra

1013 5605 1085 5649 mss.
1101 5584 1233 5645 omnium
1248 5587 1463 5642 auctoritatem.
