<?xml version="1.0" encoding="UTF-8"?>
<!DOCTYPE html PUBLIC "-//W3C//DTD XHTML 1.0 Transitional//EN"
    "http://www.w3.org/TR/xhtml1/DTD/xhtml1-transitional.dtd">
<html xmlns="http://www.w3.org/1999/xhtml" xml:lang="en" lang="en">
 <head>
  <title>
</title>
<meta http-equiv="Content-Type" content="text/html;charset=utf-8" />
  <meta name='ocr-system' content='tesseract 3.04.00' />
  <meta name='ocr-capabilities' content='ocr_page ocr_carea ocr_par ocr_line ocrx_word'/>
</head>
<body>
  <div class='ocr_page' id='page_1' title='image "./patrologiaecurs31goog_0116.png"; bbox 0 0 4159 6184; ppageno 0'>
   <div class='ocr_carea' id='block_1_1' title="bbox 230 322 1959 3571">
    <p class='ocr_par' dir='ltr' id='par_1_1' title="bbox 230 322 1959 3571">
     <span class='ocr_line' id='line_1_1' title="bbox 244 322 1956 414; baseline 0.014 -24"><span class='ocrx_word' id='word_1_1' title='bbox 244 332 311 403; x_wconf 65' lang='lat' dir='ltr'><strong>m</strong></span> <span class='ocrx_word' id='word_1_2' title='bbox 1004 326 1042 400; x_wconf 74' lang='grc'><strong>9.</strong></span> <span class='ocrx_word' id='word_1_3' title='bbox 1064 322 1255 407; x_wconf 68' lang='lat' dir='ltr'><strong>milesii</strong></span> <span class='ocrx_word' id='word_1_4' title='bbox 1895 324 1956 414; x_wconf 67' lang='lat' dir='ltr'><strong>bal</strong></span> 
     </span>
     <span class='ocr_line' id='line_1_2' title="bbox 246 459 1957 555; baseline 0.008 -26"><span class='ocrx_word' id='word_1_5' title='bbox 246 470 371 535; x_wconf 66' lang='lat' dir='ltr'><strong>⁴affectos</strong></span> <span class='ocrx_word' id='word_1_6' title='bbox 383 467 599 543; x_wconf 69' lang='lat' dir='ltr'><strong>haec&#39;pisc&#39;icm</strong></span> <span class='ocrx_word' id='word_1_7' title='bbox 610 467 750 542; x_wconf 66' lang='lat' dir='ltr'><strong>metatam</strong></span> <span class='ocrx_word' id='word_1_8' title='bbox 762 466 861 542; x_wconf 78' lang='lat' dir='ltr'><strong>possit</strong></span> <span class='ocrx_word' id='word_1_9' title='bbox 875 465 1008 527; x_wconf 75' lang='lat' dir='ltr'><strong>imitari?</strong></span> <span class='ocrx_word' id='word_1_10' title='bbox 1019 472 1072 527; x_wconf 71' lang='lat' dir='ltr'><strong>oe</strong></span> <span class='ocrx_word' id='word_1_11' title='bbox 1086 468 1114 540; x_wconf 60' lang='lat' dir='ltr'>A</span> <span class='ocrx_word' id='word_1_12' title='bbox 1126 476 1207 532; x_wconf 86' lang='lat' dir='ltr'><strong>tram</strong></span> <span class='ocrx_word' id='word_1_13' title='bbox 1223 476 1259 535; x_wconf 75' lang='lat' dir='ltr'><strong>&#39;iii</strong></span> <span class='ocrx_word' id='word_1_14' title='bbox 1282 475 1370 549; x_wconf 82' lang='lat' dir='ltr'><strong>tilios,</strong></span> <span class='ocrx_word' id='word_1_15' title='bbox 1384 459 1595 555; x_wconf 76' lang='lat' dir='ltr'><strong>s&#39;epe&#39;ie&#39;tldhe&#39;e,</strong></span> <span class='ocrx_word' id='word_1_16' title='bbox 1620 474 1698 555; x_wconf 78' lang='lat' dir='ltr'><strong>duta,</strong></span> <span class='ocrx_word' id='word_1_17' title='bbox 1715 466 1957 554; x_wconf 66' lang='lat' dir='ltr'><strong>&#39;hiiense&#39;e&#39;illsce</strong></span> 
     </span>
     <span class='ocr_line' id='line_1_3' title="bbox 248 554 1957 642; baseline 0.004 -25"><span class='ocrx_word' id='word_1_18' title='bbox 248 558 564 633; x_wconf 46' lang='lat' dir='ltr'><strong>caievnobissatietati</strong></span> <span class='ocrx_word' id='word_1_19' title='bbox 589 560 659 615; x_wconf 83' lang='lat' dir='ltr'><strong>suat</strong></span> <span class='ocrx_word' id='word_1_20' title='bbox 674 574 682 613; x_wconf 76' lang='grc' dir='ltr'><em>τ</em></span> <span class='ocrx_word' id='word_1_21' title='bbox 697 556 757 614; x_wconf 87' lang='lat' dir='ltr'><strong>illis</strong></span> <span class='ocrx_word' id='word_1_22' title='bbox 776 572 836 614; x_wconf 90' lang='lat' dir='ltr'><strong>nen</strong></span> <span class='ocrx_word' id='word_1_23' title='bbox 852 556 984 615; x_wconf 85' lang='lat' dir='ltr'><strong>setisest</strong></span> <span class='ocrx_word' id='word_1_24' title='bbox 1006 571 1077 633; x_wconf 86' lang='lat' dir='ltr'><strong>epe·</strong></span> <span class='ocrx_word' id='word_1_25' title='bbox 1132 578 1197 637; x_wconf 82' lang='lat' dir='ltr'><strong>qae</strong></span> <span class='ocrx_word' id='word_1_26' title='bbox 1223 566 1263 625; x_wconf 87' lang='lat' dir='ltr'><strong>sit</strong></span> <span class='ocrx_word' id='word_1_27' title='bbox 1287 568 1417 642; x_wconf 86' lang='lat' dir='ltr'><strong>parentis</strong></span> <span class='ocrx_word' id='word_1_28' title='bbox 1439 574 1468 627; x_wconf 80' lang='lat' dir='ltr'><strong>et</strong></span> <span class='ocrx_word' id='word_1_29' title='bbox 1490 568 1619 629; x_wconf 81' lang='lat' dir='ltr'><strong>filiorum</strong></span> <span class='ocrx_word' id='word_1_30' title='bbox 1642 571 1837 631; x_wconf 68' lang='lat' dir='ltr'><strong>necessitudo.</strong></span> <span class='ocrx_word' id='word_1_31' title='bbox 1852 554 1957 631; x_wconf 65' lang='lat' dir='ltr'><strong>vicero</strong></span> 
     </span>
     <span class='ocr_line' id='line_1_4' title="bbox 246 644 1956 735; baseline 0.008 -28"><span class='ocrx_word' id='word_1_32' title='bbox 246 650 306 707; x_wconf 80' lang='lat' dir='ltr'><strong>rire</strong></span> <span class='ocrx_word' id='word_1_33' title='bbox 330 648 451 715; x_wconf 83' lang='lat' dir='ltr'><strong>viscera,</strong></span> <span class='ocrx_word' id='word_1_34' title='bbox 468 652 612 719; x_wconf 84' lang='lat' dir='ltr'><strong>natosque</strong></span> <span class='ocrx_word' id='word_1_35' title='bbox 636 644 765 719; x_wconf 88' lang='lat' dir='ltr'><strong>recipere</strong></span> <span class='ocrx_word' id='word_1_36' title='bbox 787 663 821 703; x_wconf 92' lang='lat' dir='ltr'><strong>ac</strong></span> <span class='ocrx_word' id='word_1_37' title='bbox 844 662 978 703; x_wconf 89' lang='lat' dir='ltr'><strong>revocare</strong></span> <span class='ocrx_word' id='word_1_38' title='bbox 1001 648 1077 705; x_wconf 89' lang='lat' dir='ltr'><strong>inte·</strong></span> <span class='ocrx_word' id='word_1_39' title='bbox 1125 654 1228 727; x_wconf 83' lang='lat' dir='ltr'><strong>pia&#39;ces</strong></span> <span class='ocrx_word' id='word_1_40' title='bbox 1242 656 1306 715; x_wconf 87' lang='lat' dir='ltr'><strong>eine</strong></span> <span class='ocrx_word' id='word_1_41' title='bbox 1329 673 1406 733; x_wconf 89' lang='lat' dir='ltr'><strong>equa</strong></span> <span class='ocrx_word' id='word_1_42' title='bbox 1429 665 1625 734; x_wconf 86' lang='lat' dir='ltr'><strong>nonqueuot,</strong></span> <span class='ocrx_word' id='word_1_43' title='bbox 1641 679 1802 719; x_wconf 75' lang='lat' dir='ltr'><strong>occasus</strong></span> <span class='ocrx_word' id='word_1_44' title='bbox 1826 662 1956 735; x_wconf 88' lang='lat' dir='ltr'><strong>parcatis</strong></span> 
     </span>
     <span class='ocr_line' id='line_1_5' title="bbox 243 734 1958 824; baseline 0.005 -25"><span class='ocrx_word' id='word_1_45' title='bbox 243 742 429 815; x_wconf 83' lang='lat' dir='ltr'><strong>grcs,&#39;aique</strong></span> <span class='ocrx_word' id='word_1_46' title='bbox 441 737 547 795; x_wconf 70' lang='lat' dir='ltr'><strong>ilerum</strong></span> <span class='ocrx_word' id='word_1_47' title='bbox 560 736 622 791; x_wconf 77' lang='lat' dir='ltr'><strong>solu</strong></span> <span class='ocrx_word' id='word_1_48' title='bbox 637 734 766 806; x_wconf 67' lang='lat' dir='ltr'><strong>quodum</strong></span> <span class='ocrx_word' id='word_1_49' title='bbox 777 750 826 792; x_wconf 74' lang='lat' dir='ltr'><strong>eos</strong></span> <span class='ocrx_word' id='word_1_50' title='bbox 840 736 886 791; x_wconf 74' lang='lat' dir='ltr'><strong>sui</strong></span> <span class='ocrx_word' id='word_1_51' title='bbox 897 734 1002 795; x_wconf 72' lang='lat' dir='ltr'><strong>caloris</strong></span> <span class='ocrx_word' id='word_1_52' title='bbox 1018 738 1078 799; x_wconf 79' lang='lat' dir='ltr'><strong>eni.</strong></span> <span class='ocrx_word' id='word_1_53' title='bbox 1126 746 1278 805; x_wconf 87' lang='lat' dir='ltr'><strong>&#39;consortio</strong></span> <span class='ocrx_word' id='word_1_54' title='bbox 1293 749 1433 822; x_wconf 87' lang='lat' dir='ltr'><strong>separari,</strong></span> <span class='ocrx_word' id='word_1_55' title='bbox 1448 750 1545 824; x_wconf 80' lang='lat' dir='ltr'><strong>neque</strong></span> <span class='ocrx_word' id='word_1_56' title='bbox 1567 766 1586 808; x_wconf 92' lang='lat' dir='ltr'><strong>a</strong></span> <span class='ocrx_word' id='word_1_57' title='bbox 1607 768 1669 809; x_wconf 78' lang='lat' dir='ltr'><strong>suaa</strong></span> <span class='ocrx_word' id='word_1_58' title='bbox 1693 750 1804 810; x_wconf 89' lang='lat' dir='ltr'><strong>altricis</strong></span> <span class='ocrx_word' id='word_1_59' title='bbox 1830 751 1958 808; x_wconf 87' lang='lat' dir='ltr'><strong>discerni</strong></span> 
     </span>
     <span class='ocr_line' id='line_1_6' title="bbox 245 822 1959 914; baseline 0.005 -25"><span class='ocrx_word' id='word_1_60' title='bbox 245 844 338 898; x_wconf 82' lang='lat' dir='ltr'><strong>mere,</strong></span> <span class='ocrx_word' id='word_1_61' title='bbox 355 833 384 884; x_wconf 91' lang='lat' dir='ltr'><strong>et</strong></span> <span class='ocrx_word' id='word_1_62' title='bbox 398 826 503 900; x_wconf 86' lang='lat' dir='ltr'><strong>spiritu</strong></span> <span class='ocrx_word' id='word_1_63' title='bbox 525 822 601 879; x_wconf 90' lang='lat' dir='ltr'><strong>elcrc</strong></span> <span class='ocrx_word' id='word_1_64' title='bbox 616 822 736 895; x_wconf 83' lang='grc'><strong>(88-89),</strong></span> <span class='ocrx_word' id='word_1_65' title='bbox 748 823 880 897; x_wconf 83' lang='lat' dir='ltr'><strong>duosque</strong></span> <span class='ocrx_word' id='word_1_66' title='bbox 902 826 932 881; x_wconf 89' lang='lat' dir='ltr'><strong>in</strong></span> <span class='ocrx_word' id='word_1_67' title='bbox 957 840 1077 913; x_wconf 80' lang='lat' dir='ltr'><strong>corpore</strong></span> <span class='ocrx_word' id='word_1_68' title='bbox 1132 848 1253 893; x_wconf 88' lang='lat' dir='ltr'><strong>munere</strong></span> <span class='ocrx_word' id='word_1_69' title='bbox 1266 854 1273 893; x_wconf 91' lang='lat'><strong>:</strong></span> <span class='ocrx_word' id='word_1_70' title='bbox 1286 841 1315 893; x_wconf 89' lang='lat' dir='ltr'><strong>ct</strong></span> <span class='ocrx_word' id='word_1_71' title='bbox 1329 838 1384 895; x_wconf 94' lang='lat' dir='ltr'><strong>hoc</strong></span> <span class='ocrx_word' id='word_1_72' title='bbox 1398 839 1432 895; x_wconf 85' lang='lat' dir='ltr'><strong>flt</strong></span> <span class='ocrx_word' id='word_1_73' title='bbox 1444 845 1551 897; x_wconf 87' lang='lat' dir='ltr'><strong>natura</strong></span> <span class='ocrx_word' id='word_1_74' title='bbox 1560 842 1700 913; x_wconf 81' lang='lat' dir='ltr'><strong>quadam,</strong></span> <span class='ocrx_word' id='word_1_75' title='bbox 1713 845 1747 897; x_wconf 90' lang='lat' dir='ltr'><strong>ut</strong></span> <span class='ocrx_word' id='word_1_76' title='bbox 1756 841 1882 914; x_wconf 87' lang='lat' dir='ltr'><strong>separati</strong></span> <span class='ocrx_word' id='word_1_77' title='bbox 1898 856 1959 897; x_wconf 79' lang='lat' dir='ltr'><strong>mo</strong></span> 
     </span>
     <span class='ocr_line' id='line_1_7' title="bbox 245 911 1958 1002; baseline 0.004 -23"><span class='ocrx_word' id='word_1_78' title='bbox 245 913 617 983; x_wconf 77' lang='lat' dir='ltr'><strong>unoviver03dooeol1ui</strong></span> <span class='ocrx_word' id='word_1_79' title='bbox 648 913 836 970; x_wconf 69' lang='lat' dir='ltr'><strong>securitatem</strong></span> <span class='ocrx_word' id='word_1_80' title='bbox 868 911 1010 983; x_wconf 65' lang='lat' dir='ltr'><strong>delerant,</strong></span> <span class='ocrx_word' id='word_1_81' title='bbox 1027 927 1078 978; x_wconf 72' lang='lat' dir='ltr'><strong>tiit</strong></span> <span class='ocrx_word' id='word_1_82' title='bbox 1131 922 1247 980; x_wconf 79' lang='lat' dir='ltr'><strong>nentur</strong></span> <span class='ocrx_word' id='word_1_83' title='bbox 1259 924 1348 984; x_wconf 80' lang='lat' dir='ltr'><strong>illico.</strong></span> <span class='ocrx_word' id='word_1_84' title='bbox 1360 926 1459 1000; x_wconf 83' lang='lat' dir='ltr'><strong>Neque</strong></span> <span class='ocrx_word' id='word_1_85' title='bbox 1482 923 1571 997; x_wconf 80' lang='lat' dir='ltr'><strong>enim,</strong></span> <span class='ocrx_word' id='word_1_86' title='bbox 1582 932 1617 985; x_wconf 90' lang='lat' dir='ltr'><strong>ut</strong></span> <span class='ocrx_word' id='word_1_87' title='bbox 1640 930 1751 998; x_wconf 85' lang='lat' dir='ltr'><strong>omnia,</strong></span> <span class='ocrx_word' id='word_1_88' title='bbox 1765 926 1856 1002; x_wconf 88' lang='lat' dir='ltr'><strong>hujus</strong></span> <span class='ocrx_word' id='word_1_89' title='bbox 1881 927 1958 985; x_wconf 87' lang='lat' dir='ltr'><strong>acris</strong></span> 
     </span>
     <span class='ocr_line' id='line_1_8' title="bbox 244 1001 1956 1090; baseline -0.002 -24"><span class='ocrx_word' id='word_1_90' title='bbox 244 1020 364 1080; x_wconf 88' lang='lat' dir='ltr'><strong>corpore</strong></span> <span class='ocrx_word' id='word_1_91' title='bbox 388 1019 441 1060; x_wconf 89' lang='lat' dir='ltr'><strong>suo</strong></span> <span class='ocrx_word' id='word_1_92' title='bbox 456 1001 569 1073; x_wconf 82' lang='lat' dir='ltr'><strong>objecto</strong></span> <span class='ocrx_word' id='word_1_93' title='bbox 584 1003 668 1058; x_wconf 87' lang='lat' dir='ltr'><strong>natos</strong></span> <span class='ocrx_word' id='word_1_94' title='bbox 685 1017 755 1059; x_wconf 92' lang='lat' dir='ltr'><strong>suos</strong></span> <span class='ocrx_word' id='word_1_95' title='bbox 781 1002 938 1078; x_wconf 64' lang='lat' dir='ltr'><strong>detondant</strong></span> <span class='ocrx_word' id='word_1_96' title='bbox 962 1020 979 1059; x_wconf 90' lang='lat' dir='ltr'><strong>e</strong></span> <span class='ocrx_word' id='word_1_97' title='bbox 999 1005 1076 1077; x_wconf 92' lang='lat' dir='ltr'><strong>peri·</strong></span> <span class='ocrx_word' id='word_1_98' title='bbox 1129 1011 1232 1069; x_wconf 69' lang='lat' dir='ltr'><strong>nsunt</strong></span> <span class='ocrx_word' id='word_1_99' title='bbox 1245 1014 1416 1087; x_wconf 79' lang='lat' dir='ltr'>spiramine,</span> <span class='ocrx_word' id='word_1_100' title='bbox 1431 1014 1500 1089; x_wconf 86' lang='lat' dir='ltr'><strong>qula</strong></span> <span class='ocrx_word' id='word_1_101' title='bbox 1514 1016 1668 1074; x_wconf 88' lang='lat' dir='ltr'><strong>hauriendi</strong></span> <span class='ocrx_word' id='word_1_102' title='bbox 1683 1016 1806 1090; x_wconf 84' lang='lat' dir='ltr'><strong>spiritus</strong></span> <span class='ocrx_word' id='word_1_103' title='bbox 1820 1019 1850 1074; x_wconf 89' lang='lat' dir='ltr'><strong>et</strong></span> <span class='ocrx_word' id='word_1_104' title='bbox 1864 1016 1956 1090; x_wconf 80' lang='lat' dir='ltr'><strong>respi.</strong></span> 
     </span>
     <span class='ocr_line' id='line_1_9' title="bbox 243 1089 1956 1179; baseline 0.003 -22"><span class='ocrx_word' id='word_1_105' title='bbox 243 1095 329 1157; x_wconf 85' lang='lat' dir='ltr'><strong>culis.</strong></span> <span class='ocrx_word' id='word_1_106' title='bbox 343 1093 413 1161; x_wconf 77' lang='lat' dir='ltr'><strong>Quis</strong></span> <span class='ocrx_word' id='word_1_107' title='bbox 437 1091 498 1147; x_wconf 62' lang='grc' dir='ltr'><strong>δοῦ</strong></span> <span class='ocrx_word' id='word_1_108' title='bbox 521 1089 707 1157; x_wconf 68' lang='lat' dir='ltr'><strong>vid811220l⁸i</strong></span> <span class='ocrx_word' id='word_1_109' title='bbox 736 1092 835 1163; x_wconf 61' lang='lat' dir='ltr'>9⁰⁵³st</span> <span class='ocrx_word' id='word_1_110' title='bbox 860 1093 1000 1161; x_wconf 67' lang='lat' dir='ltr'><strong>oblinere,</strong></span> <span class='ocrx_word' id='word_1_111' title='bbox 1017 1108 1076 1149; x_wconf 87' lang='lat' dir='ltr'><strong>non</strong></span> <span class='ocrx_word' id='word_1_112' title='bbox 1130 1102 1214 1158; x_wconf 90' lang='lat' dir='ltr'><strong>randi</strong></span> <span class='ocrx_word' id='word_1_113' title='bbox 1229 1106 1335 1161; x_wconf 86' lang='lat' dir='ltr'><strong>natura</strong></span> <span class='ocrx_word' id='word_1_114' title='bbox 1349 1102 1397 1162; x_wconf 89' lang='lat' dir='ltr'><strong>his</strong></span> <span class='ocrx_word' id='word_1_115' title='bbox 1411 1120 1470 1161; x_wconf 90' lang='lat' dir='ltr'><strong>noo</strong></span> <span class='ocrx_word' id='word_1_116' title='bbox 1492 1105 1636 1179; x_wconf 88' lang='lat' dir='ltr'><strong>suppetlt;</strong></span> <span class='ocrx_word' id='word_1_117' title='bbox 1653 1104 1782 1179; x_wconf 87' lang='lat' dir='ltr'><strong>alioquin</strong></span> <span class='ocrx_word' id='word_1_118' title='bbox 1797 1104 1854 1163; x_wconf 89' lang='lat' dir='ltr'><strong>sub</strong></span> <span class='ocrx_word' id='word_1_119' title='bbox 1869 1106 1956 1179; x_wconf 88' lang='lat' dir='ltr'><strong>aquis</strong></span> 
     </span>
     <span class='ocr_line' id='line_1_10' title="bbox 242 1179 1955 1268; baseline 0.005 -25"><span class='ocrx_word' id='word_1_120' title='bbox 242 1188 329 1243; x_wconf 68' lang='lat' dir='ltr'><strong>mnia</strong></span> <span class='ocrx_word' id='word_1_121' title='bbox 343 1179 469 1255; x_wconf 70' lang='lat' dir='ltr'><strong>piscium</strong></span> <span class='ocrx_word' id='word_1_122' title='bbox 483 1179 586 1253; x_wconf 64' lang='lat' dir='ltr'><strong>pietali</strong></span> <span class='ocrx_word' id='word_1_123' title='bbox 609 1180 713 1235; x_wconf 78' lang='lat' dir='ltr'><strong>cedat?</strong></span> <span class='ocrx_word' id='word_1_124' title='bbox 728 1180 800 1245; x_wconf 86' lang='lat' dir='ltr'><strong>Ouia</strong></span> <span class='ocrx_word' id='word_1_125' title='bbox 824 1196 882 1239; x_wconf 88' lang='lat' dir='ltr'><strong>noo</strong></span> <span class='ocrx_word' id='word_1_126' title='bbox 907 1182 1032 1239; x_wconf 87' lang='lat' dir='ltr'><strong>miretur</strong></span> <span class='ocrx_word' id='word_1_127' title='bbox 1046 1191 1075 1243; x_wconf 83' lang='lat' dir='ltr'><strong>et</strong></span> <span class='ocrx_word' id='word_1_128' title='bbox 1130 1204 1247 1264; x_wconf 90' lang='lat' dir='ltr'><strong>semper</strong></span> <span class='ocrx_word' id='word_1_129' title='bbox 1261 1209 1319 1249; x_wconf 89' lang='lat' dir='ltr'><strong>non</strong></span> <span class='ocrx_word' id='word_1_130' title='bbox 1334 1198 1455 1268; x_wconf 79' lang='lat' dir='ltr'><strong>possent</strong></span> <span class='ocrx_word' id='word_1_131' title='bbox 1466 1194 1562 1251; x_wconf 82' lang='lat' dir='ltr'><strong>vivere</strong></span> <span class='ocrx_word' id='word_1_132' title='bbox 1585 1208 1644 1251; x_wconf 90' lang='lat' dir='ltr'><strong>non</strong></span> <span class='ocrx_word' id='word_1_133' title='bbox 1669 1195 1817 1268; x_wconf 71' lang='lat' dir='ltr'>capientes</span> <span class='ocrx_word' id='word_1_134' title='bbox 1831 1190 1955 1268; x_wconf 79' lang='lat' dir='ltr'><strong>spiritua</strong></span> 
     </span>
     <span class='ocr_line' id='line_1_11' title="bbox 242 1269 1953 1355; baseline 0.001 -20"><span class='ocrx_word' id='word_1_135' title='bbox 242 1276 369 1346; x_wconf 80' lang='lat' dir='ltr'><strong>stupeat,</strong></span> <span class='ocrx_word' id='word_1_136' title='bbox 394 1274 427 1326; x_wconf 77' lang='lat' dir='ltr'><strong>ut</strong></span> <span class='ocrx_word' id='word_1_137' title='bbox 450 1272 546 1327; x_wconf 77' lang='lat' dir='ltr'><strong>servat</strong></span> <span class='ocrx_word' id='word_1_138' title='bbox 568 1272 675 1325; x_wconf 80' lang='lat' dir='ltr'><strong>natura</strong></span> <span class='ocrx_word' id='word_1_139' title='bbox 700 1269 731 1325; x_wconf 88' lang='lat' dir='ltr'><strong>in</strong></span> <span class='ocrx_word' id='word_1_140' title='bbox 753 1269 895 1343; x_wconf 86' lang='lat' dir='ltr'><strong>piscibus.</strong></span> <span class='ocrx_word' id='word_1_141' title='bbox 912 1272 989 1343; x_wconf 84' lang='lat' dir='ltr'><strong>quod</strong></span> <span class='ocrx_word' id='word_1_142' title='bbox 1014 1286 1073 1327; x_wconf 84' lang='lat' dir='ltr'><strong>nou</strong></span> <span class='ocrx_word' id='word_1_143' title='bbox 1128 1277 1316 1337; x_wconf 87' lang='lat' dir='ltr'><strong>infusionem.</strong></span> <span class='ocrx_word' id='word_1_144' title='bbox 1328 1283 1410 1350; x_wconf 83' lang='lat' dir='ltr'><strong>Quod</strong></span> <span class='ocrx_word' id='word_1_145' title='bbox 1425 1285 1470 1340; x_wconf 88' lang='lat' dir='ltr'><strong>est</strong></span> <span class='ocrx_word' id='word_1_146' title='bbox 1483 1282 1569 1340; x_wconf 89' lang='lat' dir='ltr'><strong>nohis</strong></span> <span class='ocrx_word' id='word_1_147' title='bbox 1581 1281 1715 1355; x_wconf 81' lang='lat' dir='ltr'><strong>spiritus,</strong></span> <span class='ocrx_word' id='word_1_148' title='bbox 1723 1281 1782 1339; x_wconf 90' lang='lat' dir='ltr'><strong>illis</strong></span> <span class='ocrx_word' id='word_1_149' title='bbox 1805 1286 1851 1339; x_wconf 90' lang='lat' dir='ltr'><strong>ast</strong></span> <span class='ocrx_word' id='word_1_150' title='bbox 1865 1298 1953 1355; x_wconf 88' lang='lat' dir='ltr'><strong>equa.</strong></span> 
     </span>
     <span class='ocr_line' id='line_1_12' title="bbox 241 1356 1954 1445; baseline -0.005 -22"><span class='ocrx_word' id='word_1_151' title='bbox 241 1365 337 1423; x_wconf 81' lang='lat' dir='ltr'><strong>servat</strong></span> <span class='ocrx_word' id='word_1_152' title='bbox 352 1360 381 1416; x_wconf 93' lang='lat' dir='ltr'><strong>in</strong></span> <span class='ocrx_word' id='word_1_153' title='bbox 395 1356 588 1415; x_wconf 80' lang='lat' dir='ltr'><strong>hominibus?</strong></span> <span class='ocrx_word' id='word_1_154' title='bbox 602 1356 753 1430; x_wconf 75' lang='lat' dir='ltr'><strong>Pleraque</strong></span> <span class='ocrx_word' id='word_1_155' title='bbox 778 1364 812 1414; x_wconf 77' lang='lat' dir='ltr'><strong>ex&#39;</strong></span> <span class='ocrx_word' id='word_1_156' title='bbox 834 1359 1003 1433; x_wconf 72' lang='lat' dir='ltr'><strong>suspicione</strong></span> <span class='ocrx_word' id='word_1_157' title='bbox 1017 1372 1074 1414; x_wconf 83' lang='lat' dir='ltr'><strong>ac·-</strong></span> <span class='ocrx_word' id='word_1_158' title='bbox 1128 1367 1212 1425; x_wconf 78' lang='lat' dir='ltr'><strong>Siout</strong></span> <span class='ocrx_word' id='word_1_159' title='bbox 1225 1369 1310 1427; x_wconf 86' lang='lat' dir='ltr'><strong>nobis</strong></span> <span class='ocrx_word' id='word_1_160' title='bbox 1332 1370 1464 1443; x_wconf 85' lang='lat' dir='ltr'><strong>spiritus,</strong></span> <span class='ocrx_word' id='word_1_161' title='bbox 1478 1371 1520 1428; x_wconf 84' lang='lat' dir='ltr'><strong>ite</strong></span> <span class='ocrx_word' id='word_1_162' title='bbox 1538 1370 1599 1428; x_wconf 91' lang='lat' dir='ltr'><strong>illis</strong></span> <span class='ocrx_word' id='word_1_163' title='bbox 1622 1376 1708 1445; x_wconf 85' lang='lat' dir='ltr'><strong>equa,</strong></span> <span class='ocrx_word' id='word_1_164' title='bbox 1722 1370 1838 1428; x_wconf 76' lang='lat' dir='ltr'><strong>vivendi</strong></span> <span class='ocrx_word' id='word_1_165' title='bbox 1862 1370 1954 1427; x_wconf 59' lang='lat' dir='ltr'><strong>mini.</strong></span> 
     </span>
     <span class='ocr_line' id='line_1_13' title="bbox 238 1442 1952 1535; baseline 0.002 -25"><span class='ocrx_word' id='word_1_166' title='bbox 238 1451 403 1517; x_wconf 80' lang='lat' dir='ltr'><strong>tercalihus</strong></span> <span class='ocrx_word' id='word_1_167' title='bbox 415 1447 493 1505; x_wconf 87' lang='lat' dir='ltr'><strong>odiis</strong></span> <span class='ocrx_word' id='word_1_168' title='bbox 518 1448 662 1519; x_wconf 87' lang='lat' dir='ltr'><strong>appetitos</strong></span> <span class='ocrx_word' id='word_1_169' title='bbox 680 1460 752 1504; x_wconf 88' lang='lat' dir='ltr'><strong>suos</strong></span> <span class='ocrx_word' id='word_1_170' title='bbox 777 1447 947 1505; x_wconf 79' lang='lat' dir='ltr'><strong>occiderunt</strong></span> <span class='ocrx_word' id='word_1_171' title='bbox 969 1442 1047 1506; x_wconf 82' lang='lat' dir='ltr'><strong>filios</strong></span> <span class='ocrx_word' id='word_1_172' title='bbox 1064 1447 1071 1487; x_wconf 78' lang='lat'>²</span> <span class='ocrx_word' id='word_1_173' title='bbox 1121 1460 1203 1513; x_wconf 76' lang='lat' dir='ltr'><strong>&#39;strat</strong></span> <span class='ocrx_word' id='word_1_174' title='bbox 1224 1458 1422 1525; x_wconf 82' lang='lat' dir='ltr'><strong>substantiam</strong></span> <span class='ocrx_word' id='word_1_175' title='bbox 1439 1476 1446 1516; x_wconf 74' lang='grc' dir='ltr'><strong>ε</strong></span> <span class='ocrx_word' id='word_1_176' title='bbox 1462 1471 1517 1515; x_wconf 88' lang='lat' dir='ltr'><strong>nos</strong></span> <span class='ocrx_word' id='word_1_177' title='bbox 1530 1453 1692 1516; x_wconf 82' lang='lat' dir='ltr'><strong>intercluso</strong></span> <span class='ocrx_word' id='word_1_178' title='bbox 1709 1462 1876 1535; x_wconf 63' lang='lat' dir='ltr'><strong>commeatu</strong></span> <span class='ocrx_word' id='word_1_179' title='bbox 1890 1459 1952 1533; x_wconf 86' lang='lat' dir='ltr'><strong>s&#39;pi·</strong></span> 
     </span>
     <span class='ocr_line' id='line_1_14' title="bbox 240 1535 1954 1625; baseline -0.001 -21"><span class='ocrx_word' id='word_1_180' title='bbox 240 1543 302 1605; x_wconf 81' lang='lat' dir='ltr'><strong>alic</strong></span> <span class='ocrx_word' id='word_1_181' title='bbox 317 1541 348 1597; x_wconf 88' lang='lat' dir='ltr'><strong>ia</strong></span> <span class='ocrx_word' id='word_1_182' title='bbox 374 1539 461 1603; x_wconf 70' lang='lat' dir='ltr'><strong>hmo,</strong></span> <span class='ocrx_word' id='word_1_183' title='bbox 479 1540 515 1593; x_wconf 75' lang='lat' dir='ltr'><strong>ul</strong></span> <span class='ocrx_word' id='word_1_184' title='bbox 536 1535 673 1607; x_wconf 69' lang='lat' dir='ltr'><strong>legimus,</strong></span> <span class='ocrx_word' id='word_1_185' title='bbox 691 1540 793 1608; x_wconf 70' lang='lat' dir='ltr'><strong>pullus</strong></span> <span class='ocrx_word' id='word_1_186' title='bbox 817 1538 951 1610; x_wconf 85' lang='lat' dir='ltr'><strong>proprios</strong></span> <span class='ocrx_word' id='word_1_187' title='bbox 971 1551 1071 1595; x_wconf 80' lang='lat' dir='ltr'><strong>eome—</strong></span> <span class='ocrx_word' id='word_1_188' title='bbox 1122 1543 1212 1614; x_wconf 88' lang='lat' dir='ltr'><strong>ritus,</strong></span> <span class='ocrx_word' id='word_1_189' title='bbox 1230 1546 1300 1619; x_wconf 89' lang='lat' dir='ltr'><strong>quia</strong></span> <span class='ocrx_word' id='word_1_190' title='bbox 1313 1559 1350 1603; x_wconf 85' lang='lat' dir='ltr'><strong>aa</strong></span> <span class='ocrx_word' id='word_1_191' title='bbox 1364 1547 1444 1603; x_wconf 84' lang='lat' dir='ltr'><strong>brevi</strong></span> <span class='ocrx_word' id='word_1_192' title='bbox 1467 1546 1586 1620; x_wconf 82' lang='lat' dir='ltr'><strong>quidem</strong></span> <span class='ocrx_word' id='word_1_193' title='bbox 1601 1545 1697 1625; x_wconf 80' lang='lat' dir='ltr'><strong>spatio</strong></span> <span class='ocrx_word' id='word_1_194' title='bbox 1717 1539 1881 1621; x_wconf 75' lang='lat' dir='ltr'><strong>possumus</strong></span> <span class='ocrx_word' id='word_1_195' title='bbox 1903 1548 1954 1604; x_wconf 79' lang='lat' dir='ltr'><strong>ex·</strong></span> 
     </span>
     <span class='ocr_line' id='line_1_15' title="bbox 240 1623 1951 1710; baseline -0.002 -15"><span class='ocrx_word' id='word_1_196' title='bbox 240 1633 357 1695; x_wconf 82' lang='lat' dir='ltr'><strong>derunt.</strong></span> <span class='ocrx_word' id='word_1_197' title='bbox 368 1625 517 1685; x_wconf 81' lang='lat' dir='ltr'><strong>Humanis</strong></span> <span class='ocrx_word' id='word_1_198' title='bbox 529 1623 804 1699; x_wconf 80' lang='lat' dir='ltr'><strong>pignoribuema’oer</strong></span> <span class='ocrx_word' id='word_1_199' title='bbox 814 1625 982 1699; x_wconf 83' lang='lat' dir='ltr'><strong>sepulerum</strong></span> <span class='ocrx_word' id='word_1_200' title='bbox 994 1628 1072 1686; x_wconf 83' lang='lat' dir='ltr'><strong>lacte</strong></span> <span class='ocrx_word' id='word_1_201' title='bbox 1126 1638 1224 1707; x_wconf 82' lang='lat' dir='ltr'><strong>peries</strong></span> <span class='ocrx_word' id='word_1_202' title='bbox 1239 1651 1304 1692; x_wconf 90' lang='lat' dir='ltr'><strong>esse</strong></span> <span class='ocrx_word' id='word_1_203' title='bbox 1329 1635 1456 1709; x_wconf 89' lang='lat' dir='ltr'><strong>spiritus</strong></span> <span class='ocrx_word' id='word_1_204' title='bbox 1468 1634 1576 1703; x_wconf 82' lang='lat' dir='ltr'><strong>vitalis,</strong></span> <span class='ocrx_word' id='word_1_205' title='bbox 1592 1637 1693 1693; x_wconf 88' lang='lat' dir='ltr'><strong>statim</strong></span> <span class='ocrx_word' id='word_1_206' title='bbox 1712 1625 1951 1710; x_wconf 59' lang='lat' dir='ltr'><strong>&#39;exsanguimun</strong></span> 
     </span>
     <span class='ocr_line' id='line_1_16' title="bbox 239 1706 1951 1801; baseline 0.001 -22"><span class='ocrx_word' id='word_1_207' title='bbox 239 1725 299 1789; x_wconf 88' lang='lat' dir='ltr'><strong>est;</strong></span> <span class='ocrx_word' id='word_1_208' title='bbox 316 1718 442 1792; x_wconf 81' lang='lat' dir='ltr'><strong>piscium</strong></span> <span class='ocrx_word' id='word_1_209' title='bbox 457 1714 532 1787; x_wconf 88' lang='lat' dir='ltr'><strong>proli</strong></span> <span class='ocrx_word' id='word_1_210' title='bbox 549 1714 680 1787; x_wconf 81' lang='lat' dir='ltr'><strong>parantis</strong></span> <span class='ocrx_word' id='word_1_211' title='bbox 691 1719 734 1771; x_wconf 88' lang='lat' dir='ltr'><strong>est</strong></span> <span class='ocrx_word' id='word_1_212' title='bbox 749 1718 852 1771; x_wconf 88' lang='lat' dir='ltr'><strong>uterus</strong></span> <span class='ocrx_word' id='word_1_213' title='bbox 864 1716 939 1772; x_wconf 90' lang='lat' dir='ltr'><strong>sicut</strong></span> <span class='ocrx_word' id='word_1_214' title='bbox 954 1731 1068 1786; x_wconf 87' lang='lat' dir='ltr'><strong>murus,</strong></span> <span class='ocrx_word' id='word_1_215' title='bbox 1124 1722 1221 1795; x_wconf 87' lang='lat' dir='ltr'><strong>pisces</strong></span> <span class='ocrx_word' id='word_1_216' title='bbox 1236 1724 1355 1797; x_wconf 75' lang='lat' dir='ltr'><strong>qaoque</strong></span> <span class='ocrx_word' id='word_1_217' title='bbox 1369 1709 1477 1801; x_wconf 64' lang='lat' dir='ltr'><strong>sublati</strong></span> <span class='ocrx_word' id='word_1_218' title='bbox 1489 1722 1530 1782; x_wconf 88' lang='lat' dir='ltr'><strong>&#39;de</strong></span> <span class='ocrx_word' id='word_1_219' title='bbox 1546 1724 1632 1798; x_wconf 82' lang='lat' dir='ltr'><strong>eque,</strong></span> <span class='ocrx_word' id='word_1_220' title='bbox 1646 1722 1709 1782; x_wconf 86' lang='lat' dir='ltr'><strong>sirie</strong></span> <span class='ocrx_word' id='word_1_221' title='bbox 1724 1706 1890 1782; x_wconf 77' lang='lat' dir='ltr'><strong>substantie</strong></span> <span class='ocrx_word' id='word_1_222' title='bbox 1901 1706 1951 1782; x_wconf 84' lang='lat' dir='ltr'><strong>sui</strong></span> 
     </span>
     <span class='ocr_line' id='line_1_17' title="bbox 238 1803 1756 1905; baseline 0.001 -39"><span class='ocrx_word' id='word_1_223' title='bbox 238 1807 315 1867; x_wconf 84' lang='lat' dir='ltr'><strong>valio</strong></span> <span class='ocrx_word' id='word_1_224' title='bbox 330 1806 459 1879; x_wconf 87' lang='lat' dir='ltr'><strong>quodam</strong></span> <span class='ocrx_word' id='word_1_225' title='bbox 479 1803 663 1861; x_wconf 87' lang='lat' dir='ltr'><strong>internorum</strong></span> <span class='ocrx_word' id='word_1_226' title='bbox 677 1803 822 1861; x_wconf 78' lang='lat' dir='ltr'><strong>viscerum</strong></span> <span class='ocrx_word' id='word_1_227' title='bbox 846 1804 970 1879; x_wconf 81' lang='lat' dir='ltr'><strong>pignora</strong></span> <span class='ocrx_word' id='word_1_228' title='bbox 991 1806 1069 1863; x_wconf 85' lang='lat' dir='ltr'><strong>inot-</strong></span> <span class='ocrx_word' id='word_1_229' title='bbox 1083 1826 1108 1905; x_wconf 54' lang='lat' dir='ltr'>n</span> <span class='ocrx_word' id='word_1_230' title='bbox 1123 1813 1180 1868; x_wconf 78' lang='lat' dir='ltr'><strong>vi&#39;v&#39;i</strong></span> <span class='ocrx_word' id='word_1_231' title='bbox 1195 1818 1261 1869; x_wconf 79' lang='lat' dir='ltr'><strong>&#39;essa</strong></span> <span class='ocrx_word' id='word_1_232' title='bbox 1276 1814 1335 1869; x_wconf 87' lang='lat' dir='ltr'><strong>noa</strong></span> <span class='ocrx_word' id='word_1_233' title='bbox 1350 1807 1484 1887; x_wconf 76' lang='lat' dir='ltr'><strong>pessunt.</strong></span> <span class='ocrx_word' id='word_1_234' title='bbox 1696 1887 1700 1898; x_wconf 17' lang='grc' dir='ltr'><em>ῃ</em></span> <span class='ocrx_word' id='word_1_235' title='bbox 1752 1882 1756 1887; x_wconf 88' lang='lat'><em>.</em></span> 
     </span>
     <span class='ocr_line' id='line_1_18' title="bbox 238 1896 1950 1975; baseline 0.002 -18"><span class='ocrx_word' id='word_1_236' title='bbox 238 1896 497 1957; x_wconf 75' lang='lat' dir='ltr'><strong>tensaeonservat.</strong></span> <span class='ocrx_word' id='word_1_237' title='bbox 1162 1903 1204 1958; x_wconf 84' lang='lat' dir='ltr'><strong>li.</strong></span> <span class='ocrx_word' id='word_1_238' title='bbox 1218 1901 1255 1959; x_wconf 81' lang='lat' dir='ltr'><strong>et</strong></span> <span class='ocrx_word' id='word_1_239' title='bbox 1268 1917 1358 1959; x_wconf 86' lang='lat' dir='ltr'><strong>causa</strong></span> <span class='ocrx_word' id='word_1_240' title='bbox 1379 1900 1535 1959; x_wconf 75' lang='lat' dir='ltr'><strong>manifesta</strong></span> <span class='ocrx_word' id='word_1_241' title='bbox 1557 1905 1612 1966; x_wconf 89' lang='lat' dir='ltr'><strong>est,</strong></span> <span class='ocrx_word' id='word_1_242' title='bbox 1639 1902 1779 1975; x_wconf 83' lang='lat' dir='ltr'><strong>quoniam</strong></span> <span class='ocrx_word' id='word_1_243' title='bbox 1804 1900 1834 1957; x_wconf 88' lang='lat' dir='ltr'><strong>in</strong></span> <span class='ocrx_word' id='word_1_244' title='bbox 1862 1900 1950 1960; x_wconf 78' lang='lat' dir='ltr'><strong>n‘obis</strong></span> 
     </span>
     <span class='ocr_line' id='line_1_19' title="bbox 271 1980 1951 2066; baseline 0.002 -23"><span class='ocrx_word' id='word_1_245' title='bbox 271 1988 299 2043; x_wconf 82' lang='lat'><strong>8.</strong></span> <span class='ocrx_word' id='word_1_246' title='bbox 315 1985 435 2042; x_wconf 78' lang='lat' dir='ltr'><strong>Diversa</strong></span> <span class='ocrx_word' id='word_1_247' title='bbox 457 1982 549 2056; x_wconf 85' lang='lat' dir='ltr'><strong>igitur</strong></span> <span class='ocrx_word' id='word_1_248' title='bbox 572 1980 698 2055; x_wconf 87' lang='lat' dir='ltr'><strong>piscium</strong></span> <span class='ocrx_word' id='word_1_249' title='bbox 714 1996 823 2057; x_wconf 82' lang='lat' dir='ltr'><strong>genera</strong></span> <span class='ocrx_word' id='word_1_250' title='bbox 838 1983 969 2041; x_wconf 86' lang='lat' dir='ltr'><strong>diversos</strong></span> <span class='ocrx_word' id='word_1_251' title='bbox 993 1997 1067 2042; x_wconf 85' lang='lat' dir='ltr'><strong>naus</strong></span> <span class='ocrx_word' id='word_1_252' title='bbox 1122 1985 1225 2064; x_wconf 79' lang='lat' dir='ltr'><strong>pulmo</strong></span> <span class='ocrx_word' id='word_1_253' title='bbox 1239 2006 1292 2066; x_wconf 89' lang='lat' dir='ltr'><strong>per</strong></span> <span class='ocrx_word' id='word_1_254' title='bbox 1303 1988 1433 2048; x_wconf 72' lang='lat' dir='ltr'><strong>thoracis</strong></span> <span class='ocrx_word' id='word_1_255' title='bbox 1446 1987 1557 2047; x_wconf 70' lang='lat' dir='ltr'><strong>leniora</strong></span> <span class='ocrx_word' id='word_1_256' title='bbox 1567 1987 1730 2063; x_wconf 88' lang='lat' dir='ltr'><strong>penetralia</strong></span> <span class='ocrx_word' id='word_1_257' title='bbox 1742 1990 1851 2064; x_wconf 79' lang='lat' dir='ltr'><strong>recepe</strong></span> <span class='ocrx_word' id='word_1_258' title='bbox 1863 1990 1951 2063; x_wconf 88' lang='lat' dir='ltr'><strong>spiri-</strong></span> 
     </span>
     <span class='ocr_line' id='line_1_20' title="bbox 235 2066 1948 2153; baseline 0.001 -18"><span class='ocrx_word' id='word_1_259' title='bbox 235 2076 360 2144; x_wconf 63' lang='lat' dir='ltr'><strong>hebehh,</strong></span> <span class='ocrx_word' id='word_1_260' title='bbox 375 2072 426 2131; x_wconf 88' lang='lat' dir='ltr'><strong>alii</strong></span> <span class='ocrx_word' id='word_1_261' title='bbox 447 2089 500 2129; x_wconf 90' lang='lat' dir='ltr'><strong>ova</strong></span> <span class='ocrx_word' id='word_1_262' title='bbox 512 2075 669 2146; x_wconf 72' lang='lat' dir='ltr'><strong>generem,</strong></span> <span class='ocrx_word' id='word_1_263' title='bbox 682 2070 732 2128; x_wconf 82' lang='lat' dir='ltr'><strong>elii</strong></span> <span class='ocrx_word' id='word_1_264' title='bbox 746 2071 828 2129; x_wconf 83' lang='lat' dir='ltr'><strong>vivos</strong></span> <span class='ocrx_word' id='word_1_265' title='bbox 842 2066 961 2145; x_wconf 84' lang='lat' dir='ltr'><strong>pariunt</strong></span> <span class='ocrx_word' id='word_1_266' title='bbox 978 2079 1068 2148; x_wconf 85' lang='lat' dir='ltr'><strong>atque</strong></span> <span class='ocrx_word' id='word_1_267' title='bbox 1120 2081 1205 2137; x_wconf 86' lang='lat' dir='ltr'><strong>tum:</strong></span> <span class='ocrx_word' id='word_1_268' title='bbox 1220 2080 1249 2137; x_wconf 89' lang='lat' dir='ltr'><strong>et</strong></span> <span class='ocrx_word' id='word_1_269' title='bbox 1262 2087 1331 2136; x_wconf 82' lang='lat' dir='ltr'><strong>com</strong></span> <span class='ocrx_word' id='word_1_270' title='bbox 1346 2079 1386 2137; x_wconf 81' lang='lat' dir='ltr'><strong>lit</strong></span> <span class='ocrx_word' id='word_1_271' title='bbox 1397 2078 1462 2153; x_wconf 86' lang='lat' dir='ltr'><strong>ipse</strong></span> <span class='ocrx_word' id='word_1_272' title='bbox 1476 2077 1555 2153; x_wconf 78' lang='lat' dir='ltr'><strong>paris</strong></span> <span class='ocrx_word' id='word_1_273' title='bbox 1574 2077 1724 2153; x_wconf 82' lang='lat' dir='ltr'><strong>plerisque</strong></span> <span class='ocrx_word' id='word_1_274' title='bbox 1745 2078 1948 2153; x_wconf 83' lang='lat' dir='ltr'><strong>penetrabilis,</strong></span> 
     </span>
     <span class='ocr_line' id='line_1_21' title="bbox 238 2158 1945 2243; baseline 0.001 -21"><span class='ocrx_word' id='word_1_275' title='bbox 238 2163 434 2243; x_wconf 75' lang='lat' dir='ltr'><strong>formataeldt</strong></span> <span class='ocrx_word' id='word_1_276' title='bbox 445 2161 495 2234; x_wconf 86' lang='lat' dir='ltr'><strong>qui</strong></span> <span class='ocrx_word' id='word_1_277' title='bbox 512 2173 566 2217; x_wconf 87' lang='lat' dir='ltr'><strong>ova</strong></span> <span class='ocrx_word' id='word_1_278' title='bbox 577 2162 728 2233; x_wconf 80' lang='lat' dir='ltr'><strong>generent,</strong></span> <span class='ocrx_word' id='word_1_279' title='bbox 740 2176 799 2217; x_wconf 91' lang='lat' dir='ltr'><strong>non</strong></span> <span class='ocrx_word' id='word_1_280' title='bbox 815 2158 900 2219; x_wconf 86' lang='lat' dir='ltr'><strong>nidos</strong></span> <span class='ocrx_word' id='word_1_281' title='bbox 916 2167 1017 2221; x_wconf 84' lang='lat' dir='ltr'><strong>texunt</strong></span> <span class='ocrx_word' id='word_1_282' title='bbox 1033 2168 1067 2222; x_wconf 89' lang='lat' dir='ltr'><strong>ut</strong></span> <span class='ocrx_word' id='word_1_283' title='bbox 1120 2169 1244 2241; x_wconf 86' lang='lat' dir='ltr'><strong>spiritus</strong></span> <span class='ocrx_word' id='word_1_284' title='bbox 1264 2168 1411 2226; x_wconf 76' lang='lat' dir='ltr'><strong>infusione</strong></span> <span class='ocrx_word' id='word_1_285' title='bbox 1439 2167 1608 2225; x_wconf 86' lang='lat' dir='ltr'><strong>interiorem</strong></span> <span class='ocrx_word' id='word_1_286' title='bbox 1632 2168 1758 2225; x_wconf 81' lang='lat' dir='ltr'><strong>calorem</strong></span> <span class='ocrx_word' id='word_1_287' title='bbox 1781 2168 1945 2241; x_wconf 74' lang='lat' dir='ltr'><strong>redigeret.</strong></span> 
     </span>
     <span class='ocr_line' id='line_1_22' title="bbox 236 2248 1947 2329; baseline 0.002 -20"><span class='ocrx_word' id='word_1_288' title='bbox 236 2270 314 2325; x_wconf 71' lang='lat' dir='ltr'><strong>aves,</strong></span> <span class='ocrx_word' id='word_1_289' title='bbox 327 2270 385 2311; x_wconf 88' lang='lat' dir='ltr'><strong>non</strong></span> <span class='ocrx_word' id='word_1_290' title='bbox 396 2250 527 2309; x_wconf 89' lang='lat' dir='ltr'><strong>diuturni</strong></span> <span class='ocrx_word' id='word_1_291' title='bbox 540 2250 620 2306; x_wconf 86' lang='lat' dir='ltr'><strong>lotus</strong></span> <span class='ocrx_word' id='word_1_292' title='bbox 634 2248 764 2307; x_wconf 88' lang='lat' dir='ltr'><strong>lahorem</strong></span> <span class='ocrx_word' id='word_1_293' title='bbox 776 2250 915 2319; x_wconf 90' lang='lat' dir='ltr'><strong>induunt,</strong></span> <span class='ocrx_word' id='word_1_294' title='bbox 926 2266 985 2309; x_wconf 90' lang='lat' dir='ltr'><strong>non</strong></span> <span class='ocrx_word' id='word_1_295' title='bbox 996 2270 1064 2310; x_wconf 90' lang='lat' dir='ltr'><strong>cum</strong></span> <span class='ocrx_word' id='word_1_296' title='bbox 1120 2256 1236 2313; x_wconf 73' lang='lat' dir='ltr'><strong>Thorax</strong></span> <span class='ocrx_word' id='word_1_297' title='bbox 1250 2254 1329 2313; x_wconf 89' lang='lat' dir='ltr'><strong>anim</strong></span> <span class='ocrx_word' id='word_1_298' title='bbox 1339 2259 1372 2312; x_wconf 91' lang='lat' dir='ltr'><strong>ut</strong></span> <span class='ocrx_word' id='word_1_299' title='bbox 1382 2256 1507 2329; x_wconf 75' lang='lat' dir='ltr'><strong>suspicit</strong></span> <span class='ocrx_word' id='word_1_300' title='bbox 1521 2255 1670 2325; x_wconf 86' lang='lat' dir='ltr'><strong>alimenta,</strong></span> <span class='ocrx_word' id='word_1_301' title='bbox 1683 2253 1724 2312; x_wconf 91' lang='lat' dir='ltr'><strong>ita</strong></span> <span class='ocrx_word' id='word_1_302' title='bbox 1738 2256 1887 2329; x_wconf 86' lang='lat' dir='ltr'><strong>superflue</strong></span> <span class='ocrx_word' id='word_1_303' title='bbox 1901 2257 1947 2313; x_wconf 90' lang='lat' dir='ltr'><strong>ci·</strong></span> 
     </span>
     <span class='ocr_line' id='line_1_23' title="bbox 235 2338 1945 2418; baseline 0 -15"><span class='ocrx_word' id='word_1_304' title='bbox 235 2342 372 2403; x_wconf 82' lang='lat' dir='ltr'><strong>molestia</strong></span> <span class='ocrx_word' id='word_1_305' title='bbox 395 2340 442 2399; x_wconf 88' lang='lat' dir='ltr'><strong>sui</strong></span> <span class='ocrx_word' id='word_1_306' title='bbox 470 2338 616 2396; x_wconf 87' lang='lat' dir='ltr'><strong>nutriunt.</strong></span> <span class='ocrx_word' id='word_1_307' title='bbox 628 2338 739 2398; x_wconf 80' lang='lat' dir='ltr'><strong>Cecidit</strong></span> <span class='ocrx_word' id='word_1_308' title='bbox 766 2354 863 2407; x_wconf 83' lang='lat' dir='ltr'><strong>ovum,</strong></span> <span class='ocrx_word' id='word_1_309' title='bbox 880 2340 958 2413; x_wconf 90' lang='lat' dir='ltr'><strong>quod</strong></span> <span class='ocrx_word' id='word_1_310' title='bbox 987 2358 1065 2414; x_wconf 89' lang='lat' dir='ltr'><strong>aqua</strong></span> <span class='ocrx_word' id='word_1_311' title='bbox 1117 2345 1225 2403; x_wconf 88' lang='lat' dir='ltr'><strong>borum</strong></span> <span class='ocrx_word' id='word_1_312' title='bbox 1241 2349 1270 2402; x_wconf 87' lang='lat' dir='ltr'><strong>et</strong></span> <span class='ocrx_word' id='word_1_313' title='bbox 1284 2350 1388 2402; x_wconf 87' lang='lat' dir='ltr'><strong>succos</strong></span> <span class='ocrx_word' id='word_1_314' title='bbox 1400 2343 1535 2402; x_wconf 74' lang='lat' dir='ltr'>salubres</span> <span class='ocrx_word' id='word_1_315' title='bbox 1547 2344 1779 2418; x_wconf 72' lang='lat' dir='ltr'><strong>sanguinemque</strong></span> <span class='ocrx_word' id='word_1_316' title='bbox 1793 2344 1945 2403; x_wconf 80' lang='lat' dir='ltr'><strong>discernit.</strong></span> 
     </span>
     <span class='ocr_line' id='line_1_24' title="bbox 234 2426 1946 2508; baseline 0.002 -19"><span class='ocrx_word' id='word_1_317' title='bbox 234 2432 346 2508; x_wconf 84' lang='lat' dir='ltr'><strong>gremio</strong></span> <span class='ocrx_word' id='word_1_318' title='bbox 362 2430 489 2505; x_wconf 89' lang='lat' dir='ltr'><strong>quodam</strong></span> <span class='ocrx_word' id='word_1_319' title='bbox 506 2432 616 2484; x_wconf 81' lang='lat' dir='ltr'><strong>natura</strong></span> <span class='ocrx_word' id='word_1_320' title='bbox 639 2432 701 2484; x_wconf 83' lang='lat' dir='ltr'><strong>sue</strong></span> <span class='ocrx_word' id='word_1_321' title='bbox 725 2426 809 2502; x_wconf 88' lang='lat' dir='ltr'><strong>quasi</strong></span> <span class='ocrx_word' id='word_1_322' title='bbox 834 2428 932 2485; x_wconf 81' lang='lat' dir='ltr'><strong>nutrix</strong></span> <span class='ocrx_word' id='word_1_323' title='bbox 955 2428 1064 2488; x_wconf 88' lang='lat' dir='ltr'><strong>blanda</strong></span> <span class='ocrx_word' id='word_1_324' title='bbox 1117 2434 1165 2492; x_wconf 78' lang='lat' dir='ltr'><strong>Fit</strong></span> <span class='ocrx_word' id='word_1_325' title='bbox 1187 2435 1288 2508; x_wconf 90' lang='lat' dir='ltr'><strong>palmo</strong></span> <span class='ocrx_word' id='word_1_326' title='bbox 1308 2434 1436 2507; x_wconf 87' lang='lat' dir='ltr'><strong>pervius,</strong></span> <span class='ocrx_word' id='word_1_327' title='bbox 1452 2433 1531 2490; x_wconf 89' lang='lat' dir='ltr'><strong>unde</strong></span> <span class='ocrx_word' id='word_1_328' title='bbox 1555 2432 1669 2490; x_wconf 82' lang='lat' dir='ltr'><strong>lacibus</strong></span> <span class='ocrx_word' id='word_1_329' title='bbox 1692 2434 1730 2489; x_wconf 89' lang='lat' dir='ltr'><strong>ed</strong></span> <span class='ocrx_word' id='word_1_330' title='bbox 1753 2441 1822 2491; x_wconf 85' lang='lat' dir='ltr'><strong>eum</strong></span> <span class='ocrx_word' id='word_1_331' title='bbox 1846 2438 1946 2508; x_wconf 90' lang='lat' dir='ltr'><strong>potest</strong></span> 
     </span>
     <span class='ocr_line' id='line_1_25' title="bbox 236 2515 1945 2597; baseline 0.001 -17"><span class='ocrx_word' id='word_1_332' title='bbox 236 2520 377 2595; x_wconf 77' lang='lat' dir='ltr'><strong>suscepit,</strong></span> <span class='ocrx_word' id='word_1_333' title='bbox 393 2522 422 2577; x_wconf 88' lang='lat' dir='ltr'><strong>ct</strong></span> <span class='ocrx_word' id='word_1_334' title='bbox 438 2516 547 2575; x_wconf 88' lang='lat' dir='ltr'><strong>animal</strong></span> <span class='ocrx_word' id='word_1_335' title='bbox 571 2515 658 2573; x_wconf 85' lang='lat' dir='ltr'><strong>caleri</strong></span> <span class='ocrx_word' id='word_1_336' title='bbox 683 2516 745 2572; x_wconf 82' lang='lat' dir='ltr'><strong>totu</strong></span> <span class='ocrx_word' id='word_1_337' title='bbox 770 2516 906 2573; x_wconf 82' lang='lat' dir='ltr'><strong>reddidit.</strong></span> <span class='ocrx_word' id='word_1_338' title='bbox 918 2518 1062 2576; x_wconf 80' lang='lat' dir='ltr'><strong>Continuo</strong></span> <span class='ocrx_word' id='word_1_339' title='bbox 1116 2523 1258 2597; x_wconf 88' lang='lat' dir='ltr'><strong>aspiratio</strong></span> <span class='ocrx_word' id='word_1_340' title='bbox 1276 2521 1399 2596; x_wconf 86' lang='lat' dir='ltr'><strong>spiritus</strong></span> <span class='ocrx_word' id='word_1_341' title='bbox 1413 2521 1573 2595; x_wconf 73' lang='lat' dir='ltr'><strong>pertenire.</strong></span> <span class='ocrx_word' id='word_1_342' title='bbox 1584 2520 1682 2578; x_wconf 86' lang='lat' dir='ltr'><strong>Pisces</strong></span> <span class='ocrx_word' id='word_1_343' title='bbox 1703 2537 1771 2579; x_wconf 82' lang='lat' dir='ltr'><strong>vcra</strong></span> <span class='ocrx_word' id='word_1_344' title='bbox 1786 2520 1945 2581; x_wconf 75' lang='lat' dir='ltr'><strong>branchias</strong></span> 
     </span>
     <span class='ocr_line' id='line_1_26' title="bbox 234 2604 1944 2685; baseline 0 -16"><span class='ocrx_word' id='word_1_345' title='bbox 234 2608 314 2669; x_wconf 77' lang='lat' dir='ltr'><strong>caim</strong></span> <span class='ocrx_word' id='word_1_346' title='bbox 334 2610 415 2667; x_wconf 83' lang='lat' dir='ltr'><strong>tecta</strong></span> <span class='ocrx_word' id='word_1_347' title='bbox 440 2604 570 2680; x_wconf 85' lang='lat' dir='ltr'><strong>parentis</strong></span> <span class='ocrx_word' id='word_1_348' title='bbox 597 2604 761 2661; x_wconf 86' lang='lat' dir='ltr'><strong>animatum</strong></span> <span class='ocrx_word' id='word_1_349' title='bbox 789 2618 878 2662; x_wconf 86' lang='lat' dir='ltr'><strong>ovum</strong></span> <span class='ocrx_word' id='word_1_350' title='bbox 906 2606 1018 2675; x_wconf 87' lang='lat' dir='ltr'><strong>cecidit,</strong></span> <span class='ocrx_word' id='word_1_351' title='bbox 1033 2612 1063 2666; x_wconf 90' lang='lat' dir='ltr'><strong>et</strong></span> <span class='ocrx_word' id='word_1_352' title='bbox 1116 2610 1174 2685; x_wconf 79' lang='grc'><strong>(92)</strong></span> <span class='ocrx_word' id='word_1_353' title='bbox 1188 2608 1395 2684; x_wconf 82' lang='lat' dir='ltr'><strong>hebent‚qaas</strong></span> <span class='ocrx_word' id='word_1_354' title='bbox 1410 2623 1488 2666; x_wconf 92' lang='lat' dir='ltr'><strong>nuno</strong></span> <span class='ocrx_word' id='word_1_355' title='bbox 1511 2608 1621 2682; x_wconf 83' lang='lat' dir='ltr'><strong>plicent</strong></span> <span class='ocrx_word' id='word_1_356' title='bbox 1643 2612 1673 2666; x_wconf 86' lang='lat' dir='ltr'><strong>et</strong></span> <span class='ocrx_word' id='word_1_357' title='bbox 1694 2605 1847 2684; x_wconf 85' lang='lat' dir='ltr'><strong>coliigunt,</strong></span> <span class='ocrx_word' id='word_1_358' title='bbox 1862 2608 1944 2669; x_wconf 83' lang='lat' dir='ltr'><strong>hune</strong></span> 
     </span>
     <span class='ocr_line' id='line_1_27' title="bbox 237 2696 1944 2773; baseline 0.002 -20"><span class='ocrx_word' id='word_1_359' title='bbox 237 2698 328 2773; x_wconf 89' lang='lat' dir='ltr'><strong>piscis</strong></span> <span class='ocrx_word' id='word_1_360' title='bbox 344 2696 440 2753; x_wconf 83' lang='lat' dir='ltr'><strong>exivit.</strong></span> <span class='ocrx_word' id='word_1_361' title='bbox 1115 2699 1263 2773; x_wconf 85' lang='lat' dir='ltr'><strong>explicent</strong></span> <span class='ocrx_word' id='word_1_362' title='bbox 1280 2700 1368 2771; x_wconf 83' lang='lat' dir='ltr'><strong>atque</strong></span> <span class='ocrx_word' id='word_1_363' title='bbox 1391 2697 1537 2771; x_wconf 86' lang='lat' dir='ltr'><strong>aperiunt.</strong></span> <span class='ocrx_word' id='word_1_364' title='bbox 1554 2698 1586 2755; x_wconf 89' lang='lat' dir='ltr'><strong>la</strong></span> <span class='ocrx_word' id='word_1_365' title='bbox 1601 2698 1657 2754; x_wconf 88' lang='lat' dir='ltr'><strong>hac</strong></span> <span class='ocrx_word' id='word_1_366' title='bbox 1679 2711 1748 2771; x_wconf 91' lang='lat' dir='ltr'><strong>ergo</strong></span> <span class='ocrx_word' id='word_1_367' title='bbox 1771 2697 1944 2757; x_wconf 81' lang='lat' dir='ltr'><strong>collectione</strong></span> 
     </span>
     <span class='ocr_line' id='line_1_28' title="bbox 268 2780 1946 2861; baseline 0.002 -20"><span class='ocrx_word' id='word_1_368' title='bbox 268 2788 297 2843; x_wconf 85' lang='grc'><strong>9.</strong></span> <span class='ocrx_word' id='word_1_369' title='bbox 311 2788 387 2843; x_wconf 83' lang='lat' dir='ltr'><strong>&#39;lum</strong></span> <span class='ocrx_word' id='word_1_370' title='bbox 402 2784 508 2841; x_wconf 88' lang='lat' dir='ltr'><strong>deinde</strong></span> <span class='ocrx_word' id='word_1_371' title='bbox 518 2798 608 2855; x_wconf 89' lang='lat' dir='ltr'><strong>quam</strong></span> <span class='ocrx_word' id='word_1_372' title='bbox 619 2798 693 2855; x_wconf 89' lang='lat' dir='ltr'><strong>pura</strong></span> <span class='ocrx_word' id='word_1_373' title='bbox 705 2784 734 2839; x_wconf 89' lang='lat' dir='ltr'><strong>et</strong></span> <span class='ocrx_word' id='word_1_374' title='bbox 744 2780 885 2839; x_wconf 84' lang='lat' dir='ltr'><strong>inviolata</strong></span> <span class='ocrx_word' id='word_1_375' title='bbox 894 2782 1059 2842; x_wconf 89' lang='lat' dir='ltr'><strong>suecessiol</strong></span> <span class='ocrx_word' id='word_1_376' title='bbox 1114 2792 1145 2845; x_wconf 88' lang='lat' dir='ltr'><strong>et</strong></span> <span class='ocrx_word' id='word_1_377' title='bbox 1159 2788 1307 2861; x_wconf 89' lang='lat' dir='ltr'><strong>apertione</strong></span> <span class='ocrx_word' id='word_1_378' title='bbox 1322 2787 1393 2843; x_wconf 87' lang='lat' dir='ltr'><strong>dum</strong></span> <span class='ocrx_word' id='word_1_379' title='bbox 1409 2785 1571 2860; x_wconf 84' lang='lat' dir='ltr'><strong>suscipitur</strong></span> <span class='ocrx_word' id='word_1_380' title='bbox 1592 2802 1679 2860; x_wconf 85' lang='lat' dir='ltr'><strong>eque,</strong></span> <span class='ocrx_word' id='word_1_381' title='bbox 1690 2789 1719 2843; x_wconf 90' lang='lat' dir='ltr'><strong>et</strong></span> <span class='ocrx_word' id='word_1_382' title='bbox 1731 2786 1946 2845; x_wconf 77' lang='lat' dir='ltr'><strong>transmittitur</strong></span> 
     </span>
     <span class='ocr_line' id='line_1_29' title="bbox 233 2870 1941 2949; baseline -0.001 -14"><span class='ocrx_word' id='word_1_383' title='bbox 233 2874 338 2935; x_wconf 86' lang='lat' dir='ltr'><strong>Nullas</strong></span> <span class='ocrx_word' id='word_1_384' title='bbox 353 2873 447 2939; x_wconf 80' lang='lat' dir='ltr'><strong>alteri,</strong></span> <span class='ocrx_word' id='word_1_385' title='bbox 468 2872 518 2929; x_wconf 89' lang='lat' dir='ltr'><strong>sed</strong></span> <span class='ocrx_word' id='word_1_386' title='bbox 534 2870 633 2945; x_wconf 81' lang='lat' dir='ltr'><strong>generi</strong></span> <span class='ocrx_word' id='word_1_387' title='bbox 653 2886 709 2927; x_wconf 88' lang='lat' dir='ltr'><strong>auc</strong></span> <span class='ocrx_word' id='word_1_388' title='bbox 734 2870 883 2939; x_wconf 88' lang='lat' dir='ltr'><strong>miscetur,</strong></span> <span class='ocrx_word' id='word_1_389' title='bbox 898 2873 1060 2947; x_wconf 78' lang='lat' dir='ltr'><strong>thymallus</strong></span> <span class='ocrx_word' id='word_1_390' title='bbox 1115 2881 1150 2932; x_wconf 86' lang='lat' dir='ltr'><strong>ec</strong></span> <span class='ocrx_word' id='word_1_391' title='bbox 1164 2878 1307 2949; x_wconf 88' lang='lat' dir='ltr'><strong>penetrat,</strong></span> <span class='ocrx_word' id='word_1_392' title='bbox 1321 2873 1524 2949; x_wconf 83' lang='lat' dir='ltr'><strong>respirationis</strong></span> <span class='ocrx_word' id='word_1_393' title='bbox 1547 2889 1657 2932; x_wconf 89' lang='lat' dir='ltr'><strong>munus</strong></span> <span class='ocrx_word' id='word_1_394' title='bbox 1678 2874 1795 2932; x_wconf 79' lang='lat' dir='ltr'><strong>videtur</strong></span> <span class='ocrx_word' id='word_1_395' title='bbox 1806 2874 1941 2949; x_wconf 89' lang='lat' dir='ltr'><strong>implere.</strong></span> 
     </span>
     <span class='ocr_line' id='line_1_30' title="bbox 233 2956 1942 3040; baseline 0.002 -21"><span class='ocrx_word' id='word_1_396' title='bbox 233 2959 384 3036; x_wconf 77' lang='lat' dir='ltr'><strong>thymallo,</strong></span> <span class='ocrx_word' id='word_1_397' title='bbox 401 2958 489 3031; x_wconf 88' lang='lat' dir='ltr'><strong>lupus</strong></span> <span class='ocrx_word' id='word_1_398' title='bbox 504 2957 583 3031; x_wconf 89' lang='lat' dir='ltr'><strong>lupo.</strong></span> <span class='ocrx_word' id='word_1_399' title='bbox 594 2958 750 3031; x_wconf 79' lang='lat' dir='ltr'><strong>Scorpena</strong></span> <span class='ocrx_word' id='word_1_400' title='bbox 762 2956 879 3032; x_wconf 86' lang='lat' dir='ltr'><strong>quoquc</strong></span> <span class='ocrx_word' id='word_1_401' title='bbox 894 2960 1059 3018; x_wconf 88' lang='lat' dir='ltr'><strong>castitatem</strong></span> <span class='ocrx_word' id='word_1_402' title='bbox 1113 2963 1235 3037; x_wconf 82' lang='lat' dir='ltr'><strong>Proprie</strong></span> <span class='ocrx_word' id='word_1_403' title='bbox 1247 2962 1340 3040; x_wconf 86' lang='lat' dir='ltr'><strong>igitur</strong></span> <span class='ocrx_word' id='word_1_404' title='bbox 1362 2966 1468 3019; x_wconf 88' lang='lat' dir='ltr'><strong>natura</strong></span> <span class='ocrx_word' id='word_1_405' title='bbox 1482 2966 1525 3021; x_wconf 87' lang='lat' dir='ltr'><strong>eet</strong></span> <span class='ocrx_word' id='word_1_406' title='bbox 1545 2962 1681 3037; x_wconf 83' lang='lat' dir='ltr'><strong>piscium,</strong></span> <span class='ocrx_word' id='word_1_407' title='bbox 1696 2976 1751 3020; x_wconf 85' lang='lat' dir='ltr'><strong>nec</strong></span> <span class='ocrx_word' id='word_1_408' title='bbox 1774 2964 1942 3023; x_wconf 76' lang='lat' dir='ltr'><strong>communie</strong></span> 
     </span>
     <span class='ocr_line' id='line_1_31' title="bbox 233 3046 1940 3124; baseline 0 -16"><span class='ocrx_word' id='word_1_409' title='bbox 233 3047 415 3108; x_wconf 88' lang='lat' dir='ltr'><strong>immaculati</strong></span> <span class='ocrx_word' id='word_1_410' title='bbox 430 3046 566 3105; x_wconf 89' lang='lat' dir='ltr'><strong>connubii</strong></span> <span class='ocrx_word' id='word_1_411' title='bbox 587 3047 686 3121; x_wconf 82' lang='lat' dir='ltr'><strong>generi</strong></span> <span class='ocrx_word' id='word_1_412' title='bbox 702 3065 755 3104; x_wconf 87' lang='lat' dir='ltr'><strong>suo</strong></span> <span class='ocrx_word' id='word_1_413' title='bbox 770 3052 876 3106; x_wconf 81' lang='lat' dir='ltr'><strong>servet.</strong></span> <span class='ocrx_word' id='word_1_414' title='bbox 888 3048 988 3122; x_wconf 90' lang='lat' dir='ltr'><strong>ltaque</strong></span> <span class='ocrx_word' id='word_1_415' title='bbox 1003 3049 1060 3105; x_wconf 89' lang='lat' dir='ltr'><strong>he·</strong></span> <span class='ocrx_word' id='word_1_416' title='bbox 1112 3067 1181 3109; x_wconf 89' lang='lat' dir='ltr'><strong>eum</strong></span> <span class='ocrx_word' id='word_1_417' title='bbox 1196 3052 1321 3120; x_wconf 77' lang='lat' dir='ltr'><strong>cateris3</strong></span> <span class='ocrx_word' id='word_1_418' title='bbox 1347 3050 1482 3124; x_wconf 77' lang='lat' dir='ltr'><strong>specialis</strong></span> <span class='ocrx_word' id='word_1_419' title='bbox 1497 3061 1580 3119; x_wconf 85' lang='lat' dir='ltr'><strong>osas,</strong></span> <span class='ocrx_word' id='word_1_420' title='bbox 1595 3054 1625 3107; x_wconf 92' lang='lat' dir='ltr'><strong>et</strong></span> <span class='ocrx_word' id='word_1_421' title='bbox 1648 3066 1666 3107; x_wconf 86' lang='lat' dir='ltr'><strong>a</strong></span> <span class='ocrx_word' id='word_1_422' title='bbox 1688 3048 1803 3109; x_wconf 82' lang='lat' dir='ltr'><strong>coeteris</strong></span> <span class='ocrx_word' id='word_1_423' title='bbox 1822 3050 1940 3110; x_wconf 69' lang='lat' dir='ltr'><strong>urendi</strong></span> 
     </span>
     <span class='ocr_line' id='line_1_32' title="bbox 232 3135 1940 3215; baseline 0.003 -20"><span class='ocrx_word' id='word_1_424' title='bbox 232 3140 282 3197; x_wconf 88' lang='lat' dir='ltr'><strong>bet</strong></span> <span class='ocrx_word' id='word_1_425' title='bbox 295 3137 465 3212; x_wconf 89' lang='lat' dir='ltr'><strong>pudicitiam</strong></span> <span class='ocrx_word' id='word_1_426' title='bbox 482 3136 597 3211; x_wconf 87' lang='lat' dir='ltr'><strong>generis</strong></span> <span class='ocrx_word' id='word_1_427' title='bbox 622 3135 678 3205; x_wconf 92' lang='lat' dir='ltr'><strong>sui,</strong></span> <span class='ocrx_word' id='word_1_428' title='bbox 694 3137 746 3193; x_wconf 89' lang='lat' dir='ltr'><strong>scd</strong></span> <span class='ocrx_word' id='word_1_429' title='bbox 769 3153 915 3193; x_wconf 84' lang='lat' dir='ltr'><strong>venenum</strong></span> <span class='ocrx_word' id='word_1_430' title='bbox 940 3138 1057 3211; x_wconf 85' lang='lat' dir='ltr'><strong>generis</strong></span> <span class='ocrx_word' id='word_1_431' title='bbox 1112 3142 1246 3215; x_wconf 80' lang='lat' dir='ltr'><strong>quedem</strong></span> <span class='ocrx_word' id='word_1_432' title='bbox 1261 3144 1397 3214; x_wconf 82' lang='lat' dir='ltr'><strong>separate</strong></span> <span class='ocrx_word' id='word_1_433' title='bbox 1415 3145 1444 3197; x_wconf 89' lang='lat' dir='ltr'><strong>ct</strong></span> <span class='ocrx_word' id='word_1_434' title='bbox 1463 3144 1576 3197; x_wconf 86' lang='lat' dir='ltr'><strong>secreta</strong></span> <span class='ocrx_word' id='word_1_435' title='bbox 1589 3140 1766 3198; x_wconf 84' lang='lat' dir='ltr'><strong>substantia.</strong></span> <span class='ocrx_word' id='word_1_436' title='bbox 1782 3135 1940 3215; x_wconf 80' lang='lat' dir='ltr'><strong>Propterea</strong></span> 
     </span>
     <span class='ocr_line' id='line_1_33' title="bbox 232 3192 1938 3306; baseline 0 -19"><span class='ocrx_word' id='word_1_437' title='bbox 232 3228 279 3287; x_wconf 89' lang='lat' dir='ltr'><strong>eui</strong></span> <span class='ocrx_word' id='word_1_438' title='bbox 292 3245 351 3284; x_wconf 90' lang='lat' dir='ltr'><strong>non</strong></span> <span class='ocrx_word' id='word_1_439' title='bbox 366 3227 472 3295; x_wconf 85' lang='lat' dir='ltr'><strong>hahet;</strong></span> <span class='ocrx_word' id='word_1_440' title='bbox 495 3241 552 3283; x_wconf 88' lang='lat' dir='ltr'><strong>non</strong></span> <span class='ocrx_word' id='word_1_441' title='bbox 576 3224 656 3281; x_wconf 86' lang='lat' dir='ltr'><strong>enim</strong></span> <span class='ocrx_word' id='word_1_442' title='bbox 680 3226 806 3299; x_wconf 86' lang='lat' dir='ltr'><strong>percutit</strong></span> <span class='ocrx_word' id='word_1_443' title='bbox 830 3242 988 3299; x_wconf 73' lang='lat' dir='ltr'><strong>scarpam,</strong></span> <span class='ocrx_word' id='word_1_444' title='bbox 1003 3227 1056 3284; x_wconf 89' lang='lat' dir='ltr'><strong>sed</strong></span> <span class='ocrx_word' id='word_1_445' title='bbox 1071 3192 1094 3267; x_wconf 67' lang='lat' dir='ltr'><strong>c</strong></span> <span class='ocrx_word' id='word_1_446' title='bbox 1111 3245 1170 3288; x_wconf 90' lang='lat' dir='ltr'><strong>non</strong></span> <span class='ocrx_word' id='word_1_447' title='bbox 1185 3229 1367 3306; x_wconf 85' lang='lat' dir='ltr'><strong>nutriuntur,</strong></span> <span class='ocrx_word' id='word_1_448' title='bbox 1381 3231 1487 3301; x_wconf 74' lang='lat' dir='ltr'><strong>aeque,</strong></span> <span class='ocrx_word' id='word_1_449' title='bbox 1498 3231 1533 3285; x_wconf 82' lang='lat' dir='ltr'><strong>ut</strong></span> <span class='ocrx_word' id='word_1_450' title='bbox 1543 3229 1659 3287; x_wconf 86' lang='lat' dir='ltr'><strong>terrena</strong></span> <span class='ocrx_word' id='word_1_451' title='bbox 1669 3229 1820 3297; x_wconf 81' lang='lat' dir='ltr'><strong>animalia,</strong></span> <span class='ocrx_word' id='word_1_452' title='bbox 1830 3241 1938 3287; x_wconf 87' lang='lat' dir='ltr'><strong>manue</strong></span> 
     </span>
     <span class='ocr_line' id='line_1_34' title="bbox 231 3312 1937 3392; baseline -0.001 -15"><span class='ocrx_word' id='word_1_453' title='bbox 231 3317 334 3377; x_wconf 85' lang='lat' dir='ltr'><strong>reficit.</strong></span> <span class='ocrx_word' id='word_1_454' title='bbox 350 3314 491 3376; x_wconf 88' lang='lat' dir='ltr'><strong>Nesciunt</strong></span> <span class='ocrx_word' id='word_1_455' title='bbox 514 3312 604 3387; x_wconf 85' lang='lat' dir='ltr'><strong>igitur</strong></span> <span class='ocrx_word' id='word_1_456' title='bbox 622 3312 853 3388; x_wconf 81' lang='lat' dir='ltr'><strong>alienigenarum</strong></span> <span class='ocrx_word' id='word_1_457' title='bbox 877 3330 985 3387; x_wconf 82' lang='lat' dir='ltr'><strong>genere</strong></span> <span class='ocrx_word' id='word_1_458' title='bbox 1007 3314 1055 3387; x_wconf 90' lang='lat' dir='ltr'><strong>pi·</strong></span> <span class='ocrx_word' id='word_1_459' title='bbox 1108 3318 1245 3375; x_wconf 85' lang='lat' dir='ltr'><strong>hamane</strong></span> <span class='ocrx_word' id='word_1_460' title='bbox 1263 3317 1343 3375; x_wconf 83' lang='lat' dir='ltr'><strong>tactu</strong></span> <span class='ocrx_word' id='word_1_461' title='bbox 1358 3317 1388 3374; x_wconf 85' lang='lat' dir='ltr'><strong>et</strong></span> <span class='ocrx_word' id='word_1_462' title='bbox 1402 3316 1591 3392; x_wconf 80' lang='lat' dir='ltr'><strong>delinimento</strong></span> <span class='ocrx_word' id='word_1_463' title='bbox 1613 3317 1713 3391; x_wconf 85' lang='lat' dir='ltr'><strong>aliquo</strong></span> <span class='ocrx_word' id='word_1_464' title='bbox 1737 3317 1937 3388; x_wconf 61' lang='lat' dir='ltr'><strong>delectantem</strong></span> 
     </span>
     <span class='ocr_line' id='line_1_35' title="bbox 231 3401 1727 3478; baseline -0.002 -13"><span class='ocrx_word' id='word_1_465' title='bbox 231 3408 326 3465; x_wconf 86' lang='lat' dir='ltr'><strong>scium</strong></span> <span class='ocrx_word' id='word_1_466' title='bbox 354 3402 520 3463; x_wconf 85' lang='lat' dir='ltr'><strong>adulterina</strong></span> <span class='ocrx_word' id='word_1_467' title='bbox 550 3403 698 3476; x_wconf 88' lang='lat' dir='ltr'><strong>contagia,</strong></span> <span class='ocrx_word' id='word_1_468' title='bbox 727 3402 803 3461; x_wconf 88' lang='lat' dir='ltr'><strong>sieut</strong></span> <span class='ocrx_word' id='word_1_469' title='bbox 831 3406 901 3461; x_wconf 90' lang='lat' dir='ltr'><strong>suot</strong></span> <span class='ocrx_word' id='word_1_470' title='bbox 928 3420 962 3461; x_wconf 90' lang='lat' dir='ltr'><strong>ee</strong></span> <span class='ocrx_word' id='word_1_471' title='bbox 990 3418 1055 3478; x_wconf 80' lang='lat' dir='ltr'><strong>que</strong></span> <span class='ocrx_word' id='word_1_472' title='bbox 1109 3406 1225 3465; x_wconf 79' lang='lat' dir='ltr'><strong>etiamsi</strong></span> <span class='ocrx_word' id='word_1_473' title='bbox 1239 3405 1347 3465; x_wconf 85' lang='lat' dir='ltr'><strong>servati</strong></span> <span class='ocrx_word' id='word_1_474' title='bbox 1360 3401 1526 3464; x_wconf 64' lang='lat' dir='ltr'><strong>leucadia</strong></span> <span class='ocrx_word' id='word_1_475' title='bbox 1539 3406 1604 3463; x_wconf 81' lang='lat' dir='ltr'><strong>suis</strong></span> <span class='ocrx_word' id='word_1_476' title='bbox 1619 3405 1727 3463; x_wconf 75' lang='lat' dir='ltr'><strong>urent.</strong></span> 
     </span>
     <span class='ocr_line' id='line_1_36' title="bbox 230 3490 1640 3571; baseline -0.004 -17"><span class='ocrx_word' id='word_1_477' title='bbox 230 3497 337 3554; x_wconf 89' lang='lat' dir='ltr'><strong>coeunt</strong></span> <span class='ocrx_word' id='word_1_478' title='bbox 350 3492 500 3551; x_wconf 88' lang='lat' dir='ltr'><strong>asinorum</strong></span> <span class='ocrx_word' id='word_1_479' title='bbox 513 3506 714 3565; x_wconf 87' lang='lat' dir='ltr'><strong>equarumque</strong></span> <span class='ocrx_word' id='word_1_480' title='bbox 729 3490 806 3549; x_wconf 92' lang='lat' dir='ltr'><strong>inter</strong></span> <span class='ocrx_word' id='word_1_481' title='bbox 819 3506 850 3549; x_wconf 93' lang='lat' dir='ltr'><strong>se</strong></span> <span class='ocrx_word' id='word_1_482' title='bbox 865 3508 972 3567; x_wconf 89' lang='lat' dir='ltr'><strong>genera</strong></span> <span class='ocrx_word' id='word_1_483' title='bbox 987 3492 1055 3565; x_wconf 77' lang='lat'><strong>(90),</strong></span> <span class='ocrx_word' id='word_1_484' title='bbox 1402 3499 1455 3571; x_wconf 62' lang='grc' dir='ltr'><strong>ῃ</strong></span> <span class='ocrx_word' id='word_1_485' title='bbox 1473 3495 1588 3570; x_wconf 62' lang='lat' dir='ltr'><strong>fflpgp</strong></span> <span class='ocrx_word' id='word_1_486' title='bbox 1605 3504 1640 3571; x_wconf 45' lang='lat' dir='ltr'><strong>v·</strong></span> 
     </span>
    </p>
   </div>
   <div class='ocr_carea' id='block_1_2' title="bbox 231 3580 1938 3749">
    <p class='ocr_par' dir='ltr' id='par_1_2' title="bbox 231 3580 1938 3749">
     <span class='ocr_line' id='line_1_37' title="bbox 231 3580 1937 3661; baseline -0.001 -2"><span class='ocrx_word' id='word_1_487' title='bbox 231 3598 295 3659; x_wconf 64' lang='lat'>‘1¹¹³</span> <span class='ocrx_word' id='word_1_488' title='bbox 310 3598 418 3657; x_wconf 55' lang='lat' dir='ltr'><strong>“²⁸8¹st</strong></span> <span class='ocrx_word' id='word_1_489' title='bbox 431 3580 586 3637; x_wconf 65' lang='lat' dir='ltr'><strong>himinum</strong></span> <span class='ocrx_word' id='word_1_490' title='bbox 611 3596 681 3637; x_wconf 64' lang='lat' dir='ltr'>⁰⁰¹⁸ss</span> <span class='ocrx_word' id='word_1_491' title='bbox 695 3584 900 3653; x_wconf 62' lang='lat' dir='ltr'><strong>pelpssllfflltlll</strong></span> <span class='ocrx_word' id='word_1_492' title='bbox 912 3598 918 3639; x_wconf 78' lang='lat'>²</span> <span class='ocrx_word' id='word_1_493' title='bbox 930 3580 974 3639; x_wconf 73' lang='lat' dir='ltr'><strong>V⁰¹</strong></span> <span class='ocrx_word' id='word_1_494' title='bbox 990 3596 1055 3638; x_wconf 65' lang='lat' dir='ltr'><strong>lul·</strong></span> <span class='ocrx_word' id='word_1_495' title='bbox 1108 3591 1199 3659; x_wconf 73' lang='lat' dir='ltr'><strong>roca</strong></span> <span class='ocrx_word' id='word_1_496' title='bbox 1212 3615 1276 3659; x_wconf 85' lang='lat' dir='ltr'><strong>eum</strong></span> <span class='ocrx_word' id='word_1_497' title='bbox 1290 3604 1346 3659; x_wconf 89' lang='lat' dir='ltr'><strong>tom</strong></span> <span class='ocrx_word' id='word_1_498' title='bbox 1356 3590 1423 3658; x_wconf 78' lang='lat' dir='ltr'><strong>deoc</strong></span> <span class='ocrx_word' id='word_1_499' title='bbox 1433 3600 1548 3661; x_wconf 61' lang='lat' dir='ltr'><strong>aetoli.</strong></span> <span class='ocrx_word' id='word_1_500' title='bbox 1559 3600 1660 3658; x_wconf 79' lang='lat' dir='ltr'><strong>bittit</strong></span> <span class='ocrx_word' id='word_1_501' title='bbox 1673 3600 1791 3658; x_wconf 61' lang='lat' dir='ltr'><strong>tecuam</strong></span> <span class='ocrx_word' id='word_1_502' title='bbox 1804 3581 1835 3657; x_wconf 77' lang='lat' dir='ltr'><strong>in</strong></span> <span class='ocrx_word' id='word_1_503' title='bbox 1846 3617 1937 3657; x_wconf 77' lang='lat' dir='ltr'><strong>esrom</strong></span> 
     </span>
     <span class='ocr_line' id='line_1_38' title="bbox 231 3667 1938 3749; baseline -0.001 -18"><span class='ocrx_word' id='word_1_504' title='bbox 231 3690 282 3732; x_wconf 85' lang='lat' dir='ltr'><strong>sus</strong></span> <span class='ocrx_word' id='word_1_505' title='bbox 298 3686 366 3731; x_wconf 83' lang='lat' dir='ltr'><strong>oum</strong></span> <span class='ocrx_word' id='word_1_506' title='bbox 377 3686 471 3744; x_wconf 80' lang='lat' dir='ltr'><strong>equos</strong></span> <span class='ocrx_word' id='word_1_507' title='bbox 482 3669 570 3726; x_wconf 82' lang='lat' dir='ltr'><strong>asina</strong></span> <span class='ocrx_word' id='word_1_508' title='bbox 581 3667 801 3741; x_wconf 61' lang='lat' dir='ltr'><strong>adleuatumque</strong></span> <span class='ocrx_word' id='word_1_509' title='bbox 812 3673 883 3726; x_wconf 89' lang='lat' dir='ltr'><strong>suat</strong></span> <span class='ocrx_word' id='word_1_510' title='bbox 895 3682 963 3727; x_wconf 89' lang='lat' dir='ltr'><strong>vere</strong></span> <span class='ocrx_word' id='word_1_511' title='bbox 973 3669 1057 3726; x_wconf 90' lang='lat' dir='ltr'><strong>adul·</strong></span> <span class='ocrx_word' id='word_1_512' title='bbox 1143 3673 1256 3737; x_wconf 69' lang='lat' dir='ltr'><strong>cedem:</strong></span> <span class='ocrx_word' id='word_1_513' title='bbox 1269 3673 1340 3749; x_wconf 77' lang='lat' dir='ltr'><strong>qaod</strong></span> <span class='ocrx_word' id='word_1_514' title='bbox 1352 3673 1502 3729; x_wconf 76' lang='lat' dir='ltr'><strong>imitantur</strong></span> <span class='ocrx_word' id='word_1_515' title='bbox 1515 3674 1604 3742; x_wconf 79' lang='grc' dir='ltr'>οοονί,</span> <span class='ocrx_word' id='word_1_516' title='bbox 1616 3674 1665 3747; x_wconf 79' lang='lat' dir='ltr'><strong>qui</strong></span> <span class='ocrx_word' id='word_1_517' title='bbox 1680 3669 1833 3729; x_wconf 76' lang='lat' dir='ltr'><strong>vehementi</strong></span> <span class='ocrx_word' id='word_1_518' title='bbox 1846 3669 1938 3744; x_wconf 72' lang='lat' dir='ltr'><strong>obiur-</strong></span> 
     </span>
    </p>
   </div>
   <div class='ocr_carea' id='block_1_3' title="bbox 154 3746 1940 4993">
    <p class='ocr_par' dir='ltr' id='par_1_3' title="bbox 154 3746 1940 4993">
     <span class='ocr_line' id='line_1_39' title="bbox 230 3746 1736 3839; baseline -0.009 -19"><span class='ocrx_word' id='word_1_519' title='bbox 230 3761 305 3825; x_wconf 85' lang='lat' dir='ltr'><strong>tem&#39;e</strong></span> <span class='ocrx_word' id='word_1_520' title='bbox 318 3764 439 3819; x_wconf 82' lang='lat' dir='ltr'><strong>cature.</strong></span> <span class='ocrx_word' id='word_1_521' title='bbox 451 3759 524 3815; x_wconf 88' lang='lat' dir='ltr'><strong>Nem</strong></span> <span class='ocrx_word' id='word_1_522' title='bbox 539 3758 641 3831; x_wconf 88' lang='lat' dir='ltr'><strong>utique</strong></span> <span class='ocrx_word' id='word_1_523' title='bbox 660 3758 758 3829; x_wconf 85' lang='lat' dir='ltr'><strong>majus</strong></span> <span class='ocrx_word' id='word_1_524' title='bbox 771 3762 817 3815; x_wconf 89' lang='lat' dir='ltr'><strong>est</strong></span> <span class='ocrx_word' id='word_1_525' title='bbox 831 3759 909 3830; x_wconf 88' lang='lat' dir='ltr'><strong>quod</strong></span> <span class='ocrx_word' id='word_1_526' title='bbox 923 3758 952 3813; x_wconf 89' lang='lat' dir='ltr'><strong>ia</strong></span> <span class='ocrx_word' id='word_1_527' title='bbox 968 3762 1055 3815; x_wconf 90' lang='lat' dir='ltr'><strong>uetu-</strong></span> <span class='ocrx_word' id='word_1_528' title='bbox 1142 3747 1254 3817; x_wconf 64' lang='grc'><strong>999996</strong></span> <span class='ocrx_word' id='word_1_529' title='bbox 1266 3746 1449 3817; x_wconf 57' lang='lat' dir='ltr'><strong>wimm-</strong></span> <span class='ocrx_word' id='word_1_530' title='bbox 1733 3833 1736 3839; x_wconf 23' lang='grc' dir='ltr'><strong><em>Ι</em></strong></span> 
     </span>
     <span class='ocr_line' id='line_1_40' title="bbox 229 3846 1940 3920; baseline -0.002 -10"><span class='ocrx_word' id='word_1_531' title='bbox 229 3848 471 3909; x_wconf 75' lang='lat' dir='ltr'><strong>recolluvionem</strong></span> <span class='ocrx_word' id='word_1_532' title='bbox 482 3847 533 3905; x_wconf 74' lang='lat'><strong>88</strong></span> <span class='ocrx_word' id='word_1_533' title='bbox 542 3846 748 3911; x_wconf 85' lang='lat' dir='ltr'><strong>committitur,</strong></span> <span class='ocrx_word' id='word_1_534' title='bbox 758 3860 847 3919; x_wconf 88' lang='lat' dir='ltr'><strong>quem</strong></span> <span class='ocrx_word' id='word_1_535' title='bbox 859 3846 936 3919; x_wconf 90' lang='lat' dir='ltr'><strong>quod</strong></span> <span class='ocrx_word' id='word_1_536' title='bbox 948 3847 978 3902; x_wconf 92' lang='lat' dir='ltr'><strong>in</strong></span> <span class='ocrx_word' id='word_1_537' title='bbox 989 3862 1054 3920; x_wconf 90' lang='lat' dir='ltr'><strong>per·</strong></span> <span class='ocrx_word' id='word_1_538' title='bbox 1145 3852 1188 3907; x_wconf 86' lang='lat'><strong>12.</strong></span> <span class='ocrx_word' id='word_1_539' title='bbox 1209 3850 1284 3915; x_wconf 84' lang='lat' dir='ltr'><strong>Quid</strong></span> <span class='ocrx_word' id='word_1_540' title='bbox 1308 3853 1407 3907; x_wconf 89' lang='lat' dir='ltr'><strong>eutem</strong></span> <span class='ocrx_word' id='word_1_541' title='bbox 1432 3849 1468 3905; x_wconf 89' lang='lat' dir='ltr'><strong>de</strong></span> <span class='ocrx_word' id='word_1_542' title='bbox 1491 3849 1637 3907; x_wconf 87' lang='lat' dir='ltr'><strong>densitate</strong></span> <span class='ocrx_word' id='word_1_543' title='bbox 1659 3848 1755 3907; x_wconf 84' lang='lat' dir='ltr'><strong>dicem</strong></span> <span class='ocrx_word' id='word_1_544' title='bbox 1780 3847 1940 3908; x_wconf 73' lang='lat' dir='ltr'><strong>dentium?</strong></span> 
     </span>
     <span class='ocr_line' id='line_1_41' title="bbox 182 3934 1938 4017; baseline -0.002 -19"><span class='ocrx_word' id='word_1_545' title='bbox 182 3956 193 3975; x_wconf 59' lang='lat'>⁸</span> <span class='ocrx_word' id='word_1_546' title='bbox 228 3956 306 4017; x_wconf 78' lang='lat' dir='ltr'><strong>sone</strong></span> <span class='ocrx_word' id='word_1_547' title='bbox 330 3938 480 4011; x_wconf 86' lang='lat' dir='ltr'><strong>injuriam.</strong></span> <span class='ocrx_word' id='word_1_548' title='bbox 493 3936 527 3992; x_wconf 81' lang='lat' dir='ltr'><strong>iit</strong></span> <span class='ocrx_word' id='word_1_549' title='bbox 552 3935 640 3992; x_wconf 91' lang='lat' dir='ltr'><strong>homo</strong></span> <span class='ocrx_word' id='word_1_550' title='bbox 669 3934 726 3991; x_wconf 89' lang='lat' dir='ltr'><strong>ista</strong></span> <span class='ocrx_word' id='word_1_551' title='bbox 742 3948 882 4006; x_wconf 87' lang='lat' dir='ltr'><strong>procuras</strong></span> <span class='ocrx_word' id='word_1_552' title='bbox 909 3934 1054 4009; x_wconf 88' lang='lat' dir='ltr'><strong>interpres</strong></span> <span class='ocrx_word' id='word_1_553' title='bbox 1109 3939 1173 3996; x_wconf 83' lang='lat' dir='ltr'><strong>lton</strong></span> <span class='ocrx_word' id='word_1_554' title='bbox 1189 3940 1269 3995; x_wconf 87' lang='lat' dir='ltr'><strong>enim</strong></span> <span class='ocrx_word' id='word_1_555' title='bbox 1284 3942 1317 3995; x_wconf 87' lang='lat' dir='ltr'><strong>ut</strong></span> <span class='ocrx_word' id='word_1_556' title='bbox 1330 3938 1386 3996; x_wconf 86' lang='lat' dir='ltr'><strong>hoe</strong></span> <span class='ocrx_word' id='word_1_557' title='bbox 1401 3940 1453 3994; x_wconf 86' lang='lat' dir='ltr'><strong>aut</strong></span> <span class='ocrx_word' id='word_1_558' title='bbox 1466 3936 1528 3995; x_wconf 83' lang='lat' dir='ltr'><strong>ovis</strong></span> <span class='ocrx_word' id='word_1_559' title='bbox 1543 3954 1578 3995; x_wconf 83' lang='lat' dir='ltr'><strong>ex</strong></span> <span class='ocrx_word' id='word_1_560' title='bbox 1590 3955 1652 3996; x_wconf 88' lang='lat' dir='ltr'><strong>une</strong></span> <span class='ocrx_word' id='word_1_561' title='bbox 1670 3936 1754 4012; x_wconf 79' lang='lat' dir='ltr'><strong>parte</strong></span> <span class='ocrx_word' id='word_1_562' title='bbox 1767 3940 1870 3996; x_wconf 86' lang='lat' dir='ltr'><strong>dentes</strong></span> <span class='ocrx_word' id='word_1_563' title='bbox 1883 3938 1938 3995; x_wconf 86' lang='lat' dir='ltr'><strong>ha·</strong></span> 
     </span>
     <span class='ocr_line' id='line_1_42' title="bbox 154 4018 1939 4101; baseline -0.003 -13"><span class='ocrx_word' id='word_1_564' title='bbox 154 4038 160 4045; x_wconf 84' lang='lat'>&#39;</span> <span class='ocrx_word' id='word_1_565' title='bbox 228 4027 366 4087; x_wconf 67' lang='lat' dir='ltr'><strong>adulurii</strong></span> <span class='ocrx_word' id='word_1_566' title='bbox 374 4023 564 4099; x_wconf 80' lang='lat' dir='ltr'><strong>J&#39;umentalis;</strong></span> <span class='ocrx_word' id='word_1_567' title='bbox 576 4028 607 4079; x_wconf 88' lang='lat' dir='ltr'><strong>at</strong></span> <span class='ocrx_word' id='word_1_568' title='bbox 618 4022 691 4079; x_wconf 87' lang='lat' dir='ltr'><strong>illud</strong></span> <span class='ocrx_word' id='word_1_569' title='bbox 704 4021 812 4080; x_wconf 88' lang='lat' dir='ltr'><strong>animal</strong></span> <span class='ocrx_word' id='word_1_570' title='bbox 828 4022 984 4095; x_wconf 87' lang='lat' dir='ltr'><strong>pretiosius</strong></span> <span class='ocrx_word' id='word_1_571' title='bbox 999 4038 1054 4097; x_wconf 88' lang='lat' dir='ltr'><strong>pa·</strong></span> <span class='ocrx_word' id='word_1_572' title='bbox 1108 4028 1193 4097; x_wconf 81' lang='lat' dir='ltr'><strong>bent3</strong></span> <span class='ocrx_word' id='word_1_573' title='bbox 1209 4018 1260 4084; x_wconf 86' lang='lat' dir='ltr'><strong>sed</strong></span> <span class='ocrx_word' id='word_1_574' title='bbox 1276 4030 1401 4101; x_wconf 80' lang='lat' dir='ltr'><strong>utreque</strong></span> <span class='ocrx_word' id='word_1_575' title='bbox 1423 4037 1491 4100; x_wconf 87' lang='lat' dir='ltr'><strong>pars</strong></span> <span class='ocrx_word' id='word_1_576' title='bbox 1510 4030 1624 4084; x_wconf 87' lang='lat' dir='ltr'><strong>armate</strong></span> <span class='ocrx_word' id='word_1_577' title='bbox 1639 4029 1682 4085; x_wconf 84' lang='lat' dir='ltr'><strong>eat</strong></span> <span class='ocrx_word' id='word_1_578' title='bbox 1697 4022 1849 4097; x_wconf 80' lang='lat' dir='ltr'><strong>deatihua&#39;3</strong></span> <span class='ocrx_word' id='word_1_579' title='bbox 1865 4027 1939 4100; x_wconf 83' lang='lat' dir='ltr'><strong>quie</strong></span> 
     </span>
     <span class='ocr_line' id='line_1_43' title="bbox 227 4111 1938 4200; baseline -0.004 -25"><span class='ocrx_word' id='word_1_580' title='bbox 227 4121 283 4185; x_wconf 83' lang='lat' dir='ltr'><strong>tas,</strong></span> <span class='ocrx_word' id='word_1_581' title='bbox 296 4116 375 4189; x_wconf 82' lang='lat' dir='ltr'><strong>quod</strong></span> <span class='ocrx_word' id='word_1_582' title='bbox 387 4112 598 4181; x_wconf 83' lang='lat' dir='ltr'><strong>adulterinum,</strong></span> <span class='ocrx_word' id='word_1_583' title='bbox 610 4126 702 4183; x_wconf 85' lang='lat' dir='ltr'><strong>quum</strong></span> <span class='ocrx_word' id='word_1_584' title='bbox 715 4111 792 4183; x_wconf 85' lang='lat' dir='ltr'><strong>quod</strong></span> <span class='ocrx_word' id='word_1_585' title='bbox 805 4126 906 4167; x_wconf 81' lang='lat' dir='ltr'><strong>verum</strong></span> <span class='ocrx_word' id='word_1_586' title='bbox 917 4112 979 4168; x_wconf 84' lang='lat' dir='ltr'><strong>esti</strong></span> <span class='ocrx_word' id='word_1_587' title='bbox 989 4113 1055 4185; x_wconf 89' lang='lat' dir='ltr'><strong>ipsc</strong></span> <span class='ocrx_word' id='word_1_588' title='bbox 1108 4117 1139 4174; x_wconf 90' lang='lat' dir='ltr'><strong>in</strong></span> <span class='ocrx_word' id='word_1_589' title='bbox 1153 4120 1231 4189; x_wconf 84' lang='lat' dir='ltr'><strong>aqua</strong></span> <span class='ocrx_word' id='word_1_590' title='bbox 1245 4118 1324 4185; x_wconf 88' lang='lat' dir='ltr'><strong>sunt,</strong></span> <span class='ocrx_word' id='word_1_591' title='bbox 1336 4118 1365 4173; x_wconf 90' lang='lat' dir='ltr'><strong>et</strong></span> <span class='ocrx_word' id='word_1_592' title='bbox 1379 4114 1405 4174; x_wconf 81' lang='lat' dir='ltr'><strong>si</strong></span> <span class='ocrx_word' id='word_1_593' title='bbox 1420 4114 1533 4193; x_wconf 79' lang='lat' dir='ltr'><strong>diutius</strong></span> <span class='ocrx_word' id='word_1_594' title='bbox 1548 4114 1648 4173; x_wconf 84' lang='lat' dir='ltr'><strong>album</strong></span> <span class='ocrx_word' id='word_1_595' title='bbox 1663 4114 1823 4200; x_wconf 66' lang='lat' dir='ltr'><strong>torserant,</strong></span> <span class='ocrx_word' id='word_1_596' title='bbox 1835 4120 1938 4194; x_wconf 29' lang='lat' dir='ltr'><strong>et&#39;noa</strong></span> 
     </span>
     <span class='ocr_line' id='line_1_44' title="bbox 228 4198 1939 4281; baseline -0.006 -17"><span class='ocrx_word' id='word_1_597' title='bbox 228 4221 335 4281; x_wconf 47' lang='lat' dir='ltr'><strong>&amp;aare</strong></span> <span class='ocrx_word' id='word_1_598' title='bbox 346 4203 443 4261; x_wconf 84' lang='lat' dir='ltr'><strong>aliena</strong></span> <span class='ocrx_word' id='word_1_599' title='bbox 453 4199 620 4267; x_wconf 72' lang='lat' dir='ltr'><strong>molendis,</strong></span> <span class='ocrx_word' id='word_1_600' title='bbox 629 4198 801 4271; x_wconf 86' lang='lat' dir='ltr'><strong>diversaque</strong></span> <span class='ocrx_word' id='word_1_601' title='bbox 810 4198 918 4257; x_wconf 89' lang='lat' dir='ltr'><strong>misces</strong></span> <span class='ocrx_word' id='word_1_602' title='bbox 928 4201 1052 4270; x_wconf 88' lang='lat' dir='ltr'><strong>semine,</strong></span> <span class='ocrx_word' id='word_1_603' title='bbox 1108 4206 1165 4262; x_wconf 87' lang='lat' dir='ltr'><strong>cito</strong></span> <span class='ocrx_word' id='word_1_604' title='bbox 1179 4204 1424 4273; x_wconf 72' lang='lat' dir='ltr'><strong>heaamitteraat&#39;,</strong></span> <span class='ocrx_word' id='word_1_605' title='bbox 1436 4211 1582 4277; x_wconf 83' lang='lat' dir='ltr'><strong>equarum</strong></span> <span class='ocrx_word' id='word_1_606' title='bbox 1594 4199 1739 4261; x_wconf 82' lang='lat' dir='ltr'><strong>alluvione</strong></span> <span class='ocrx_word' id='word_1_607' title='bbox 1749 4204 1785 4261; x_wconf 80' lang='lat' dir='ltr'><strong>de</strong></span> <span class='ocrx_word' id='word_1_608' title='bbox 1797 4203 1939 4261; x_wconf 67' lang='lat' dir='ltr'><strong>dentibus</strong></span> 
     </span>
     <span class='ocr_line' id='line_1_45' title="bbox 227 4285 1938 4368; baseline -0.001 -18"><span class='ocrx_word' id='word_1_609' title='bbox 227 4298 316 4365; x_wconf 75' lang='lat' dir='ltr'><strong>atquc</strong></span> <span class='ocrx_word' id='word_1_610' title='bbox 331 4292 368 4348; x_wconf 87' lang='lat' dir='ltr'><strong>ad</strong></span> <span class='ocrx_word' id='word_1_611' title='bbox 383 4290 488 4346; x_wconf 82' lang='lat' dir='ltr'><strong>vetitos</strong></span> <span class='ocrx_word' id='word_1_612' title='bbox 503 4289 598 4343; x_wconf 89' lang='lat' dir='ltr'><strong>coitus</strong></span> <span class='ocrx_word' id='word_1_613' title='bbox 612 4286 786 4359; x_wconf 90' lang='lat' dir='ltr'><strong>plerumque</strong></span> <span class='ocrx_word' id='word_1_614' title='bbox 800 4287 881 4362; x_wconf 87' lang='lat' dir='ltr'><strong>cogis</strong></span> <span class='ocrx_word' id='word_1_615' title='bbox 896 4285 1011 4355; x_wconf 69' lang='lat' dir='ltr'><strong>lautos</strong></span> <span class='ocrx_word' id='word_1_616' title='bbox 1026 4294 1055 4347; x_wconf 88' lang='lat' dir='ltr'><strong>et</strong></span> <span class='ocrx_word' id='word_1_617' title='bbox 1108 4301 1211 4351; x_wconf 84' lang='lat' dir='ltr'><strong>eorum</strong></span> <span class='ocrx_word' id='word_1_618' title='bbox 1225 4308 1292 4352; x_wconf 89' lang='lat' dir='ltr'><strong>esca</strong></span> <span class='ocrx_word' id='word_1_619' title='bbox 1307 4293 1407 4368; x_wconf 82' lang='lat' dir='ltr'><strong>posset</strong></span> <span class='ocrx_word' id='word_1_620' title='bbox 1430 4289 1538 4349; x_wconf 77' lang='lat' dir='ltr'><strong>auferri</strong></span> <span class='ocrx_word' id='word_1_621' title='bbox 1553 4299 1586 4349; x_wconf 83' lang='lat' dir='ltr'><strong>ac</strong></span> <span class='ocrx_word' id='word_1_622' title='bbox 1602 4289 1685 4350; x_wconf 83' lang='lat' dir='ltr'><strong>dilui.</strong></span> <span class='ocrx_word' id='word_1_623' title='bbox 1697 4289 1763 4350; x_wconf 83' lang='lat' dir='ltr'><strong>ideo</strong></span> <span class='ocrx_word' id='word_1_624' title='bbox 1786 4290 1894 4351; x_wconf 84' lang='lat' dir='ltr'><strong>densos</strong></span> <span class='ocrx_word' id='word_1_625' title='bbox 1907 4296 1938 4349; x_wconf 87' lang='lat' dir='ltr'><strong>et</strong></span> 
     </span>
     <span class='ocr_line' id='line_1_46' title="bbox 226 4371 1936 4451; baseline -0.008 -13"><span class='ocrx_word' id='word_1_626' title='bbox 226 4382 282 4438; x_wconf 87' lang='lat' dir='ltr'><strong>hoc</strong></span> <span class='ocrx_word' id='word_1_627' title='bbox 296 4378 474 4437; x_wconf 86' lang='lat' dir='ltr'><strong>industriam</strong></span> <span class='ocrx_word' id='word_1_628' title='bbox 488 4376 588 4433; x_wconf 80' lang='lat' dir='ltr'><strong>uocas!</strong></span> <span class='ocrx_word' id='word_1_629' title='bbox 605 4376 665 4433; x_wconf 89' lang='lat' dir='ltr'><strong>Hoc</strong></span> <span class='ocrx_word' id='word_1_630' title='bbox 687 4375 805 4448; x_wconf 88' lang='lat' dir='ltr'><strong>quiade</strong></span> <span class='ocrx_word' id='word_1_631' title='bbox 826 4376 996 4437; x_wconf 89' lang='lat' dir='ltr'><strong>hominibus</strong></span> <span class='ocrx_word' id='word_1_632' title='bbox 1011 4380 1054 4436; x_wconf 89' lang='lat' dir='ltr'><strong>le·</strong></span> <span class='ocrx_word' id='word_1_633' title='bbox 1108 4386 1210 4440; x_wconf 72' lang='lat' dir='ltr'><strong>seems</strong></span> <span class='ocrx_word' id='word_1_634' title='bbox 1224 4382 1343 4449; x_wconf 83' lang='lat' dir='ltr'><strong>haberit,</strong></span> <span class='ocrx_word' id='word_1_635' title='bbox 1357 4384 1391 4438; x_wconf 89' lang='lat' dir='ltr'><strong>ut</strong></span> <span class='ocrx_word' id='word_1_636' title='bbox 1405 4380 1462 4437; x_wconf 90' lang='lat' dir='ltr'><strong>olto</strong></span> <span class='ocrx_word' id='word_1_637' title='bbox 1486 4379 1628 4451; x_wconf 84' lang='lat' dir='ltr'><strong>incidant,</strong></span> <span class='ocrx_word' id='word_1_638' title='bbox 1639 4381 1695 4438; x_wconf 87' lang='lat' dir='ltr'><strong>cito</strong></span> <span class='ocrx_word' id='word_1_639' title='bbox 1720 4371 1878 4439; x_wconf 64' lang='lat' dir='ltr'><strong>enunciant</strong></span> <span class='ocrx_word' id='word_1_640' title='bbox 1892 4382 1936 4438; x_wconf 68' lang='lat'><strong>01.</strong></span> 
     </span>
     <span class='ocr_line' id='line_1_47' title="bbox 227 4465 1936 4544; baseline 0.001 -18"><span class='ocrx_word' id='word_1_641' title='bbox 227 4484 290 4526; x_wconf 88' lang='lat' dir='ltr'><strong>cere</strong></span> <span class='ocrx_word' id='word_1_642' title='bbox 313 4482 371 4525; x_wconf 89' lang='lat' dir='ltr'><strong>non</strong></span> <span class='ocrx_word' id='word_1_643' title='bbox 396 4470 489 4539; x_wconf 87' lang='lat' dir='ltr'><strong>potes,</strong></span> <span class='ocrx_word' id='word_1_644' title='bbox 506 4468 539 4521; x_wconf 91' lang='lat' dir='ltr'><strong>ut</strong></span> <span class='ocrx_word' id='word_1_645' title='bbox 557 4465 665 4523; x_wconf 87' lang='lat' dir='ltr'><strong>diversi</strong></span> <span class='ocrx_word' id='word_1_646' title='bbox 679 4466 795 4538; x_wconf 88' lang='lat' dir='ltr'><strong>generis</strong></span> <span class='ocrx_word' id='word_1_647' title='bbox 819 4468 988 4525; x_wconf 83' lang='lat' dir='ltr'><strong>commixtio</strong></span> <span class='ocrx_word' id='word_1_648' title='bbox 1013 4469 1054 4525; x_wconf 88' lang='lat' dir='ltr'><strong>le·</strong></span> <span class='ocrx_word' id='word_1_649' title='bbox 1108 4470 1287 4544; x_wconf 85' lang='lat' dir='ltr'><strong>hum,i&#39;ecilc</strong></span> <span class='ocrx_word' id='word_1_650' title='bbox 1300 4476 1331 4528; x_wconf 91' lang='lat' dir='ltr'><strong>et</strong></span> <span class='ocrx_word' id='word_1_651' title='bbox 1342 4470 1405 4528; x_wconf 86' lang='lat' dir='ltr'><strong>sine</strong></span> <span class='ocrx_word' id='word_1_652' title='bbox 1419 4468 1520 4543; x_wconf 82' lang='lat' dir='ltr'><strong>alique</strong></span> <span class='ocrx_word' id='word_1_653' title='bbox 1541 4479 1627 4527; x_wconf 85' lang='lat' dir='ltr'><strong>more</strong></span> <span class='ocrx_word' id='word_1_654' title='bbox 1641 4469 1670 4527; x_wconf 87' lang='lat' dir='ltr'><strong>et</strong></span> <span class='ocrx_word' id='word_1_655' title='bbox 1684 4469 1825 4528; x_wconf 85' lang='lat' dir='ltr'><strong>diletione</strong></span> <span class='ocrx_word' id='word_1_656' title='bbox 1836 4474 1936 4527; x_wconf 71' lang='lat' dir='ltr'><strong>hens-</strong></span> 
     </span>
     <span class='ocr_line' id='line_1_48' title="bbox 225 4553 1937 4633; baseline -0.001 -18"><span class='ocrx_word' id='word_1_657' title='bbox 225 4562 290 4617; x_wconf 83' lang='lat' dir='ltr'><strong>tum</strong></span> <span class='ocrx_word' id='word_1_658' title='bbox 303 4555 396 4630; x_wconf 87' lang='lat' dir='ltr'><strong>possit</strong></span> <span class='ocrx_word' id='word_1_659' title='bbox 409 4553 571 4623; x_wconf 81' lang='lat' dir='ltr'><strong>excludere,</strong></span> <span class='ocrx_word' id='word_1_660' title='bbox 582 4554 661 4612; x_wconf 88' lang='lat' dir='ltr'><strong>tollis</strong></span> <span class='ocrx_word' id='word_1_661' title='bbox 672 4554 784 4612; x_wconf 87' lang='lat' dir='ltr'><strong>homini</strong></span> <span class='ocrx_word' id='word_1_662' title='bbox 800 4556 878 4629; x_wconf 91' lang='lat' dir='ltr'><strong>quod</strong></span> <span class='ocrx_word' id='word_1_663' title='bbox 894 4560 1047 4628; x_wconf 89' lang='lat' dir='ltr'><strong>natusest,</strong></span> <span class='ocrx_word' id='word_1_664' title='bbox 1063 4561 1231 4631; x_wconf 69' lang='lat' dir='ltr'><strong>omittant.</strong></span> <span class='ocrx_word' id='word_1_665' title='bbox 1244 4560 1376 4633; x_wconf 84' lang='lat' dir='ltr'><strong>Denique</strong></span> <span class='ocrx_word' id='word_1_666' title='bbox 1390 4559 1449 4616; x_wconf 83' lang='lat' dir='ltr'><strong>noo</strong></span> <span class='ocrx_word' id='word_1_667' title='bbox 1464 4558 1636 4628; x_wconf 81' lang='lat' dir='ltr'><strong>ruminant3</strong></span> <span class='ocrx_word' id='word_1_668' title='bbox 1652 4555 1735 4616; x_wconf 76' lang='lat' dir='ltr'><strong>solue</strong></span> <span class='ocrx_word' id='word_1_669' title='bbox 1756 4557 1855 4617; x_wconf 60' lang='lat' dir='ltr'><strong>amun</strong></span> <span class='ocrx_word' id='word_1_670' title='bbox 1871 4571 1937 4615; x_wconf 87' lang='lat' dir='ltr'><strong>sca-</strong></span> 
     </span>
     <span class='ocr_line' id='line_1_49' title="bbox 225 4638 1938 4721; baseline -0.001 -15"><span class='ocrx_word' id='word_1_671' title='bbox 225 4652 256 4706; x_wconf 89' lang='lat' dir='ltr'><strong>et</strong></span> <span class='ocrx_word' id='word_1_672' title='bbox 269 4644 367 4703; x_wconf 88' lang='lat' dir='ltr'><strong>virum</strong></span> <span class='ocrx_word' id='word_1_673' title='bbox 379 4645 416 4702; x_wconf 88' lang='lat' dir='ltr'><strong>de</strong></span> <span class='ocrx_word' id='word_1_674' title='bbox 429 4642 490 4701; x_wconf 88' lang='lat' dir='ltr'><strong>viro</strong></span> <span class='ocrx_word' id='word_1_675' title='bbox 506 4644 598 4713; x_wconf 84' lang='lat' dir='ltr'><strong>exuis,</strong></span> <span class='ocrx_word' id='word_1_676' title='bbox 610 4644 801 4718; x_wconf 87' lang='lat' dir='ltr'><strong>abscissaque</strong></span> <span class='ocrx_word' id='word_1_677' title='bbox 815 4646 945 4719; x_wconf 88' lang='lat' dir='ltr'><strong>corporis</strong></span> <span class='ocrx_word' id='word_1_678' title='bbox 961 4650 1053 4720; x_wconf 86' lang='lat' dir='ltr'><strong>parte,</strong></span> <span class='ocrx_word' id='word_1_679' title='bbox 1109 4665 1160 4708; x_wconf 92' lang='lat' dir='ltr'><strong>rus</strong></span> <span class='ocrx_word' id='word_1_680' title='bbox 1175 4651 1206 4707; x_wconf 87' lang='lat' dir='ltr'><strong>in</strong></span> <span class='ocrx_word' id='word_1_681' title='bbox 1224 4648 1272 4708; x_wconf 88' lang='lat' dir='ltr'><strong>bis</strong></span> <span class='ocrx_word' id='word_1_682' title='bbox 1295 4648 1446 4706; x_wconf 86' lang='lat' dir='ltr'><strong>ruminare</strong></span> <span class='ocrx_word' id='word_1_683' title='bbox 1462 4646 1643 4721; x_wconf 86' lang='lat' dir='ltr'><strong>perhibetur,</strong></span> <span class='ocrx_word' id='word_1_684' title='bbox 1659 4650 1692 4703; x_wconf 87' lang='lat' dir='ltr'><strong>ut</strong></span> <span class='ocrx_word' id='word_1_685' title='bbox 1706 4645 1805 4704; x_wconf 76' lang='lat' dir='ltr'><strong>lerum</strong></span> <span class='ocrx_word' id='word_1_686' title='bbox 1827 4638 1938 4721; x_wconf 85' lang='lat' dir='ltr'><strong>quihus</strong></span> 
     </span>
     <span class='ocr_line' id='line_1_50' title="bbox 226 4729 1937 4810; baseline -0.011 1"><span class='ocrx_word' id='word_1_687' title='bbox 226 4750 329 4801; x_wconf 78' lang='lat' dir='ltr'><strong>sexum</strong></span> <span class='ocrx_word' id='word_1_688' title='bbox 344 4749 435 4808; x_wconf 58' lang='lat' dir='ltr'>1¹08OE</span> <span class='ocrx_word' id='word_1_689' title='bbox 446 4732 513 4806; x_wconf 73' lang='lat'><strong>(⁹¹),</strong></span> <span class='ocrx_word' id='word_1_690' title='bbox 526 4733 686 4805; x_wconf 67' lang='lat' dir='ltr'><strong>maionem</strong></span> <span class='ocrx_word' id='word_1_691' title='bbox 702 4733 809 4803; x_wconf 54' lang='lat' dir='ltr'><strong>arnoia</strong></span> <span class='ocrx_word' id='word_1_692' title='bbox 825 4737 858 4790; x_wconf 83' lang='lat' dir='ltr'><strong>ut</strong></span> <span class='ocrx_word' id='word_1_693' title='bbox 874 4735 953 4807; x_wconf 82' lang='lat' dir='ltr'><strong>quod</strong></span> <span class='ocrx_word' id='word_1_694' title='bbox 969 4750 1056 4810; x_wconf 75' lang='lat' dir='ltr'><strong>nega·</strong></span> <span class='ocrx_word' id='word_1_695' title='bbox 1108 4744 1160 4797; x_wconf 76' lang='lat' dir='ltr'><strong>aut</strong></span> <span class='ocrx_word' id='word_1_696' title='bbox 1173 4743 1307 4808; x_wconf 69' lang='lat' dir='ltr'><strong>amatus,</strong></span> <span class='ocrx_word' id='word_1_697' title='bbox 1322 4742 1373 4794; x_wconf 78' lang='lat' dir='ltr'><strong>aut</strong></span> <span class='ocrx_word' id='word_1_698' title='bbox 1386 4745 1460 4794; x_wconf 79' lang='lat' dir='ltr'><strong>esua</strong></span> <span class='ocrx_word' id='word_1_699' title='bbox 1476 4733 1541 4805; x_wconf 83' lang='lat' dir='ltr'><strong>tuit,</strong></span> <span class='ocrx_word' id='word_1_700' title='bbox 1557 4740 1608 4793; x_wconf 78' lang='lat' dir='ltr'><strong>aut</strong></span> <span class='ocrx_word' id='word_1_701' title='bbox 1622 4736 1756 4793; x_wconf 80' lang='lat' dir='ltr'><strong>etodium</strong></span> <span class='ocrx_word' id='word_1_702' title='bbox 1767 4729 1841 4794; x_wconf 77' lang='lat' dir='ltr'><strong>tetta</strong></span> <span class='ocrx_word' id='word_1_703' title='bbox 1854 4751 1937 4794; x_wconf 82' lang='lat' dir='ltr'><strong>com-</strong></span> 
     </span>
     <span class='ocr_line' id='line_1_51' title="bbox 224 4820 1299 4901; baseline 0 -18"><span class='ocrx_word' id='word_1_704' title='bbox 224 4826 267 4883; x_wconf 87' lang='lat' dir='ltr'><strong>vit</strong></span> <span class='ocrx_word' id='word_1_705' title='bbox 282 4826 388 4883; x_wconf 87' lang='lat' dir='ltr'><strong>natura</strong></span> <span class='ocrx_word' id='word_1_706' title='bbox 402 4824 433 4880; x_wconf 87' lang='lat' dir='ltr'><strong>ia</strong></span> <span class='ocrx_word' id='word_1_707' title='bbox 448 4820 631 4893; x_wconf 87' lang='lat' dir='ltr'><strong>homiuibus,</strong></span> <span class='ocrx_word' id='word_1_708' title='bbox 644 4822 779 4895; x_wconf 81' lang='lat' dir='ltr'><strong>impleret</strong></span> <span class='ocrx_word' id='word_1_709' title='bbox 794 4822 927 4880; x_wconf 87' lang='lat' dir='ltr'><strong>audacia.</strong></span> <span class='ocrx_word' id='word_1_710' title='bbox 1108 4826 1299 4901; x_wconf 81' lang='lat' dir='ltr'><strong>prehendere.</strong></span> 
     </span>
     <span class='ocr_line' id='line_1_52' title="bbox 552 4913 1936 4993; baseline -0.011 -6"><span class='ocrx_word' id='word_1_711' title='bbox 552 4928 668 4987; x_wconf 78' lang='lat' dir='ltr'>CAPUT</span> <span class='ocrx_word' id='word_1_712' title='bbox 685 4929 733 4986; x_wconf 87' lang='lat' dir='ltr'><strong>iv.</strong></span> <span class='ocrx_word' id='word_1_713' title='bbox 1144 4916 1188 4973; x_wconf 87' lang='grc'><strong>13.</strong></span> <span class='ocrx_word' id='word_1_714' title='bbox 1203 4916 1280 4975; x_wconf 87' lang='lat' dir='ltr'><strong>Sane</strong></span> <span class='ocrx_word' id='word_1_715' title='bbox 1294 4931 1348 4972; x_wconf 91' lang='lat' dir='ltr'><strong>nec</strong></span> <span class='ocrx_word' id='word_1_716' title='bbox 1362 4914 1419 4988; x_wconf 87' lang='lat' dir='ltr'><strong>ipsi</strong></span> <span class='ocrx_word' id='word_1_717' title='bbox 1443 4931 1461 4973; x_wconf 86' lang='lat' dir='ltr'><strong>a</strong></span> <span class='ocrx_word' id='word_1_718' title='bbox 1484 4913 1547 4972; x_wconf 87' lang='lat' dir='ltr'><strong>suis</strong></span> <span class='ocrx_word' id='word_1_719' title='bbox 1572 4913 1709 4993; x_wconf 82' lang='lat' dir='ltr'><strong>potentia</strong></span> <span class='ocrx_word' id='word_1_720' title='bbox 1732 4930 1851 4972; x_wconf 89' lang='lat' dir='ltr'><strong>evasere</strong></span> <span class='ocrx_word' id='word_1_721' title='bbox 1872 4914 1936 4972; x_wconf 83' lang='lat' dir='ltr'><strong>uio·</strong></span> 
     </span>
    </p>
   </div>
   <div class='ocr_carea' id='block_1_4' title="bbox 224 5000 1937 5219">
    <p class='ocr_par' dir='ltr' id='par_1_4' title="bbox 224 5000 1937 5219">
     <span class='ocr_line' id='line_1_53' title="bbox 224 5000 1937 5093; baseline -0.008 -19"><span class='ocrx_word' id='word_1_722' title='bbox 224 5021 347 5079; x_wconf 70' lang='lat' dir='ltr'><strong>Mutuom</strong></span> <span class='ocrx_word' id='word_1_723' title='bbox 361 5035 440 5093; x_wconf 76' lang='lat' dir='ltr'><strong>aqeae</strong></span> <span class='ocrx_word' id='word_1_724' title='bbox 455 5035 487 5075; x_wconf 72' lang='lat' dir='ltr'><strong>aa</strong></span> <span class='ocrx_word' id='word_1_725' title='bbox 499 5020 619 5090; x_wconf 73' lang='lat' dir='ltr'><strong>piscium</strong></span> <span class='ocrx_word' id='word_1_726' title='bbox 633 5018 859 5075; x_wconf 66' lang='lat' dir='ltr'><strong>necessitudinem</strong></span> <span class='ocrx_word' id='word_1_727' title='bbox 873 5018 976 5092; x_wconf 56' lang='lat' dir='ltr'><strong>docere,</strong></span> <span class='ocrx_word' id='word_1_728' title='bbox 1006 5037 1054 5077; x_wconf 58' lang='lat' dir='ltr'><strong>aa.</strong></span> <span class='ocrx_word' id='word_1_729' title='bbox 1107 5001 1247 5075; x_wconf 88' lang='lat' dir='ltr'><strong>lentiam,</strong></span> <span class='ocrx_word' id='word_1_730' title='bbox 1276 5008 1305 5063; x_wconf 89' lang='lat' dir='ltr'><strong>et</strong></span> <span class='ocrx_word' id='word_1_731' title='bbox 1332 5002 1460 5090; x_wconf 82' lang='lat' dir='ltr'><strong>avaritia</strong></span> <span class='ocrx_word' id='word_1_732' title='bbox 1486 5001 1636 5077; x_wconf 85' lang='lat' dir='ltr'><strong>potiorum</strong></span> <span class='ocrx_word' id='word_1_733' title='bbox 1669 5000 1796 5077; x_wconf 86' lang='lat' dir='ltr'><strong>subjecti</strong></span> <span class='ocrx_word' id='word_1_734' title='bbox 1824 5002 1937 5077; x_wconf 85' lang='lat' dir='ltr'><strong>ubique</strong></span> 
     </span>
     <span class='ocr_line' id='line_1_54' title="bbox 262 5036 1937 5219; baseline 0.001 -71"><span class='ocrx_word' id='word_1_735' title='bbox 262 5092 296 5149; x_wconf 79' lang='lat' dir='ltr'><strong>lis</strong></span> <span class='ocrx_word' id='word_1_736' title='bbox 305 5092 485 5166; x_wconf 81' lang='lat' dir='ltr'><strong>porcatomet</strong></span> <span class='ocrx_word' id='word_1_737' title='bbox 497 5089 618 5159; x_wconf 70' lang='lat' dir='ltr'><strong>filiorem</strong></span> <span class='ocrx_word' id='word_1_738' title='bbox 627 5090 795 5147; x_wconf 81' lang='lat' dir='ltr'><strong>necessitudo</strong></span> <span class='ocrx_word' id='word_1_739' title='bbox 805 5106 862 5147; x_wconf 81' lang='lat' dir='ltr'><strong>esse</strong></span> <span class='ocrx_word' id='word_1_740' title='bbox 871 5088 973 5149; x_wconf 66' lang='lat' dir='ltr'><strong>deden</strong></span> <span class='ocrx_word' id='word_1_741' title='bbox 981 5036 1054 5219; x_wconf 51' lang='lat' dir='ltr'><strong>§teo-</strong></span> <span class='ocrx_word' id='word_1_742' title='bbox 1107 5094 1259 5153; x_wconf 87' lang='lat' dir='ltr'><strong>inicriores</strong></span> <span class='ocrx_word' id='word_1_743' title='bbox 1274 5097 1354 5151; x_wconf 86' lang='lat' dir='ltr'><strong>auct.</strong></span> <span class='ocrx_word' id='word_1_744' title='bbox 1365 5094 1428 5158; x_wconf 78' lang='lat' dir='ltr'><strong>Ouo</strong></span> <span class='ocrx_word' id='word_1_745' title='bbox 1451 5092 1579 5166; x_wconf 88' lang='lat' dir='ltr'><strong>quisque</strong></span> <span class='ocrx_word' id='word_1_746' title='bbox 1602 5092 1759 5161; x_wconf 89' lang='lat' dir='ltr'><strong>iallrmior,</strong></span> <span class='ocrx_word' id='word_1_747' title='bbox 1771 5108 1805 5150; x_wconf 91' lang='lat' dir='ltr'><strong>eo</strong></span> <span class='ocrx_word' id='word_1_748' title='bbox 1829 5093 1937 5166; x_wconf 78' lang='lat' dir='ltr'><strong>prades</strong></span> 
     </span>
    </p>
   </div>
   <div class='ocr_carea' id='block_1_5' title="bbox 226 5160 1937 5433">
    <p class='ocr_par' dir='ltr' id='par_1_5' title="bbox 226 5160 1937 5433">
     <span class='ocr_line' id='line_1_55' title="bbox 260 5160 1937 5257; baseline 0.001 -21"><span class='ocrx_word' id='word_1_749' title='bbox 260 5162 339 5221; x_wconf 66' lang='grc'><strong>’9090</strong></span> <span class='ocrx_word' id='word_1_750' title='bbox 354 5163 545 5236; x_wconf 56' lang='lat' dir='ltr'><strong>millium</strong></span> <span class='ocrx_word' id='word_1_751' title='bbox 558 5176 639 5217; x_wconf 64' lang='lat' dir='ltr'><strong>“illm</strong></span> <span class='ocrx_word' id='word_1_752' title='bbox 653 5177 726 5233; x_wconf 65' lang='lat' dir='ltr'><strong>“lla</strong></span> <span class='ocrx_word' id='word_1_753' title='bbox 736 5160 861 5235; x_wconf 58' lang='lat' dir='ltr'><strong>”tillem</strong></span> <span class='ocrx_word' id='word_1_754' title='bbox 876 5164 906 5217; x_wconf 54' lang='lat' dir='ltr'><strong>²⁵st</strong></span> <span class='ocrx_word' id='word_1_755' title='bbox 919 5165 980 5235; x_wconf 64' lang='lat' dir='ltr'><strong>illiss</strong></span> <span class='ocrx_word' id='word_1_756' title='bbox 987 5164 991 5175; x_wconf 73' lang='grc'><strong>’</strong></span> <span class='ocrx_word' id='word_1_757' title='bbox 1009 5180 1052 5220; x_wconf 69' lang='lat'><strong>²¹⁵·</strong></span> <span class='ocrx_word' id='word_1_758' title='bbox 1107 5182 1202 5257; x_wconf 82' lang='lat' dir='ltr'><strong>magis</strong></span> <span class='ocrx_word' id='word_1_759' title='bbox 1220 5181 1310 5255; x_wconf 75' lang='lat' dir='ltr'><strong>patet.</strong></span> <span class='ocrx_word' id='word_1_760' title='bbox 1323 5181 1358 5238; x_wconf 79' lang='lat' dir='ltr'><strong>bt</strong></span> <span class='ocrx_word' id='word_1_761' title='bbox 1371 5180 1504 5255; x_wconf 83' lang='lat' dir='ltr'><strong>plerique</strong></span> <span class='ocrx_word' id='word_1_762' title='bbox 1517 5172 1637 5255; x_wconf 79' lang='lat' dir='ltr'><strong>quidem</strong></span> <span class='ocrx_word' id='word_1_763' title='bbox 1658 5181 1758 5239; x_wconf 84' lang='lat' dir='ltr'><strong>herbis</strong></span> <span class='ocrx_word' id='word_1_764' title='bbox 1772 5169 1937 5257; x_wconf 80' lang='lat' dir='ltr'><strong>pascuntur</strong></span> 
     </span>
     <span class='ocr_line' id='line_1_56' title="bbox 265 5265 1935 5345; baseline 0.001 -20"><span class='ocrx_word' id='word_1_765' title='bbox 265 5269 306 5325; x_wconf 83' lang='lat'><strong>10.</strong></span> <span class='ocrx_word' id='word_1_766' title='bbox 319 5270 411 5337; x_wconf 82' lang='lat' dir='ltr'><strong>Quam</strong></span> <span class='ocrx_word' id='word_1_767' title='bbox 428 5269 613 5325; x_wconf 85' lang='lat' dir='ltr'><strong>bonaeutem</strong></span> <span class='ocrx_word' id='word_1_768' title='bbox 626 5270 720 5323; x_wconf 89' lang='lat' dir='ltr'><strong>meter</strong></span> <span class='ocrx_word' id='word_1_769' title='bbox 734 5268 772 5323; x_wconf 88' lang='lat' dir='ltr'><strong>eit</strong></span> <span class='ocrx_word' id='word_1_770' title='bbox 787 5283 873 5340; x_wconf 88' lang='lat' dir='ltr'><strong>aque,</strong></span> <span class='ocrx_word' id='word_1_771' title='bbox 884 5267 972 5325; x_wconf 87' lang='lat' dir='ltr'><strong>etiam</strong></span> <span class='ocrx_word' id='word_1_772' title='bbox 983 5267 1054 5326; x_wconf 87' lang='lat' dir='ltr'><strong>hine</strong></span> <span class='ocrx_word' id='word_1_773' title='bbox 1107 5286 1141 5330; x_wconf 88' lang='lat' dir='ltr'><strong>ac</strong></span> <span class='ocrx_word' id='word_1_774' title='bbox 1154 5270 1281 5328; x_wconf 87' lang='lat' dir='ltr'><strong>minutis</strong></span> <span class='ocrx_word' id='word_1_775' title='bbox 1303 5265 1462 5327; x_wconf 74' lang='lat' dir='ltr'><strong>vermibus.</strong></span> <span class='ocrx_word' id='word_1_776' title='bbox 1476 5270 1552 5327; x_wconf 81' lang='lat' dir='ltr'><strong>Sudt</strong></span> <span class='ocrx_word' id='word_1_777' title='bbox 1571 5274 1670 5327; x_wconf 75' lang='lat' dir='ltr'><strong>tamor</strong></span> <span class='ocrx_word' id='word_1_778' title='bbox 1687 5270 1737 5345; x_wconf 83' lang='lat' dir='ltr'><strong>qui</strong></span> <span class='ocrx_word' id='word_1_779' title='bbox 1760 5269 1886 5328; x_wconf 70' lang='lat' dir='ltr'><strong>lancem</strong></span> <span class='ocrx_word' id='word_1_780' title='bbox 1901 5282 1935 5327; x_wconf 84' lang='lat' dir='ltr'><strong>ee</strong></span> 
     </span>
     <span class='ocr_line' id='line_1_57' title="bbox 226 5350 1936 5433; baseline 0.001 -20"><span class='ocrx_word' id='word_1_781' title='bbox 226 5356 390 5413; x_wconf 85' lang='lat' dir='ltr'><strong>considera.</strong></span> <span class='ocrx_word' id='word_1_782' title='bbox 402 5358 457 5425; x_wconf 78' lang='lat' dir='ltr'><strong>To,</strong></span> <span class='ocrx_word' id='word_1_783' title='bbox 474 5358 605 5425; x_wconf 91' lang='lat' dir='ltr'><strong>ohemo,</strong></span> <span class='ocrx_word' id='word_1_784' title='bbox 625 5356 751 5414; x_wconf 88' lang='lat' dir='ltr'><strong>docuisti</strong></span> <span class='ocrx_word' id='word_1_785' title='bbox 776 5356 976 5415; x_wconf 86' lang='lat' dir='ltr'><strong>abdicationes</strong></span> <span class='ocrx_word' id='word_1_786' title='bbox 1000 5374 1052 5431; x_wconf 87' lang='lat' dir='ltr'><strong>pe·</strong></span> <span class='ocrx_word' id='word_1_787' title='bbox 1106 5361 1255 5428; x_wconf 85' lang='lat' dir='ltr'><strong>devorent,</strong></span> <span class='ocrx_word' id='word_1_788' title='bbox 1268 5361 1297 5417; x_wconf 87' lang='lat' dir='ltr'><strong>et</strong></span> <span class='ocrx_word' id='word_1_789' title='bbox 1311 5374 1366 5417; x_wconf 82' lang='lat' dir='ltr'><strong>sua</strong></span> <span class='ocrx_word' id='word_1_790' title='bbox 1380 5374 1467 5417; x_wconf 88' lang='lat' dir='ltr'><strong>cerne</strong></span> <span class='ocrx_word' id='word_1_791' title='bbox 1482 5362 1651 5433; x_wconf 80' lang='lat' dir='ltr'><strong>pascantur.</strong></span> <span class='ocrx_word' id='word_1_792' title='bbox 1662 5355 1758 5417; x_wconf 83' lang='lat' dir='ltr'><strong>Minor</strong></span> <span class='ocrx_word' id='word_1_793' title='bbox 1771 5358 1849 5433; x_wconf 88' lang='lat' dir='ltr'><strong>apud</strong></span> <span class='ocrx_word' id='word_1_794' title='bbox 1865 5350 1936 5415; x_wconf 77' lang='lat' dir='ltr'><strong>illos</strong></span> 
     </span>
    </p>
   </div>
   <div class='ocr_carea' id='block_1_6' title="bbox 223 5480 1933 5758">
    <p class='ocr_par' dir='ltr' id='par_1_6' title="bbox 223 5480 1933 5758">
     <span class='ocr_line' id='line_1_58' title="bbox 273 5480 1908 5630; baseline 0.003 -93"><span class='ocrx_word' id='word_1_795' title='bbox 273 5480 365 5609; x_wconf 47' lang='lat'><strong>888&amp;</strong></span> <span class='ocrx_word' id='word_1_796' title='bbox 381 5480 930 5567; x_wconf 64' lang='lat' dir='ltr'><strong>ltlss.sonnatii,evtepa&#39;ritocalciare.¹</strong></span> <span class='ocrx_word' id='word_1_797' title='bbox 1151 5484 1199 5630; x_wconf 58' lang='lat'><strong>913</strong></span> <span class='ocrx_word' id='word_1_798' title='bbox 1213 5484 1350 5568; x_wconf 79' lang='lat' dir='ltr'><strong>Quinque</strong></span> <span class='ocrx_word' id='word_1_799' title='bbox 1364 5497 1450 5555; x_wconf 81' lang='lat' dir='ltr'><strong>mse,</strong></span> <span class='ocrx_word' id='word_1_800' title='bbox 1464 5489 1561 5543; x_wconf 73' lang='lat' dir='ltr'><strong>emm</strong></span> <span class='ocrx_word' id='word_1_801' title='bbox 1574 5499 1666 5541; x_wconf 76' lang='lat' dir='ltr'><strong>aecae</strong></span> <span class='ocrx_word' id='word_1_802' title='bbox 1744 5560 1747 5565; x_wconf 21' lang='grc' dir='ltr'>Ι</span> <span class='ocrx_word' id='word_1_803' title='bbox 1834 5534 1859 5552; x_wconf 56' lang='grc'><strong>,,</strong></span> <span class='ocrx_word' id='word_1_804' title='bbox 1901 5554 1908 5567; x_wconf 87' lang='lat'><strong>.</strong></span> 
     </span>
     <span class='ocr_line' id='line_1_59' title="bbox 272 5551 1932 5687; baseline 0.001 -79"><span class='ocrx_word' id='word_1_805' title='bbox 272 5552 319 5634; x_wconf 78' lang='grc'><strong>90)</strong></span> <span class='ocrx_word' id='word_1_806' title='bbox 364 5568 403 5609; x_wconf 89' lang='lat' dir='ltr'><strong>ss.</strong></span> <span class='ocrx_word' id='word_1_807' title='bbox 422 5554 697 5637; x_wconf 76' lang='lat' dir='ltr'><strong>nonnullrantrqueo</strong></span> <span class='ocrx_word' id='word_1_808' title='bbox 712 5554 1052 5658; x_wconf 70' lang='lat' dir='ltr'><strong>maauacttempcnerts</strong></span> <span class='ocrx_word' id='word_1_809' title='bbox 1151 5556 1187 5613; x_wconf 81' lang='grc'><strong>99</strong></span> <span class='ocrx_word' id='word_1_810' title='bbox 1217 5556 1378 5635; x_wconf 69' lang='lat' dir='ltr'><strong>Bracchia,</strong></span> <span class='ocrx_word' id='word_1_811' title='bbox 1408 5555 1505 5615; x_wconf 80' lang='lat' dir='ltr'><strong>(ireos</strong></span> <span class='ocrx_word' id='word_1_812' title='bbox 1529 5560 1775 5687; x_wconf 48' lang='lat' dir='ltr'><strong>§ponanpartee</strong></span> <span class='ocrx_word' id='word_1_813' title='bbox 1801 5551 1873 5617; x_wconf 74' lang='lat' dir='ltr'><strong>eunt</strong></span> <span class='ocrx_word' id='word_1_814' title='bbox 1899 5570 1932 5612; x_wconf 86' lang='lat' dir='ltr'><strong>rn</strong></span> 
     </span>
     <span class='ocr_line' id='line_1_60' title="bbox 223 5621 1933 5758; baseline 0.001 -77"><span class='ocrx_word' id='word_1_815' title='bbox 223 5638 360 5681; x_wconf 77' lang='lat' dir='ltr'><strong>somam...</strong></span> <span class='ocrx_word' id='word_1_816' title='bbox 387 5641 442 5699; x_wconf 74' lang='lat' dir='ltr'><strong>qao</strong></span> <span class='ocrx_word' id='word_1_817' title='bbox 465 5628 583 5683; x_wconf 76' lang='lat' dir='ltr'><strong>coeunte</strong></span> <span class='ocrx_word' id='word_1_818' title='bbox 603 5640 778 5683; x_wconf 71' lang='lat' dir='ltr'><strong>mucorem...</strong></span> <span class='ocrx_word' id='word_1_819' title='bbox 803 5637 911 5697; x_wconf 75' lang='lat' dir='ltr'><strong>genoe,</strong></span> <span class='ocrx_word' id='word_1_820' title='bbox 935 5640 1052 5699; x_wconf 72' lang='lat' dir='ltr'><strong>moeno,</strong></span> <span class='ocrx_word' id='word_1_821' title='bbox 1104 5628 1236 5758; x_wconf 60' lang='lat' dir='ltr'><strong>piscihus</strong></span> <span class='ocrx_word' id='word_1_822' title='bbox 1259 5643 1294 5687; x_wconf 75' lang='lat' dir='ltr'><strong>ex</strong></span> <span class='ocrx_word' id='word_1_823' title='bbox 1315 5632 1441 5700; x_wconf 79' lang='lat' dir='ltr'><strong>atraque</strong></span> <span class='ocrx_word' id='word_1_824' title='bbox 1464 5627 1546 5702; x_wconf 88' lang='lat' dir='ltr'><strong>parte</strong></span> <span class='ocrx_word' id='word_1_825' title='bbox 1567 5624 1670 5723; x_wconf 15' lang='lat' dir='ltr'><strong>*capilii</strong></span> <span class='ocrx_word' id='word_1_826' title='bbox 1710 5621 1825 5687; x_wconf 74' lang='lat' dir='ltr'><strong>labieni</strong></span> <span class='ocrx_word' id='word_1_827' title='bbox 1849 5624 1933 5683; x_wconf 79' lang='lat' dir='ltr'><strong>alote</strong></span> 
     </span>
    </p>
   </div>
   <div class='ocr_carea' id='block_1_7' title="bbox 224 5698 1232 5758">
    <p class='ocr_par' dir='ltr' id='par_1_7' title="bbox 224 5698 1232 5758">
     <span class='ocr_line' id='line_1_61' title="bbox 224 5698 1232 5758; baseline 0.001 -3"><span class='ocrx_word' id='word_1_828' title='bbox 224 5698 278 5755; x_wconf 80' lang='lat' dir='ltr'><strong>ee.</strong></span> <span class='ocrx_word' id='word_1_829' title='bbox 1127 5703 1232 5758; x_wconf 66' lang='lat' dir='ltr'><strong>ream.</strong></span> 
     </span>
    </p>
   </div>
   <div class='ocr_carea' id='block_1_8' title="bbox 0 0 2084 6184">
    <p class='ocr_par' dir='ltr' id='par_1_8' title="bbox 0 0 2084 6184">
     <span class='ocr_line' id='line_1_62' title="bbox 0 0 2084 6184; baseline 0 4"><span class='ocrx_word' id='word_1_830' title='bbox 0 0 2084 6184; x_wconf 95' lang='lat' dir='ltr'><strong> </strong></span> 
     </span>
    </p>
   </div>
  </div>
 </body>
</html>
