4159 6184
134 343 194 405 aaa
778 337 1060 399 Huxnamatuuv
1084 342 1156 402 tta.
1174 344 1213 404 ii.
1800 337 1859 397 {82

171 474 220 531 tD.
237 472 299 529 Nos
313 475 414 529 autem
430 472 644 545 Scripturarum
660 467 765 525 seriem
781 472 869 541 atque
885 468 972 541 ordi·
986 469 1014 538 Α
1029 471 1086 541 titt)
1102 474 1275 548 (Phiiippnv.
1294 475 1360 546 13)t
1375 475 1481 533 Dicant
1503 475 1589 537 carta,
1606 467 1858 542 quemadmodum

131 580 205 622 nem
220 560 388 635 sequimur,
398 566 426 619 et
439 579 512 635 opus
527 558 769 633 contemplatione
783 557 971 615 estimamus
1026 575 1075 617 aer
1090 568 1211 635 cogatur
1223 566 1253 620 in
1268 565 1387 631 nubem,
1400 570 1502 620 utrum
1518 559 1619 635 pluvia
1629 556 1760 615 nubibus
1774 572 1861 631 gene-

134 650 281 723 auctoris,
297 651 413 724 etquid
429 651 538 707 dictum
554 646 819 721 sitquarimus,et
838 646 907 719 quis
924 647 970 703 di·
1025 654 1115 719 retur,
1136 670 1174 709 an
1197 653 1266 710 sinu
1291 653 1416 709 nubiurn
1441 652 1611 724 colligatur.
1630 647 1771 703 Videmus
1796 644 1860 719 pie·

132 744 222 809 serit,
238 746 269 799 et
283 740 332 797 cui
346 740 452 797 dixerit
467 756 474 796 :
490 742 559 808 Fiat,
582 737 687 811 inquit,
709 737 915 809 firmamentum
940 738 971 793 iu
1024 756 1149 812 rumque
1170 743 1248 798 exire
1271 742 1365 798 nubes
1389 743 1424 797 de
1447 738 1613 797 montibus.
1629 738 1731 802 Duero
1756 739 1857 792 utrum

131 833 227 890 medic
242 848 332 904 aqum
349 838 375 887 et
389 832 427 887 ait
440 830 593 887 discemeus
607 830 678 885 inter
689 843 784 899 aquus.
801 825 897 883 Audio
919 827 968 883 tir·
1023 829 1060 885 de
1080 830 1167 886 terris
1181 831 1322 887 ascendat
1345 848 1432 902 aqna,
1448 848 1488 886 an
1515 844 1551 884 ea
1576 844 1640 899 que
1665 843 1755 899 super
1771 823 1861 882 eoeloa

135 926 325 979 mamertum
352 918 417 975 tisri
438 935 489 992 per
513 920 688 991 preceptum
712 932 770 989 quo
791 914 970 973 divideretur
1023 921 1079 986 est,
1104 917 1185 993 largo
1210 920 1306 976 imbre
1329 920 1500 975 descendat.
1529 916 1561 973 Si
1587 916 1731 982 aseendit,
1756 914 1859 987 utique

133 1028 228 1085 aqua,
243 1013 273 1065 et
286 1008 322 1064 ab
338 1007 477 1065 interiore
502 1007 632 1081 superior
652 1005 878 1063 dlecernereiur.
895 1005 968 1072 Quid
1024 1011 1125 1063 contra
1140 1013 1278 1063 naturam
1292 1012 1347 1072 aet,
1365 1013 1396 1063 ut
1410 1006 1557 1063 ascendat
1570 1006 1602 1059 iu
1622 1005 1775 1077 superiora
1798 1020 1863 1077 quaa

134 1100 196 1157 hoc
210 1096 420 1155 manifestius?
435 1095 489 1161 Qui
499 1096 589 1169 jussit
603 1094 730 1152 discerni
747 1110 856 1167 aquam
875 1094 969 1151 inter·
1024 1097 1142 1170 gravior
1165 1102 1220 1165 est,
1237 1102 1266 1153 et
1289 1102 1421 1169 portetur
1444 1111 1528 1161 aare,
1548 1110 1617 1149 cum
1645 1110 1694 1149 aer
1723 1092 1861 1150 subtilior

129 1191 211 1261 jecta
222 1186 363 1244 etmedio
380 1183 701 1258 firmamento,providit
716 1184 968 1258 quemadmodum
1023 1184 1072 1242 sit.
1089 1185 1189 1258 Autai
1204 1184 1313 1242 conciti
1328 1186 1407 1241 orbis
1424 1184 1520 1241 totius
1536 1187 1616 1239 motu
1638 1182 1751 1256 rapitur
1773 1200 1863 1255 aqua,

132 1277 233 1335 divisa
259 1280 352 1349 atque
380 1274 507 1333 discreta
531 1290 647 1331 manere
671 1274 776 1347 possit.
791 1274 893 1331 Sermo
916 1273 968 1330 Dei
1023 1274 1102 1330 sicut
1122 1274 1182 1331 imo
1209 1275 1280 1330 orbe
1302 1274 1425 1346 rapitur,
1442 1275 1487 1329 ita
1503 1287 1623 1328 summo
1638 1272 1707 1328 orbe
1722 1271 1865 1328 diffundi-

131 1367 231 1423 virtus
247 1368 363 1421 naturas
383 1367 437 1431 est,
453 1367 481 1420 et
504 1362 703 1421 diuturnitatis
730 1362 896 1421 substantia
911 1362 968 1435 (45)
1023 1367 1081 1419 tur.
1096 1368 1126 1419 Si
1151 1363 1246 1431 fundi,
1265 1365 1297 1417 ut
1320 1362 1433 1431 volunt,
1447 1378 1512 1417 non
1539 1360 1658 1428 desinit,
1679 1360 1783 1433 utique
1807 1377 1866 1417 non

133 1455 337 1529 quoadusque
361 1452 432 1509 velit
456 1468 519 1509 eam
543 1468 661 1509 manera
684 1452 736 1525 qui
758 1450 872 1519 statuit,
892 1451 969 1508 sicut
1023 1451 1132 1509 desiuit
1147 1453 1209 1524 rapi
1227 1469 1234 1507 z
1251 1452 1321 1524 quia
1336 1450 1360 1507 si
1376 1451 1438 1507 axis
1454 1448 1527 1506 coeli
1543 1466 1660 1522 semper
1674 1453 1819 1520 movetur,
1836 1456 1866 1509 et

132 1544 285 1617 scriptum
301 1544 348 1599 est
365 1558 372 1597 :
389 1540 489 1598 Statuit
510 1557 543 1597 co
562 1543 592 1597 ia
616 1543 752 1601 raecutum
771 1541 878 1609 saecuti,
900 1558 969 1614 pra·
1024 1558 1102 1613 aqua
1127 1557 1244 1613 semper
1268 1538 1404 1597 hauritur
1428 1539 1500 1613 (50).
1519 1537 1553 1594 si
1576 1538 1730 1595 descendit
1744 1557 1752 1596 ι
1768 1546 1869 1598 manet

131 1636 244 1706 ceptum
264 1632 363 1703 posuit
386 1634 413 1687 et
434 1645 488 1686 nou
508 1632 663 1703 preteribit
678 1631 763 1704 (Psoi.
789 1647 905 1699 oxnvnr,
927 1631 965 1702 6).
1022 1646 1091 1703 ergo
1103 1628 1217 1702 jugiter
1232 1646 1323 1701 supra
1337 1627 1424 1684 coelos
1440 1644 1512 1701 quas
1529 1625 1619 1683 babai
1642 1628 1721 1685 uude
1744 1629 1867 1687 deseen-

131 1722 166 1779 Ε(
182 1725 217 1778 ut
231 1720 315 1777 scias
341 1719 412 1791 quia
432 1718 468 1774 de
488 1718 555 1776 istis
574 1720 660 1793 aquis
675 1720 730 1778 hoo
744 1720 826 1789 dixit,
844 1736 919 1792 quas
934 1723 968 1775 tu
1023 1718 1083 1777 dat.
1100 1718 1213 1774 Deinde
1228 1717 1300 1789 quid
1316 1717 1413 1773 obstat
1434 1717 1460 1773 si
1484 1715 1685 1773 confiteantur
1705 1716 1775 1791 quia
1789 1735 1869 1791 aqua

132 1824 226 1883 neges
241 1824 335 1882 posse
350 1806 381 1863 iu
396 1807 592 1879 superioribus
607 1807 672 1865 ooeti
692 1824 767 1876 esse,
782 1808 853 1865 andi
876 1823 967 1881 supa·
1022 1824 1114 1880 supra
1129 1805 1219 1863 coelos
1234 1821 1379 1877 suspensa
1394 1804 1456 1862 sit?
1475 1805 1558 1860 Nam
1574 1821 1632 1878 quo
1656 1805 1746 1862 verbo
1768 1806 1869 1866 dicunt

131 1898 213 1955 riora
234 1896 386 1955 :Laudato
405 1912 476 1966 eum,
500 1898 561 1954 coeti
581 1898 723 1967 crebrum,
745 1901 771 1954 et
793 1913 882 1969 uque,
907 1912 969 1971 quaa
1025 1901 1137 1955 terram
1162 1894 1193 1950 in
1219 1894 1315 1952 medio
1339 1910 1403 1950 esse
1427 1910 1624 1966 suspensam,
1641 1899 1671 1951 et
1683 1895 1866 1955 immobilem
1958 1899 1961 1904 “

131 2003 217 2061 super
238 1987 324 2043 coetm
348 1990 421 2052 sunt,
443 1985 553 2043 truderat
578 2002 678 2045 nomeu
700 1988 812 2043 Domini
834 1986 914 2060 (tiit.
939 1988 966 2054 d,
1028 2000 1160 2051 manere,
1176 2000 1244 2040 oum
1269 1983 1372 2055 utique
1395 1983 1517 2055 gravior
1544 1984 1584 2039 sit
1606 2000 1696 2057 quam
1722 2002 1815 2059 aqua3
1835 2004 1870 2044 ea

132 2080 173 2149 5).
193 2076 302 2133 Nonne
327 2074 414 2148 quasi
439 2075 603 2133 adversanti
628 2075 680 2133 tibi
706 2075 778 2133 dixit
803 2093 810 2133 :
837 2076 971 2146 Quovciom
1027 2076 1140 2131 ratione
1157 2075 1282 2146 possunt
1297 2072 1393 2128 dicere
1409 2089 1469 2127 non
1485 2072 1667 2145 praecipitari
1690 2091 1800 2147 aquam
1823 2093 1870 2133 or·

136 2168 198 2239 ipre
219 2165 307 2235 dixit,
334 2172 361 2219 et
384 2165 458 2235 torto
477 2172 548 2235 suut,
573 2166 631 2238 ipae
652 2164 805 2234 maducat,
831 2168 857 2221 et
881 2174 973 2222 creato
1027 2165 1075 2221 bis
1099 2163 1183 2219 iliius
1207 2159 1335 2219 coetestie
1359 2162 1559 2218 conversione
1581 2179 1645 2235 qua
1669 2181 1759 2238 super
1782 2165 1870 2223 coeioa
1981 2151 1988 2171 ⁸

139 2258 227 2311 aaut:
243 2254 387 2311 statuitis
401 2253 575 2310 insecutum
595 2254 710 2316 reniti:
731 2262 901 2327 preceptum
922 2270 972 2327 po·
1027 2257 1082 2310 est.
1099 2252 1183 2310 Sicut
1199 2249 1276 2307 enim
1292 2254 1372 2306 terra
1396 2250 1478 2305 inani
1505 2253 1711 2326 suspenditur,
1726 2254 1772 2311 vet
1794 2272 1869 2328 pun-

142 2346 214 2414 suit,
230 2350 255 2399 et
269 2358 325 2400 uou
340 2342 494 2414 praeteribit
516 2340 594 2413 (ibid.
620 2346 647 2413 5,
669 2343 708 2415 6).
732 2348 836 2401 Annon
858 2344 974 2401 videtur
1030 2343 1100 2399 dere
1114 2340 1223 2397 librato
1238 2339 1369 2411 undique
1385 2338 1557 2397 immobilis
1572 2347 1752 2414 perseverat;
1779 2345 1820 2402 ita
1842 2350 1871 2401 et

144 2431 204 2487 tibi
229 2433 329 2487 auctor
351 2428 483 2498 idoneus,
501 2429 550 2502 qui
574 2430 669 2503 legem
695 2447 749 2487 suo
774 2431 854 2505 operi
870 2432 974 2489 daret?
1029 2448 1106 2504 aqua
1121 2433 1175 2487 aut
1187 2427 1372 2502 gravioribus
1388 2430 1440 2483 aut
1455 2430 1554 2500 equis
1571 2448 1639 2488 eum
1654 2437 1733 2489 terra
1759 2433 1869 2507 ponde-

143 2519 228 2577 Deus
242 2522 286 2575 est
300 2518 349 2591 qui
364 2516 445 2585 dicit,
463 2518 636 2576 venerabilis
654 2522 769 2589 natura,
784 2519 974 2578 inestimebi·
1029 2521 1111 2578 ribus
1127 2517 1323 2576 examinatur.
1341 2517 1469 2588 Ideoque
1490 2534 1553 2574 non
1577 2521 1659 2577 tacite
1678 2523 1868 2595 'superfundi-

141 2607 181 2664 tis
196 2605 414 2680 magnitudine,
430 2605 592 2665 immensus
613 2608 645 2665 in
671 2609 975 2679 remunerationibus,
1029 2614 1078 2666 tur
1092 2625 1175 2665 mare
1189 2606 1287 2671 terris,
1303 2604 1360 2661 nisi
1376 2621 1444 2661 cum
1455 2606 1586 2676 Jubetur
1599 2610 1686 2667 exire.

142 2694 455 2769 incomprehensibilia
471 2696 517 2753 27
534 2696 564 2753 in
585 2697 734 2771 operibus,
762 2698 848 2770 eujus
873 2698 973 2756 altitu·
1066 2702 1112 2755 12.
1138 2694 1250 2753 Deinde
1275 2710 1344 2750 oum
1370 2692 1427 2765 ipsi
1453 2693 1558 2754 dicant
1579 2699 1656 2755 volvi
1677 2701 1778 2758 orbem
1803 2701 1868 2759 ooeli

142 2786 244 2842 dinem
260 2784 412 2857 sapientie
428 2784 494 2856 quia
507 2785 681 2860 investigare
695 2786 811 2843 tacitis?
827 2788 884 2845 Iste
905 2787 976 2844 dicit
1030 2787 1125 2845 stellis
1138 2783 1313 2843 ardentibus
1328 2781 1538 2854 refulgentem,
1565 2804 1662 2845 nonne
1682 2789 1783 2849 divina
1796 2792 1894 2864 Pro-,

142 2874 229 2941 Fib'o,
242 2873 273 2931 id
300 2876 355 2943 est,
370 2873 443 2931 dicit
465 2873 582 2932 brachio
606 2892 673 2943 suo,
690 2874 761 2933 dicit
775 2875 876 2934 virtuti
901 2894 974 2945 sue,
1029 2876 1162 2933 videntia
1186 2871 1353 2930 necessario
1366 2873 1520 2944 prospexit
1536 2880 1579 2945 ut,
1594 2878 1671 2935 intra
1685 2881 1786 2937 orbem
1802 2880 1867 2939 coeti

143 2964 217 3021 dicit
232 2962 384 3035 sapientie
397 2978 468 3031 sue,
484 2962 553 3019 dieii
569 2964 693 3035 justitias
709 2980 783 3021 suae.
799 2964 833 3021 Et
848 2964 917 3021 iacit
930 2965 976 3021 Fi·
1030 2970 1060 3023 et
1075 2982 1166 3038 supra
1182 2961 1294 3028 orbem,
1305 2959 1484 3018 redundaret
1500 2980 1658 3040 aquaque
1669 2968 1720 3025 iiia
1731 2972 1868 3030 ferventis

142 3050 204 3109 lius
230 3050 317 3125 quasi
346 3054 462 3123 potens,
488 3050 557 3107 tacit
585 3053 670 3125 quasi
698 3053 793 3110 virtus
820 3054 882 3123 Dei,
909 3054 978 3111 iacit
1031 3054 1094 3111 anis
1108 3050 1248 3110 incendia
1261 3047 1456 3123 temperaret?
1471 3049 1632 3127 Propterea
1646 3060 1716 3131 quia
1739 3064 1869 3121 exundat

145 3139 234 3214 quasi
264 3138 411 3211 sapientia
439 3138 500 3208 Dei,
530 3141 599 3198 tacit
623 3142 708 3215 quasi
734 3142 851 3214 justitia
866 3143 974 3200 divina.
1031 3142 1265 3217 iguisetiervet,
1281 3139 1370 3195 etiam
1394 3154 1472 3209 aqua
1494 3147 1655 3204 exundavit
1671 3150 1813 3221 interris,
1831 3171 1868 3211 ne

147 3228 222 3287 Cum
238 3226 301 3283 hec
315 3226 413 3294 audis,
429 3226 499 3300 quid
515 3229 641 3297 miraris,
663 3230 689 3287 ei
704 3246 795 3303 supra
808 3224 1016 3291 ssrmamen·C
1036 3249 1087 3290 eas
1100 3228 1250 3305 surgentis
1274 3228 1344 3285 solis
1367 3233 1397 3284 et
1421 3228 1575 3291 stellarum
1591 3236 1764 3297 micantium
1780 3244 1868 3300 ardor

147 3320 214 3373 tum
229 3316 297 3373 caeli
310 3316 406 3389 potuit
421 3319 509 3373 tante
525 3318 689 3391 maiestatis
713 3320 881 3394 operatione
901 3322 980 3378 unda
1035 3325 1179 3388 exureret,
1195 3322 1225 3375 et
1239 3321 1340 3375 tenera
1361 3332 1461 3375 rerum
1485 3323 1605 3382 exordia
1624 3326 1762 3387 insolitus
1777 3349 1867 3405 vapor

149 3404 318 3479 suspendit
1035 3406 1272 3475 lederetouanti
1288 3408 1395 3476 tontes,
1411 3406 1504 3481 duvii,
1521 3411 1738 3491 tacusirrigant
1752 3424 1863 3491 terras;

192 3492 377 3551 tt.Dealiis
406 3494 468 3550 baec
489 3495 609 3570 collige,
633 3497 668 3554 da
693 3498 728 3555 iis
756 3515 820 3570 quar
845 3498 981 3556 viderunt
1036 3496 1864 3579 28quineasinternnsquiunnignisvaporat‘tUnda
1912 3535 1915 3539 ⁴

153 3582 234 3641 oculi
250 3583 566 3657 hominum,quomodo
581 3586 617 3642 ad
631 3586 800 3644 iudeorum
811 3587 980 3645 transitum.
1035 3589 1116 3645 enim
1141 3591 1191 3643 aut
1216 3586 1335 3642 arbores
1354 3584 1567 3660 germinarent,
1583 3599 1635 3649 aut
1650 3596 1800 3657 frumenta
1820 3599 1864 3657 vet

152 3674 182 3730 si
197 3672 344 3729 rationem
359 3671 476 3745 quoerIa,
502 3690 534 3731 ee
556 3674 636 3731 unda
659 3675 802 3733 diviserit.
819 3676 882 3733 Non
907 3675 983 3733 solet
1036 3682 1102 3734 sata
1114 3678 1347 3750 prorumperent,
1372 3673 1415 3729 vei
1437 3678 1501 3731 orta
1526 3688 1736 3756 coquerentur;
1754 3688 1811 3744 nisi
1832 3703 1866 3744 ea

152 3761 211 3819 hoo
226 3776 292 3819 ease
315 3766 437 3831 nature,
453 3765 486 3817 ut
509 3778 585 3835 aqua
608 3781 640 3821 se
663 3764 811 3823 discernat
831 3765 868 3821 ab
893 3781 980 3838 aqua,
1035 3756 1158 3815 interior
1170 3770 1285 3829 quoque
1299 3754 1378 3827 ignis
1394 3752 1558 3814 animaret‘t
1572 3761 1626 3824 Qui
1640 3762 1729 3819 etiam
1740 3767 1865 3825 deseris

152 3849 228 3906 etin
244 3850 389 3921 protunda
414 3850 620 3910 interfusiones
644 3869 789 3926 aquarum
817 3859 897 3910 terrae
920 3868 980 3911 ma·
1035 3845 1204 3919 frequentiis
1216 3843 1371 3911 excutitur,
1387 3845 1416 3898 θῖ
1442 3843 1478 3899 de
1503 3845 1567 3917 59³0
1582 3865 1669 3921 sepe,
1685 3852 1757 3909 dum
1776 3855 1863 3911 cedi·

153 3940 204 3995 dio
219 3939 276 4012 (46)
292 3944 474 4012 separentur.
501 3939 675 3999 Gelaverunt
701 3943 780 3999 enim
807 3942 924 4011 fluctus,
953 3946 982 3999 at
1035 3938 1094 4006 tur,
1111 3934 1191 4007 tigno
1206 3931 1311 3989 exsilit.
1328 3933 1402 4004 tirgu
1417 3930 1494 3989 sieut
1509 3938 1673 3993 necessaria
1687 3939 1765 4012 ignis
1783 3958 1864 3999 crea-

151 4028 333 4085 flrmamenti
362 4029 458 4101 spacia
493 4046 612 4087 cursum
648 4048 737 4088 suum
770 4030 889 4089 insolito
923 4033 982 4089 fine
1035 4028 1113 4092 tura,
1130 4020 1512 4093 utordinataetdispositn
1534 4031 1714 4096 permaneat,
1737 4028 1865 4103 caelique

151 4117 425 4174 frenaruntNonne
439 4120 536 4190 potuit
549 4119 637 4177 etiam
662 4120 747 4178 aliter
761 4121 915 4179 Hebraeum
930 4138 982 4194 po·
1036 4110 1193 4169 dementit
1219 4114 1362 4183 temperet
1385 4127 1529 4183 aquatum
1555 4113 1698 4186 tig⁰t⁸ffli
1715 4116 1756 4172 itt
1775 4117 1863 4176 etiam

150 4204 260 4279 pulum
287 4206 423 4265 liberare.
437 4207 493 4263 Sed
517 4207 569 4265 tibi
594 4208 685 4265 voluit
705 4209 868 4279 ostendere,
893 4213 925 4265 ut
948 4226 981 4266 eo
1035 4218 1180 4274 uquarum
1197 4200 1391 4258 redundantia
1413 4217 1472 4257 non
1496 4203 1657 4274 superflua,
1674 4221 1711 4261 11⁰
1733 4204 1861 4265 &lterum

150 4285 321 4358 spectaculo
342 4287 430 4344 etiam
454 4287 505 4343 iila
528 4305 592 4361 quaa
615 4305 673 4346 non
697 4288 808 4359 vidisti,
821 4290 981 4347 estimares
1036 4286 1127 4346 attero
1152 4291 1383 4356 consumeretur,
1399 4287 1469 4359 qnia
1483 4289 1541 4344 nisi
1555 4292 1730 4349 conveniens
1752 4294 1862 4352 utrius·

150 4390 218 4433 essa
233 4375 388 4432 credenda.
405 4376 542 4434 iordanis
568 4394 686 4450 quoquo
710 4379 815 4437 retlaao
839 4396 934 4449 amne,
950 4379 981 4435 in
1036 4393 1094 4449 que
1109 4393 1248 4434 mensura
1268 4375 1317 4441 sit,
1333 4375 1409 4431 sieut
1436 4375 1514 4448 ignis
1537 4394 1645 4450 aquam
1666 4381 1804 4456 exsiccat,
1820 4382 1862 4441 ita

148 4480 242 4521 suum
257 4464 367 4521 iontem
383 4466 546 4523 revertitur.
563 4466 678 4523 Herere
694 4484 812 4540 aquam,
827 4484 895 4525 cum
910 4468 983 4525 labi·
1035 4470 1064 4522 et
1078 4483 1156 4538 aqua
1170 4464 1326 4537 restinguit
1340 4464 1449 4536 ignem.
1465 4465 1591 4538 ideoque
1606 4470 1733 4540 pondere
1744 4476 1773 4526 et
1782 4487 1864 4528 meu·

149 4556 201 4609 tur
223 4552 419 4623 inusitatum
436 4572 554 4612 rursum
580 4555 674 4613 redire
694 4556 751 4629 (47)
774 4557 805 4612 in
829 4556 1018 4663 superioraD
1036 4572 1107 4612 sura
1121 4552 1298 4611 examinavit
1312 4553 1465 4622 universa;
1482 4560 1636 4613 numerata
1650 4559 1730 4615 enim
1746 4565 1816 4617 sunt
1836 4560 1863 4617 ei

147 4641 215 4699 sine
232 4641 290 4698 ullo
313 4642 453 4717 repagulo
476 4643 660 4716 impossibile
684 4643 816 4701 habetur.
834 4645 888 4702 Sed
908 4636 979 4719 quid
1034 4649 1064 4700 et
1078 4641 1414 4715 stillicidiapiuviarum,
1430 4642 1508 4699 'sicut
1522 4644 1552 4699 in
1567 4644 1643 4702 tibro
1656 4647 1713 4704 iob
1735 4648 1864 4721 legimus

146 4730 336 4803 impossibile
350 4730 375 4787 ei
391 4732 442 4805 qui
456 4732 538 4789 dedit
549 4748 637 4806 posse
653 4732 779 4789 infirmis
796 4736 828 4789 ut
842 4733 979 4793 infirmus
1034 4732 1206 4803 (totarum,
1216 4731 1262 4803 26)
1290 4730 1392 4787 Sciens
1406 4731 1451 4787 vel
1468 4748 1567 4788 rerum
1582 4734 1698 4791 incitem
1714 4736 1862 4792 detectum

145 4820 230 4875 dieat
245 4819 302 4891 (48)
320 4838 327 4876 :
344 4820 444 4878 Omuiu
460 4838 573 4894 possum
596 4824 627 4879 iu
648 4838 679 4879 eu
703 4824 752 4895 qui
777 4838 820 4880 me
843 4824 980 4895 coufortat
1034 4822 1106 4888 iore,
1121 4819 1166 4877 vet
1180 4820 1357 4877 solutionem
1373 4819 1583 4891 universitatis,
1599 4824 1623 4879 si
1639 4823 1763 4879 alterum
1774 4838 1861 4879 exsu-

182 4935 243 5007 (45)
257 4935 329 4991 Mes.
346 4935 430 4992 Corb.
446 4942 517 5008 vet,
532 4939 702 4995 diutumitos
726 4938 898 4997 cubamntiae.
924 4940 980 4997 Re·
1034 4939 1134 5010 firmia)
1150 4936 1261 5010 legunt,
1278 4938 1326 5007 qui
1346 4935 1420 4992 dedit
1441 4954 1522 5009 posse
1546 4939 1645 5008 quibua
1665 4938 1772 4993 votuit?
1785 4938 1863 4994 Dedit

145 5006 222 5078 liqui
239 5024 314 5063 mss.
330 5009 359 5063 et
373 5008 454 5079 edit,
470 5010 666 5067 diuturnitatis
680 5009 844 5067 autumatio.
1031 5024 1110 5083 posse
1126 5009 1345 5078 infirmitatibus.
1363 5008 1432 5073 Due
1449 5009 1554 5065 ultima
1569 5024 1622 5063 vox
1647 5007 1672 5062 si
1692 5008 1862 5075 retineatur,
1974 5051 1977 5056 .

182 5079 241 5150 (46)
256 5078 330 5134 Tres
345 5094 430 5149 msa,
445 5098 582 5155 upuurm
596 5080 704 5147 rnedio;
718 5081 787 5138 edit.
805 5082 978 5154 Romaque-
1034 5098 1094 5137 non
1109 5079 1273 5135 mutabitur
1288 5096 1405 5135 sensus.
1422 5079 1521 5135 Potest
1534 5078 1612 5134 enim
1636 5078 1693 5133 dici
1714 5080 1863 5149 infirmitas

144 5166 209 5204 rum
225 5151 288 5205 sine
301 5149 399 5206 audio.
1034 5169 1087 5225 pro
1103 5152 1226 5222 infirmo,
1242 5154 1275 5207 ut
1300 5166 1351 5223 per
1375 5149 1583 5224 metonymiam
1595 5150 1704 5204 aenium
1717 5167 1770 5222 pro
1788 5168 1861 5222 seue,

179 5220 239 5292 (di)
256 5220 331 5276 Edit.
348 5221 443 5288 Rom..
459 5224 563 5281 taaerere
586 5240 688 5297 aquom
702 5241 765 5280 mim
780 5224 892 5294 tuiitur,
917 5240 979 5281 aur·
1035 5224 1216 5297 aocntcpium
1227 5239 1279 5296 pro
1294 5223 1394 5277 secute
1411 5238 1436 5277 o.

142 5308 266 5363 sumque
278 5291 382 5358 redire·
395 5294 465 5351 edit.
482 5295 555 5365 Pet,
565 5298 643 5363 Dra,
655 5294 734 5363 uili,
745 5296 851 5353 taaerere
867 5312 978 5368 apuam,
1073 5294 1120 5363 (ta
1146 5294 1233 5349 Corb.
1251 5298 1280 5349 et
1292 5292 1377 5348 Corn.
1393 5239 1425 5374 iu
1437 5293 1489 5347 Deo
1504 5292 1552 5361 qui
1560 5306 1610 5371 ¹rae
1621 5296 1765 5373 cauteriat.

143 5370 169 5419 et
186 5365 228 5419 itu
242 5379 355 5420 sursum
368 5365 477 5430 redire·
490 5384 563 5425 mss.
580 5384 648 5425 vero
666 5371 699 5423 ut
714 5384 767 5423 nos
787 5366 817 5422 in
831 5371 922 5435 textu,
939 5367 981 5425 ni·
1075 5367 1123 5440 (50
1148 5366 1197 5423 sic
1212 5382 1286 5421 mss.
1302 5363 1471 5430 duodecim3
1487 5368 1517 5417 at
1535 5366 1609 5433 lug,
1634 5363 1710 5420 Vvet.
1735 5381 1813 5421 unus
1835 5368 1865 5423 et

142 5434 169 5490 ai
185 5434 267 5508 quod
283 5436 411 5506 potiores
425 5438 522 5511 prima
537 5456 628 5497 manu
643 5438 754 5495 habent
773 5440 916 5509 usitatum,
932 5455 979 5495 sc·
1036 5440 1132 5507 Gom,
1145 5440 1217 5493 sicut
1232 5437 1294 5492 uuis
1306 5435 1369 5490 coeti
1381 5449 1488 5504 semper
1500 5442 1632 5506 mouetur,
1650 5437 1690 5491 ito
1704 5453 1777 5511 aquo
1793 5453 1865 5494 aem·

144 5508 248 5564 cunda
262 5508 439 5566 inusitatum.
1031 5529 1086 5587 per
1101 5511 1243 5576 hauritur,
1260 5504 1330 5564 edit.
1355 5520 1456 5561 vero...
1481 5521 1586 5578 semper
1605 5516 1738 5578 movetur,
1753 5516 1780 5566 et
1793 5525 1866 5583 aqato

179 5580 239 5651 (48)
255 5582 301 5637 tta
316 5596 388 5638 mss.
404 5580 489 5639 Corb.
507 5584 577 5651 vet,
594 5582 677 5651 Bam,
694 5579 746 5637 Th.
762 5581 791 5636 et
814 5578 899 5637 Cara.
921 5580 979 5639 Alii
1035 5592 1167 5651 movetur,
1181 5583 1208 5640 et
1223 5593 1298 5653 uque
1309 5591 1416 5653 semper
1430 5577 1570 5636 moritur.

145 5652 173 5707 et
189 5651 265 5711 edit.
284 5667 387 5712 omues
402 5653 534 5731 (excepta
548 5654 642 5717 Paris.
659 5669 707 5715 aa.
725 5651 804 5729 ibit,
815 5650 846 5711 in
861 5668 922 5731 qua
935 5654 979 5715 iu·
