4159 6184
224 378 283 442 tte
952 372 986 439 S.
1008 366 1197 443 eueaosu
1853 380 1905 445 tlt

261 516 396 575 Etees'ott
421 529 525 573 cumea
558 507 633 572 loth.
667 508 745 587 (ibid,
779 512 816 586 ι).
852 512 911 570 Ηοε
943 511 1417 580 autemAetdixit:Semtettuo
1431 508 1900 589 daboterrombouetdcn.n1,t).

224 608 301 680 quod
316 624 367 679 pro
385 623 490 679 magno
516 604 593 660 inter
621 608 742 676 septem.
767 603 935 675 sapientum
969 604 1048 660 dicta
1102 602 1173 660 Vide
1187 604 1334 675 quomodo
1349 604 1493 677 promisse
1508 605 1652 679 frequenti
1662 610 1799 679 tanquam
1826 605 1902 663 iava-

224 696 563 765 celebrationesque,
579 693 677 761 idest,
694 694 820 766 Sequere
851 695 953 759 Deum,
982 710 1046 765 per·
1102 692 1195 749 lidum
1210 694 1306 750 adhuc
1320 694 1457 751 ial'ormet
1471 697 1559 767 atque
1573 694 1718 761 instituat,
1737 699 1764 751 et
1778 694 1836 765 ipae
1850 710 1906 750 me-

225 787 293 842 lecit
307 788 465 848 Abraham,
483 786 616 854 laetoque
640 783 804 854 sapientam
821 784 860 855 (7)
876 783 953 837 diota
978 800 1048 854 prrs-
1102 798 1166 837 mor
1180 782 1226 837 eui
1241 782 1279 853 (9)
1291 785 1385 838 totam
1398 782 1457 839 Deo
1472 783 1601 855 deputet,
1619 783 1691 839 nihil
1707 782 1761 839 sibi
1782 782 1905 849 vindicet,

222 877 312 943 venit,
328 880 357 932 et
371 880 489 932 secutus
504 873 596 927 Deum
611 871 697 928 exivit
725 874 761 927 de
790 877 868 927 terra
895 889 959 927 sua.
989 872 1046 928 Sed
1101 870 1299 927 ldeoeturcm
1312 872 1530 941 edidcuoitlleo,
1547 872 1799 944 qutuppuruitei;
1819 875 1843 927 et
1865 886 1907 927 re-

224 963 505 1038 quiaanteterraei
521 960 696 1029 t'ueratalia,
712 961 766 1017 boc
782 966 827 1017 est
855 961 934 1032 regio
960 960 1046 1016 Chal·
1100 962 1178 1017 cessit
1193 960 1256 1017 inde
1271 963 1299 1016 in
1317 964 1543 1019 moutemcoatru
1558 964 1694 1018 orientem
1709 960 1907 1032 buleutae),

223 1056 363 1116 dacorum,
384 1052 420 1107 de
439 1067 497 1121 qua
512 1050 599 1105 exivit
616 1049 711 1106 There
726 1055 807 1123 pater
822 1050 955 1117 abraha,
971 1055 1000 1105 et
1015 1050 1045 1105 in
1100 1052 1268 1121 surgentem
1284 1050 1380 1106 adbuc
1396 1049 1453 1106 sibi
1468 1049 1559 1107 solem
1575 1050 1697 1123 cupiens
1708 1050 1826 1122 justitia
1840 1048 1908 1105 vide-

222 1142 363 1198 Cbarram
375 1140 548 1211 demigravit
560 1157 565 1193 :
578 1144 606 1194 et
621 1140 689 1210 quia
707 1156 806 1194 aecum
834 1139 935 1194 eduxit
957 1154 1044 1210 nepo·
1100 1154 1140 1193 re.
1156 1138 1282 1210 Ideoque
1297 1155 1355 1195 non
1371 1138 1400 1194 in
1417 1138 1610 1210 vallibus,sed
1627 1140 1656 1195 in
1673 1142 1770 1196 monte
1784 1139 1908 1194 taberna·

222 1235 282 1287 ιειιι
298 1246 399 1296 sunm,
423 1228 470 1283 cui
485 1228 598 1283 dictum
614 1228 709 1283 tuerat
725 1246 732 1283 z
761 1231 816 1283 lixi
828 1227 861 1284 dc
886 1230 1046 1300 repectione
1102 1225 1202 1282 culum
1220 1226 1277 1283 sibi
1293 1226 1408 1295 locavit,
1424 1228 1494 1301 quia
1508 1228 1740 1285 Deusmontium
1756 1234 1807 1296 est,
1822 1232 1907 1283 etaon

223 1324 272 1375 tua
281 1318 514 1375 :consideremus
524 1334 560 1371 ne
572 1318 643 1371 torte
654 1316 709 1372 hoa
719 1318 757 1372 sit
767 1316 843 1373 exire
853 1318 889 1373 de
900 1322 978 1372 terra
991 1333 1046 1373 sua
1099 1312 1230 1370 vallium.
1258 1376 1261 1382 ,

223 1410 260 1464 de
274 1408 364 1480 bajus
374 1411 468 1472 terrae,
478 1406 534 1461 hoe
546 1410 599 1473 est,
611 1405 786 1477 decerperis
809 1406 900 1460 nostri
916 1406 1044 1477 quadam
1133 1406 1161 1459 6.
1177 1404 1210 1459 ut
1233 1406 1369 1462 inuocauit
1396 1422 1495 1461 nomeu
1522 1402 1727 1475 homicidiali.
1744 1404 1781 1475 8).
1794 1402 1845 1459 Ubi
1860 1404 1908 1459 Be·

222 1497 450 1554 commoratione
464 1495 572 1566 egredi,
589 1494 623 1549 de
638 1495 797 1565 quaesivit
812 1495 930 1559 Paulus,
944 1493 993 1565 qui
1004 1494 1045 1548 di·
1098 1490 1169 1559 thel,
1186 1493 1279 1559 idest,
1293 1494 1399 1550 domus
1414 1494 1475 1561 Dei,
1492 1492 1531 1549 ibi
1547 1498 1575 1550 et
1590 1509 1641 1549 ara
1656 1509 1662 1546 :
1679 1492 1729 1547 ubi
1745 1509 1805 1559 ara,
1821 1490 1858 1546 ibi
1886 1494 1910 1547 et

220 1589 264 1642 xit
281 1603 287 1642 :
302 1587 399 1642 Nostro
413 1588 506 1639 autem
519 1585 686 1639 aestimatio
715 1585 745 1638 iu
772 1585 847 1638 coetis
861 1588 901 1639 est
924 1584 1042 1655 (Philip.
1099 1580 1243 1637 invocatio
1262 1582 1313 1638 Dei
1327 1583 1429 1639 nostri.
1450 1582 1513 1638 Non
1529 1580 1737 1653 immeritoque
1765 1596 1909 1653 processus

221 1692 264 1739 111,
274 1675 320 1746 20)
332 1692 338 1736 ;
355 1678 383 1729 ει
397 1674 433 1728 de
444 1672 588 1727 illecebris
603 1676 632 1726 ot
646 1671 886 1727 delectationibus
908 1688 1043 1743 corpora·
1099 1674 1196 1725 tantos
1211 1670 1324 1737 habuit,
1336 1672 1405 1743 quia
1415 1671 1507 1727 Deum
1519 1670 1656 1741 sperabat
1666 1669 1723 1725 eibi
1733 1668 1837 1725 auxilio
1847 1668 1909 1724 lore.

220 1759 1042 1833 libusquasvelutcognatasauimenostredixitquam
1098 1762 1253 1814 Exercetur
1266 1758 1375 1815 athlete
1396 1758 1459 1827 Dei,
1474 1762 1503 1815 ει
1517 1758 1656 1832 probatur
1685 1757 1814 1813 adversis
1841 1756 1909 1829 (ιιι);

221 1853 347 1923 compati
364 1853 533 1905 necesseest
557 1848 680 1920 corpori.
696 1849 787 1903 donec
816 1849 880 1919 ejus
908 1847 1043 1919 colligata
1059 1883 1083 1947 B
1099 1848 1128 1903 in
1144 1848 1292 1904 desertum
1304 1847 1385 1919 abiit,
1405 1847 1498 1904 lamas
1513 1847 1626 1914 incidit,
1641 1846 1674 1902 in
1701 1846 1910 1919 AEgyptumde-

219 1937 336 1996 vinculo
351 1938 488 1993 adhaeret.
505 1937 579 2006 drgo
595 1937 673 1991 exire
689 1937 724 1991 de
752 1936 971 1993 conversatione
986 1941 1043 1993 ter·
1099 1936 1223 1992 scandit.
1235 1936 1423 2009 Compererat
1438 1936 1467 1990 ia
1487 1936 1609 2008 AEgypto
1624 1934 1765 1991 lascivam
1781 1949 1843 1990 esse
1865 1933 1910 2004 ja-

220 2045 299 2088 rena.
316 2032 345 2082 et
359 2024 548 2082 saecularibus
573 2022 795 2080 oblectamentis
823 2030 851 2079 ει
877 2026 1038 2098 superioris
1098 2041 1206 2081 venum
1222 2024 1379 2090 luxuriam,
1390 2022 1570 2097 petulantem
1586 2023 1789 2096 cupiditatem,
1821 2020 1910 2093 volup·

218 2117 283 2173 vita
299 2116 527 2184 moribusetque
538 2114 652 2168 actibus
662 2112 803 2169 debemus
815 2131 822 2180 ;
836 2118 935 2169 utnon
947 2114 1043 2170 solum
1098 2116 1192 2170 tatum
1208 2113 1474 2185 intemperantiam.
1489 2113 1664 2169 advertebat
1676 2112 1754 2168 inter
1768 2111 1910 2183 hujusmo-

218 2203 292 2267 loea‚
309 2203 360 2258 sed
375 2201 463 2256 etiam
480 2199 676 2272 nosmetipsos
691 2207 839 2257 mutemus
862 2202 890 2257 Si
908 2203 1044 2275 cupimus
1098 2203 1128 2258 di
1143 2203 1221 2259 viros
1232 2202 1357 2258 intutam
1369 2200 1468 2258 uxoris
1477 2200 1648 2273 pudicitiam
1661 2200 1911 2271 lure,eibiquecon·

218 2291 365 2348 adherere
388 2289 515 2355 Christo,
540 2289 711 2345 deseramus
735 2290 1044 2361 corruptibilia.·Suat
1093 2289 1440 2364 jugispulcbritudinem
1461 2288 1591 2361 periculo
1622 2291 1780 2345 futurum:
1809 2288 1912 2343 monuit

218 2376 675 2448 autemcnrruptibiliainnobie
699 2394 777 2441 caro,
798 2377 960 2445 delectatio,
989 2396 1043 2434 vox
1098 2397 1228 2449 uxorem,
1245 2386 1277 2435 ut
1296 2394 1425 2435 sororem
1454 2378 1618 2461 aediceret.
1635 2378 1697 2443 Ouo
1715 2377 1834 2434 docetur
1860 2392 1910 2431 non

218 2466 344 2524 obnoxia
355 2466 543 2539 passionibus
566 2464 768 2535 corporalibus
783 2467 833 2537 (8).
865 2466 917 2522 Per
942 2483 1041 2523 vocem
1098 2484 1273 2542 magnopere
1288 2468 1423 2525 decorem
1433 2467 1567 2540 conjugis
1577 2466 1785 2538 querendum,
1797 2466 1846 2538 qui
1858 2464 1911 2520 vire

217 2560 315 2612 autem
332 2553 482 2627 passiones
496 2552 781 2625 intelligimus.Unde
793 2555 933 2625 quoniam
944 2555 1043 2611 anima
1098 2574 1197 2613 necem
1214 2555 1387 2630 plerumque
1409 2555 1529 2628 gignere
1544 2554 1627 2612 solet.
1656 2555 1723 2611 Non
1752 2553 1829 2611 enim
1857 2558 1911 2608 tani

217 2649 318 2700 nostra
330 2642 429 2706 διμερής
444 2648 499 2705 est,
519 2642 574 2696 hac
590 2647 635 2697 est
657 2641 805 2713 bipertita,
822 2646 852 2698 et
870 2643 1041 2700 rationabile
1097 2645 1284 2718 pulchritudo
1300 2643 1443 2711 mulieris,
1460 2660 1549 2717 quam
1564 2643 1657 2699 virtus
1673 2646 1743 2716 ejus
1759 2647 1787 2699 et
1797 2644 1912 2716 gravitas

216 2733 329 2789 babens
344 2736 372 2787 et
385 2730 594 2797 irrationabile,
612 2729 689 2802 quod
703 2730 843 2786 dividitur
858 2748 909 2803 per
922 2749 1040 2788 carnem
1096 2732 1339 2791 delectatvirum.
1368 2733 1423 2797 Oui
1443 2733 1618 2789 suavitatem
1638 2731 1749 2805 quaerit
1781 2730 1911 2802 conjugii,

217 2827 247 2878 et
261 2819 462 2877 delectationis
484 2818 642 2890 corporalia
670 2817 832 2886 illecebras,
864 2823 1040 2893 ceterasque
1096 2840 1154 2880 non
1169 2822 1350 2895 superiorem
1366 2822 1588 2889 censuambiat,
1609 2838 1703 2893 quom
1734 2820 1913 2878 necessitates

216 2911 369 2983 passiones
384 2907 710 2980 eorporie2quiJ'ustus
724 2911 770 2963 eet
784 2908 837 2974 vir,
868 2909 1040 2966 rationabile
1095 2928 1154 2968 non
1170 2914 1288 2968 teneam
1302 2908 1453 2967 maritales
1468 2910 1524 2981 (11)
1542 2927 1549 2965 ς
1567 2910 1592 2965 si
1621 2926 1684 2966 non
1700 2908 1913 2966 monilibusor·

216 2999 320 3054 anima
337 3014 396 3053 sue
408 2996 444 3051 ab
458 2995 652 3052 irrationabili
667 2994 836 3069 disjungere
845 2997 932 3054 debet
950 3016 984 3054 aa
998 3016 1040 3055 se·
1094 3005 1205 3070 natam,
1221 3000 1272 3055 sed
1294 2998 1437 3055 moribus.
1460 2996 1587 3055 Offendit
1610 2997 1789 3071 plerumque
1815 2996 1914 3062 virum,

216 3102 346 3159 gregare.
359 3085 416 3140 lloc
432 3088 476 3139 est
490 3083 568 3139 enim
592 3083 720 3140 exirede
749 3084 868 3151 Charra,
897 3090 1038 3158 tanquam
1094 3090 1120 3145 si
1135 3106 1167 3145 se
1177 3104 1249 3145 uxor
1264 3086 1435 3145 nobiliorem
1447 3087 1569 3143 noverit.
1583 3087 1648 3143 llaec
1661 3088 1802 3158 proxima
1820 3102 1914 3159 super-

217 3176 252 3231 de
268 3173 398 3230 cavernis
413 3173 604 3244 quibusdam,
619 3176 648 3229 et
663 3173 818 3239 cuniculis,
848 3173 1040 3247 latibulisque
1095 3178 1148 3234 biae
1159 3181 1239 3235 sunt.
1250 3177 1321 3232 Sara
1334 3192 1392 3232 non
1403 3174 1592 3233 facultatibus
1603 3173 1707 3243 ditior,
1733 3194 1790 3232 non
1816 3190 1915 3249 genere

216 3262 324 3335 egredi.
343 3265 442 3317 batere
455 3261 533 3317 enim
549 3260 711 3316 criminose
727 3262 911 3318 conscientia
926 3270 980 3319 est.
1005 3265 1040 3320 ut
1056 3243 1077 3311 G
1096 3265 1278 3339 splendidior
1291 3268 1354 3321 erat
1369 3282 1376 3331 ;
1391 3264 1456 3321 ideo
1466 3265 1560 3321 virum
1577 3264 1725 3336 imparem
1757 3283 1815 3322 nou
1839 3268 1915 3337 puts·
2020 3286 2024 3295 ¹

216 3369 271 3407 aas
285 3350 375 3421 igitur
384 3354 540 3421 sequentes
549 3348 697 3405 Abraham
707 3366 844 3406 exeamus
855 3352 890 3406 de
898 3351 1038 3409 latibulis.
1095 3352 1313 3427 bat,ideoquasi
1324 3369 1424 3426 parem
1435 3353 1530 3427 gratia
1540 3352 1777 3426 dilligebat,ideo
1788 3370 1844 3410 non
1854 3369 1914 3408 cea·

216 3438 664 3503 sienimfiltiamahasumua
693 3454 781 3510 opera
801 3439 922 3495 Abrahae
952 3440 1038 3497 facia·
1095 3448 1320 3507 suestreteuta,
1337 3442 1854 3517 cooperantibus,nonpropinquis,
1871 3441 1916 3498 sed

216 3546 303 3596 mus,
319 3533 353 3584 ut
365 3527 483 3582 luceant
497 3543 585 3597 opera
599 3529 699 3582 nostra
713 3542 812 3583 eorem
828 3528 929 3596 Deo,et
941 3546 1039 3586 eoram
1094 3534 1189 3591 virum
1205 3532 1358 3604 proprium
1368 3546 1543 3603 quoeunque
1558 3536 1706 3604 pergeret,
1720 3532 1894 3603 sequebatur
1908 3546 1914 3583 :

216 3616 396 3673 bominibus.
408 3615 513 3671 Juetus
529 3613 599 3669 dicit
613 3631 701 3685 opera
724 3631 779 3670 sua
794 3615 877 3688 regi:
906 3622 1040 3689 peccator
1094 3627 1213 3679 externa
1224 3619 1305 3687 adiit,
1328 3636 1458 3676 sororem
1482 3636 1514 3675 se
1532 3620 1598 3691 ejus
1625 3621 1772 3690 asseruit,
1789 3623 1918 3676 contente

215 3706 346 3777 seipsum
361 3703 496 3769 occultat,
509 3704 586 3759 sicut
604 3704 695 3759 ddum
713 3719 745 3758 se
765 3704 912 3761 occultare
939 3708 1039 3778 cupie—
1095 3710 1119 3765 si
1136 3712 1176 3766 ita
1191 3713 1269 3766 esset
1294 3724 1423 3776 necesse,
1440 3724 1471 3764 ee
1495 3706 1653 3781 periclitari
1679 3710 1804 3781 pudore,
1834 3721 1915 3781 quam

215 3795 276 3859 bat,
291 3794 342 3849 sed
358 3792 447 3847 latere
462 3809 519 3848 non
531 3797 652 3864 poterat.
666 3791 765 3847 Paruit
779 3791 878 3864 itaque
891 3795 1038 3851 Abraham
1093 3800 1188 3855 virtlm
1202 3797 1306 3855 salute.
1324 3796 1361 3853 Ut
1387 3799 1518 3853 tueretur
1546 3796 1690 3853 maritum
1723 3796 1849 3854 mentita
1873 3798 1915 3851 est

216 3882 363 3949 mandato,
380 3898 433 3937 nec
447 3880 507 3936 ulla
518 3880 625 3952 legitur
638 3896 721 3936 mora
733 3869 931 3938 intervenisse.
1093 3887 1317 3963 germanitatem
1335 3904 1342 3953 ;
1359 3902 1395 3942 ne
1410 3884 1596 3942 insidiatores
1625 3887 1753 3957 pudoris
1779 3891 1844 3958 ejus
1858 3888 1916 3941 tan·

250 3972 278 4027 5.
292 3971 420 4041 liuressus
431 3970 633 4041 perarnbutccit
647 3978 750 4025 terrum
763 3986 846 4041 usque
868 3972 904 4026 ad
932 3972 1040 4029 Stobera
1094 3993 1183 4051 quam
1199 3974 1399 4055 emulumet
1413 3974 1669 4031 vindicemuxuris
1687 3978 1838 4033 necarent.
1867 3973 1916 4029 lle·

215 4061 293 4127 (Gerr.
308 4074 360 4124 xu,
380 4060 419 4129 6),
441 4059 519 4130 quad
545 4057 783 4128 interpretatione
807 4059 910 4115 Latina
933 4062 1040 4118 dicitur
1094 4063 1283 4137 niquesimul
1298 4068 1331 4119 ut
1353 4063 1489 4118 viderunt
1512 4060 1594 4119 illam
1618 4063 1762 4137 AEgyptii,
1784 4059 1916 4120 admirati

216 4147 359 4203 humerus
373 4146 415 4201 vel
431 4146 536 4214 cervix,
552 4162 603 4216 per
613 4162 676 4216 quae
687 4147 901 4203 exsecutionem
911 4152 1040 4221 prascri—
1094 4154 1172 4227 qued
1188 4150 1321 4224 speciosa
1329 4155 1407 4207 esset
1416 4149 1510 4216 valde,
1524 4150 1708 4208 induxerunt
1724 4151 1809 4209 illem
1821 4151 1856 4209 ed
1876 4164 1919 4205 re·

215 4235 258 4308 pti
272 4235 368 4307 operis
382 4233 586 4305 intelligimus.
616 4234 766 4306 Siquidem
792 4240 821 4291 et
847 4236 923 4293 intra
950 4239 1040 4297 habe·
1094 4258 1160 4315 gem
1171 4242 1302 4308 suum‚et
1313 4255 1381 4295 aum
1390 4238 1538 4295 Abraham
1549 4240 1621 4295 bene
1632 4246 1771 4312 egerunt,
1783 4246 1917 4312 tauquam

218 4340 284 4379 mue
297 4323 438 4393 seriptum
457 4339 463 4377 :
480 4323 627 4393 supposuit
640 4324 786 4378 bernerum
812 4341 893 4380 suum
905 4326 941 4381 ud
969 4330 1042 4384 labe·
1096 4331 1214 4387 tratrem
1230 4330 1295 4400 ejus
1306 4344 1368 4401 quae
1382 4326 1541 4401 placuisset
1555 4327 1627 4400 regi,
1640 4328 1839 4386 honorantes.

216 4410 514 4478 randumaGen.xr.1x,
530 4410 585 4481 ι5).
602 4411 746 4482 Undeper
761 4414 885 4484 figuram
909 4414 1040 4473 locorum
1129 4420 1157 4473 7.
1173 4417 1282 4487 Assiluit
1296 4419 1388 4471 autem
1402 4416 1533 4471 domim
1547 4416 1656 4472 Pharao
1687 4416 1921 4488 afflictationibus

217 4498 246 4554 id
262 4515 433 4570 expressum
448 4498 639 4555 advertimus.
658 4501 735 4572 quod
751 4502 935 4559 devotionem
956 4522 1041 4561 suam
1095 4508 1240 4575 muqoisct
1252 4505 1420 4573 carrissime,
1434 4511 1459 4558 et
1472 4504 1584 4559 umam
1602 4521 1663 4575 eptas
1686 4516 1808 4579 propter
1831 4504 1925 4559 Surum

217 4591 338 4642 sanctas
355 4586 502 4642 Abraham
518 4604 575 4643 nen
592 4587 688 4644 solum
704 4590 866 4659 studio,sed
881 4591 968 4648 etiarn
981 4594 1041 4650 aui-
1056 4608 1079 4675 D
1094 4611 1207 4652 morere
1222 4594 1302 4651 Abrae
1316 4593 1392 4665 (Gen.
1407 4608 1458 4658 xu,
1473 4591 1527 4662 17).
1545 4592 1686 4664 Magnum
1718 4592 1924 4651 testimonium

218 4676 298 4732 cacia
313 4675 476 4747 probaverit
489 4676 646 4745 fructuosa,
661 4695 721 4750 qua
734 4679 768 4734 ad
786 4695 925 4751 quercum
950 4699 1043 4755 usque
1097 4685 1366 4754 documentumque
1385 4680 1530 4737 eastitatis
1545 4681 1660 4737 tuende
1676 4684 1749 4755 (12).
1782 4684 1876 4739 Lucus
1890 4678 1925 4733 ita

219 4763 391 4838 pervenerit.
408 4766 486 4822 284
506 4766 567 4829 Oua
583 4764 644 4821 loco
666 4767 803 4839 apparuit
818 4766 859 4823 illi
890 4771 1043 4842 Dominus,
1097 4771 1288 4837 hortatorius,
1306 4772 1334 4827 ui
1365 4768 1615 4842 unusquisquese
1639 4777 1763 4829 castum
1791 4770 1925 4845 prebeat,

240 4909 292 4988 '(7)
307 4905 356 4962 Sic
368 4906 438 4962 edit.
455 4907 576 4987 Ramex
586 4907 649 4961 Vat.
666 4907 729 4964 eod.
746 4909 877 4980 aquibus
887 4928 977 4984 quam
988 4915 1045 4970 rni-
1098 4916 1170 4971 edit.
1187 4922 1214 4971 et
1226 4912 1344 4969 disratur
1358 4911 1488 4969 adverae
1503 4912 1604 4985 samem
1620 4913 1731 4969 itendit.

218 4995 332 5060 nimum
347 4981 429 5032 abest
445 4978 552 5060 Regius
568 4978 598 5032 in
614 4996 672 5050 quo
688 4978 804 5105 legitur,
815 4985 930 5063 perfecit
945 5002 955 5038 .·
964 4988 1044 5056 testis
1122 4986 1191 5069 Ι(ιι)
1207 4984 1282 5040 Edit.
1298 5000 1411 5067 omnes,
1427 5000 1481 5039 uon
1495 4986 1552 5039 turn
1565 4986 1740 5056 superiorem
1762 5000 1853 5068 'censu
1876 4998 1928 5036 ern·

217 5066 292 5105 entra
306 5049 443 5105 Abrabam
458 5053 624 5121 supzeutum,
641 5054 694 5105 etc.
740 5051 830 5121 eliqua
852 5060 950 5110 autem
971 5073 1043 5114 maa.
1100 5056 1166 5127 brut,
1180 5059 1515 5129 quamnecessuatesuou
1538 5060 1658 5111 urracae
1686 5056 1853 5111 maritatas:
1878 5066 1929 5107 noe

218 5125 247 5174 ct
260 5119 342 5186 odit,
359 5121 467 5176 arnisso
479 5122 602 5191 perfecit,
620 5120 731 5193 legunt,
759 5127 885 5195 lacuque
908 5131 1046 5198 prevenit
1097 5128 1258 5195 uwaitibus,
1274 5132 1328 5183 ete.
1340 5126 1450 5182 Vocula
1464 5127 1614 5183 tamdeest
1627 5129 1730 5183 Amet
1745 5144 1821 5183 mss.
1838 5121 1929 5182 omni·
2033 5164 2034 5169 η

218 5192 357 5246 Abraham
371 5193 535 5273 sapientum,
552 5198 609 5273 cleg
1099 5200 1164 5255 bus.
1181 5199 1238 5255 Sed
1254 5198 1285 5254 bi
1300 5199 1360 5254 lere
1375 5196 1410 5254 ad
1424 5214 1516 5253 uuum
1532 5204 1637 5254 nostre
1653 5198 1778 5254 lectioni
1800 5197 1929 5267 adstipu-

254 5263 291 5333 (ιι)
307 5262 390 5317 llam.
408 5263 467 5317 edit
483 5304 490 5328 ,
508 5264 626 5319 chresto
654 5265 826 5335 passionibus
854 5270 1045 5339 corruptibili·
1100 5269 1209 5327 luatur.
1230 5270 1318 5327 Porro
1335 5268 1413 5341 quod
1428 5268 1541 5341 legunt,
1559 5286 1642 5342 quoru
1671 5271 1851 5325 necessitates
1879 5281 1929 5321 nou

221 5330 280 5386 ²7⁸⁵·
1100 5350 1210 5399 ιεηεενιι
1224 5342 1377 5408 mortales,
1394 5338 1436 5395 ita
1447 5340 1639 5412 interpretare
1653 5355 1689 5395 ac
1720 5341 1747 5397 si
1774 5341 1928 5401 diceretur,
2033 5348 2034 5357 ³

256 5401 293 5472 (9)
309 5400 379 5483 ltl'ss.
394 5403 466 5468 ilat,
483 5404 554 5477 ch.
566 5421 600 5459 ae
616 5405 699 5461 Rom.
716 5406 785 5463 edit.
802 5412 835 5463 Et
864 5410 922 5479 ipse
948 5410 1045 5465 iraru-
1123 5414 1216 5469 uaeab
1233 5413 1351 5469 divitiae
1375 5410 1556 5469 insolescens
1578 5410 1751 5483 conjugalis
1769 5410 1928 5469 necessitu-
2033 5458 2034 5475 ,

222 5487 349 5552 resersus.
366 5472 428 5527 Non
445 5474 530 5557 male.
547 5476 650 5533 Melius
672 5482 772 5560 tamen
790 5478 840 5534 alii
856 5496 928 5535 mss.
959 5485 1048 5552 atque
1101 5430 1180 5541 ainis
1191 5500 1242 5540 seu
1258 5482 1452 5553 coniuctiouie
1467 5480 1546 5555 leges
1562 5486 1677 5539 recuset
1692 5482 1866 5541 observare.
2033 5492 2034 5497 ’

220 5542 289 5597 edit.
307 5558 410 5598 rumor
428 5562 482 5613 sua,
500 5548 528 5601 ld
544 5552 599 5615 est,
615 5549 791 5605 condrticnrs
812 5556 841 5606 et
866 5550 1047 5608 infirmitatis
1137 5557 1193 5627 (12)
1210 5556 1253 5611 lta
1267 5556 1398 5628 quinque
1412 5570 1483 5611 mss.
1503 5552 1779 5626 probatiorisnotre.
1793 5552 1851 5609 atii
1867 5564 1930 5607 vero

220 5613 354 5739 simpliu-
602 5688 608 5699 ο
647 5690 652 5700 .
822 5691 839 5704 ..
1101 5630 1130 5682 et
1144 5627 1226 5698 edit,
1241 5628 1385 5683 castitatis.
1401 5627 1547 5682 lucanus
1562 5626 1645 5683 torus.
1662 5640 1786 5681 alacrem
1813 5622 1929 5680 incestet.

257 5685 265 5753 (
285 5686 313 5755 0)
329 5685 371 5741 lta
386 5702 437 5741 sax
452 5704 524 5742 msa.
541 5688 670 5745 rnelrons
686 5695 769 5747 nota.
784 5692 947 5749 Alnautem
959 5699 1047 5767 atque
1765 5698 1768 5704 ’
