4159 6184
266 198 347 265 {099
1001 198 1034 260 S.
1059 194 1251 264 auoaoslt
1859 213 1918 280 ltus

264 330 396 405 legitime
412 328 549 385 certando
568 327 605 384 ad
621 344 758 386 eoronam
780 342 869 402 quam
886 334 1013 401 cuperet,
1029 344 1094 401 per·
1109 333 1138 398 Α
1153 350 1258 389 norum
1273 330 1419 391 curricula
1432 332 1595 392 claudatur.
1608 328 1653 392 sic
1666 350 1728 411 ergo
1740 334 1919 415 intelligendum

265 418 387 478 veniret.
1154 425 1200 478 est
1215 437 1221 476 :
1238 422 1439 495 decepeccatc
1463 423 1603 481 obnoxios
1626 424 1685 482 dies
1708 432 1920 502 messueritis

299 506 344 563 20.
362 506 417 563 Sed
441 509 541 563 tamen
566 505 636 579 quia
651 509 679 564 et
698 506 923 565 architectorum
948 523 1095 565 mensure
1153 509 1231 567 enim
1247 510 1313 566 vita
1334 511 1434 584 hujus,
1450 529 1516 585 qua
1536 516 1651 585 peccato
1664 516 1923 587 estobuoria,breres

263 594 398 671 palestrae
415 593 473 653 diei
489 595 634 666 feruntur,
649 596 758 670 quibus
773 596 809 653 ad
826 600 979 653 structura
996 613 1098 653 nume·
1154 605 1246 656 sunt:
1263 600 1327 656 dies
1343 604 1439 657 autem
1455 601 1521 657 vite
1535 605 1645 658 aterne
1657 603 1716 659 sine
1729 604 1789 660 line.

263 699 330 743 rum
345 682 392 743 vel
407 684 528 743 modum
554 685 642 760 spatii
666 684 875 759 colligendum,
891 684 1014 741 edificia
1037 701 1097 741 me·
1190 690 1234 743 22.
1250 690 1308 744 Aut
1322 693 1400 746 certe
1420 689 1463 746 sic
1476 690 1621 761 (nostrum
1636 693 1679 746 est
1691 690 1763 747 enim
1783 698 1925 767 argumentis

262 772 392 859 tiuntur,
408 773 566 847 locumque
581 791 649 832 eum
664 774 694 830 in
710 791 769 847 quo
784 774 907 830 edificia
917 777 987 831 sunt
1002 774 1098 831 locan—
1154 794 1285 849 quarere
1302 778 1463 846 veritatem,
1479 782 1564 834 tuum
1578 782 1622 835 est
1647 777 1746 852 eligere
1766 781 1826 853 quid
1846 799 1924 856 aequa·

264 864 319 933 da;
335 868 365 921 et
378 861 449 936 quia
472 880 525 937 per
550 863 657 920 leniam
682 862 796 920 locutus
824 868 868 921 eat
883 862 961 919 Deus
976 881 982 920 :
995 888 1008 914 a
1026 863 1098 930 Quis
1154 865 1206 938 ria)
1224 882 1230 920 :
1246 866 1287 921 Na
1309 871 1471 939 peccatum,
1497 865 1603 940 inquit,
1628 871 1772 932 cresceret,
1788 869 1925 929 abbreviasti

265 967 386 1009 mensus
400 954 445 1009 est
459 968 551 1008 manu
567 968 686 1025 aquam,
703 956 732 1008 et
746 951 852 1008 coelum
868 952 976 1025 palmo,
989 958 1017 1008 et
1033 951 1096 1007 uni·
1153 953 1216 1010 dies
1229 954 1294 1009 vita
1317 954 1454 1010 humane
1477 972 1537 1027 qua
1558 954 1692 1023 vivimus,
1707 955 1735 1011 in
1757 955 1799 1012 hia
1819 958 1894 1028 terris
1905 966 1926 1016 et

263 1056 378 1098 versam
391 1044 501 1097 terram
517 1040 618 1099 clausa
642 1040 838 1107 mancionis
855 1041 960 1098 statuit
982 1045 1097 1097 montes
1153 1046 1334 1099 tamencum
1350 1042 1494 1099 maturior
1503 1041 1534 1099 in
1544 1042 1599 1099 boo
1613 1043 1690 1099 brevi
1703 1058 1784 1100 cursu
1796 1044 1867 1102 istius
1877 1047 1924 1102 rita

264 1132 374 1188 statera
386 1128 450 1203 (lse.
465 1145 510 1199 xa,
528 1130 594 1202 12)t
608 1129 766 1187 Videamus
783 1144 819 1185 ne
840 1129 913 1186 forte
926 1128 976 1184 hio
992 1144 1097 1185 sensus
1153 1130 1221 1188 linis
1231 1131 1477 1204 aitpeccatorum,
1490 1131 1594 1187 mortis
1609 1130 1763 1189 celeritate.
1776 1134 1927 1192 «subeuntia

265 1216 320 1277 hoo
336 1234 472 1276 sermone
487 1217 778 1293 aitcolligendus,eo
793 1216 870 1291 quod
886 1218 1018 1291 cognitos
1034 1217 1098 1274 dies
1154 1234 1220 1275 mea
1246 1222 1388 1291 tanquam
1418 1219 1543 1276 nibilum
1574 1224 1642 1277 ante
1662 1222 1691 1276 te
1708 1220 1816 1293 :aquia
1835 1222 1876 1277 etsi
1897 1224 1926 1278 sd

265 1307 399 1365 omnium
421 1306 530 1365 habeat
553 1306 632 1365 Deus
649 1324 657 1364 ι
674 1307 721 1364 eui
746 1305 819 1363 nihil
845 1306 1024 1363 immensum
1048 1306 1097 1372 sit,
1151 1306 1310 1381 imaginem
1326 1312 1355 1365 et
1369 1307 1594 1365 similitudinem
1604 1307 1654 1364 Dei
1666 1307 1734 1365 lacti
1747 1314 1930 1381 sumnagravat

265 1395 316 1468 qui
338 1395 439 1453 omnia
463 1412 602 1453 mensura
627 1396 755 1469 quadam
781 1412 840 1452 sure
866 1394 994 1451 scientia
1017 1410 1098 1451 com·
1152 1400 1251 1452 tamen
1275 1412 1329 1453 noa
1353 1397 1382 1452 in
1407 1395 1464 1452 hoe
1492 1412 1613 1469 corpore
1639 1395 1805 1453 constitutos
1829 1394 1928 1468 quedam

266 1483 440 1557 prehendat,
453 1484 586 1558 nihilque
596 1484 623 1542 ei
638 1484 677 1541 ait
688 1481 904 1549 inaestimabile,
916 1482 989 1538 nibil
1001 1482 1099 1538 inexa-
1152 1487 1269 1540 terrena
1282 1484 1434 1558 contagio:
1452 1500 1515 1556 que
1531 1500 1589 1540 non
1605 1488 1746 1557 gravmet,
1761 1484 1785 1540 ei
1797 1499 1931 1541 noeexmu

265 1572 412 1630 minatum
437 1578 526 1647 atque
554 1571 781 1641 innumerabile,
804 1572 854 1644 qui
879 1572 920 1628 ait
938 1588 971 1627 :a
989 1572 1044 1627 Sed
1070 1574 1099 1627 et
1154 1573 1249 1645 magis
1264 1577 1390 1629 veterem
1407 1572 1568 1640 hominem,
1584 1589 1652 1629 cum
1673 1572 1816 1628 induimus
1828 1572 1930 1644 gratim

265 1660 364 1734 capilli
386 1662 492 1735 eapitis
516 1661 605 1717 vestri
629 1676 730 1717 omnes
756 1660 902 1716 numerati
929 1662 998 1715 sunt
1020 1660 1096 1729 (lec.
1111 1703 1136 1768 B
1152 1677 1242 1733 quarn
1257 1660 1453 1733 supervestire
1472 1659 1639 1726 mallemus,
1656 1661 1794 1717 minorem
1815 1660 1886 1716 etiarn
1901 1659 1930 1714 ls-

265 1750 374 1823 111,7).
393 1771 407 1799 »
421 1749 481 1805 Hoc
505 1765 574 1823 ergo
601 1748 673 1805 dicit
698 1747 842 1821 Propheta
859 1764 865 1803 :
891 1749 963 1803 Ecce
990 1745 1097 1805 novisti
1152 1749 1252 1804 berem
1269 1749 1355 1806 nobis
1366 1748 1547 1822 exspoliatus
1561 1748 1651 1806 bomo
1665 1752 1845 1821 vetus,qnam
1857 1762 1930 1819 super·

268 1836 332 1893 dies
348 1852 447 1906 meoe;
474 1853 533 1895 non
562 1840 589 1893 ta
619 1840 795 1910 pretereunt
823 1836 984 1908 quotidiani
1014 1840 1097 1891 actus
1150 1836 1275 1893 vestitus
1299 1838 1425 1894 afferret.
1445 1838 1518 1894 Nam
1541 1838 1619 1910 quod
1643 1836 1839 1909 exspoliamur,
1857 1835 1932 1907 abjici·

267 1924 340 1995 mei;
364 1930 484 1999 peccata
506 1941 572 1983 mea
596 1929 664 1982 ante
688 1924 787 1983 oculos
811 1929 878 1981 tuos
903 1923 1027 1997 posuisti
1046 1927 1098 1979 :et
1152 1942 1219 1982 mus
1232 1943 1238 1981 :
1251 1927 1329 1999 quod
1346 1927 1586 2000 supervestimur,
1598 1926 1760 1983 induimus.
1770 1926 1803 1981 llt
1812 1924 1866 1980 ideo
1876 1924 1933 1994 inge

267 2012 334 2071 ideo
349 2034 364 2065 a
380 2014 548 2071 substantia
563 2030 629 2071 mea
647 2018 788 2087 tanquam
806 2012 932 2069 nihilum
948 2016 1016 2069 ants
1028 2017 1067 2069 te.
1081 2034 1096 2062 »
1152 2015 1306 2072 missimus
1322 2019 1351 2070 et
1365 2014 1535 2072 laboramus
1555 2016 1648 2072 donec
1663 2012 1782 2071 mortue
1797 2012 1845 2068 hoc
1855 2009 1934 2066 veteru

267 2100 342 2168 Quid
357 2101 436 2159 enim
461 2105 506 2159 est
530 2101 630 2171 bomo,
647 2100 705 2157 nisi
721 2101 792 2173 quia
816 2116 929 2157 memor
952 2100 1016 2171 ejus
1041 2100 1097 2155 eal
1151 2102 1280 2160 hominia
1291 2103 1549 2172 indumentum,et
1558 2103 1651 2161 errori
1664 2099 1935 2162 ellectumcbnoxinm,

267 2189 362 2249 Homo
382 2190 505 2247 vanitati
529 2189 636 2246 similis
660 2190 755 2245 lactus
770 2192 823 2246 eat.
840 2193 933 2245 Homo
948 2188 978 2243 in
994 2204 1097 2260 pecca·
1152 2192 1279 2248 novitate
1300 2208 1361 2248 suae
1382 2191 1448 2246 vita
1472 2190 1636 2262 spiritualia
1661 2184 1936 2256 absorbeat3utsisu·

268 2283 299 2335 to
316 2295 322 2335 :
339 2282 368 2336 et
383 2277 408 2335 ei
424 2276 535 2351 aliquid
562 2277 668 2334 habeat
687 2277 842 2350 probitatis
857 2281 944 2350 atque
968 2276 1096 2343 virtutis,
1152 2296 1205 2353 pra
1219 2296 1364 2336 venenum
1390 2278 1520 2351 plurima
1542 2278 1633 2335 mella
1657 2278 1822 2343 fundantur,
1836 2290 1894 2346 egre
1912 2288 1937 2326 ar

268 2371 347 2423 recte
360 2367 473 2424 ceteris
485 2365 608 2423 terrenis
620 2366 821 2423 animantibus
835 2366 1006 2435 antefertur,
1022 2369 1052 2421 et
1066 2364 1095 2421 in
1151 2367 1241 2425 nimis
1252 2384 1317 2425 saro
1329 2368 1433 2423 veneni
1444 2368 1526 2424 virus
1540 2367 1685 2423 aboletur.
1695 2363 1861 2439 Aquaetiam
1869 2360 1938 2416 mutu

269 2458 427 2528 conspeetu
444 2453 617 2511 animalium
632 2454 741 2527 quibus
757 2458 801 2510 eat
817 2454 1002 2527 propositus,
1018 2456 1097 2510 ante·
1152 2455 1202 2512 diu
1219 2472 1286 2512 cum
1301 2456 1404 2512 veneni
1414 2454 1481 2512 telle
1496 2455 1635 2524 luctatur,
1648 2454 1673 2511 ai
1689 2471 1747 2511 non
1760 2452 1938 2523 illudeaspuat,

268 2541 363 2612 cellit;
378 2542 410 2599 in
434 2548 592 2615 conspectu
607 2546 705 2598 autem
723 2541 772 2598 Dei
787 2547 928 2615 tanquam
955 2540 1028 2596 nihil
1053 2544 1098 2598 eat
1152 2545 1202 2600 sed
1227 2543 1392 2602 absorbeat.
1409 2543 1475 2601 ldeo
1498 2542 1648 2601 laboriosa
1675 2541 1846 2616 penitentia,
1866 2535 1938 2593 susus

268 2632 333 2705 elue
349 2631 526 2690 substantia.
544 2631 626 2687 Unde
641 2635 670 2687 et
686 2628 755 2687 alibi
770 2631 811 2687 ait
829 2648 862 2687 :a
880 2630 1023 2696 Quoniam
1039 2646 1097 2687 non
1151 2632 1247 2706 gratia
1261 2633 1332 2706 (85);
1349 2633 1419 2705 quia
1439 2636 1591 2705 peccatum
1613 2631 1803 2705 exspoliatur,
1816 2628 1860 2685 nbi
1872 2623 1941 2699 grati·

268 2719 481 2795 justificabitur
495 2721 526 2776 in
542 2722 702 2792 conspectu
717 2721 768 2775 tno
783 2718 880 2774 omnis
894 2718 983 2774 homo
997 2717 1107 2798 vivens·
1152 2726 1211 2789 eat;
1227 2721 1411 2792 absorbetur,
1426 2722 1475 2776 ubi
1492 2720 1681 2794 punitentia3
1698 2720 1739 2775 ibi
1754 2710 1941 2780 remitteretis

269 2808 355 2881 (Psoi.
385 2824 472 2877 axau,
494 2810 522 2865 2.
544 2828 559 2859 ι)
574 2808 657 2875 Quod
686 2806 882 2880 Symmachus
911 2804 1098 2863 manifestius
1152 2809 1353 2866 absconditur.
1368 2810 1403 2865 llt
1417 2810 1483 2866 ideo
1498 2810 1644 2883 seriptum
1660 2813 1747 2866 ests«
1760 2805 1942 2877 assequens

269 2898 415 2972 expressit
437 2897 539 2955 diceus
555 2912 589 2952 :a
606 2896 641 2952 llt
660 2895 721 2952 vita
734 2912 800 2953 mea
815 2900 955 2967 tanquam
971 2893 1097 2951 nihilum
1152 2900 1284 2955 remissa
1310 2901 1380 2953 sunt
1399 2896 1580 2971 iniquitates,
1608 2903 1640 2955 et
1663 2912 1791 2972 quorum
1811 2897 1877 2952 tecta
1893 2892 1944 2945 aaut

207 3042 209 3049 ,
269 2990 338 3044 ante
353 2990 419 3044 te.»
934 2980 939 2989 '
1153 2987 1468 3059 peccata(Psct.xxxr,
1485 2987 1554 3060 tlt·

304 3075 349 3131 21.
366 3075 442 3132 Sunt
462 3080 560 3134 autem
576 3074 627 3147 qui
652 3074 753 3132 breves
779 3076 885 3147 putant
907 3072 970 3128 dies
991 3065 1133 3142 dictoa,G
1186 3076 1232 3131 23.
1248 3076 1341 3148 (Vara.
1357 3076 1398 3146 7.)
1412 3075 1448 3130 ut
1461 3074 1603 3147 requievit
1618 3074 1774 3149 paulisper
1785 3070 1943 3146 ingemiscent

270 3163 340 3238 quia
363 3163 558 3237 Symmachus
573 3172 694 3233 nessae<
714 3162 842 3235 posuit:
869 3169 977 3232 σπιθαμή
1000 3164 1098 3218 autem
1152 3163 1287 3221 bumana
1319 3162 1496 3220 conditionis
1527 3180 1709 3231 erumnam,
1738 3162 1807 3237 quia
1834 3160 1944 3217 dixerat:

271 3250 390 3327 palmus
405 3255 449 3309 eat
464 3268 471 3307 s
488 3256 516 3307 et
531 3250 602 3322 quia
614 3248 712 3321 palmo
728 3265 849 3306 mensus
862 3249 968 3305 dieitur
982 3248 1045 3321 (isa.
1056 3267 1098 3335 ιιι,
1152 3272 1167 3302 a
1183 3252 1390 3309 Verumtamen
1414 3252 1551 3308 universa
1573 3254 1707 3321 vanitas,
1724 3252 1817 3307 omnis
1836 3250 1907 3304 bomo
1918 3244 1947 3297 u'·

271 3340 316 3413 12)
331 3340 411 3397 Deua
432 3337 508 3397 881
532 3336 639 3393 coelum
654 3336 764 3409 (palma
789 3341 887 3393 autem
911 3335 956 3393 vel
979 3337 1097 3411 palmus
1150 3355 1231 3398 vens.
1246 3364 1256 3392 ι
1274 3342 1309 3397 llt
1330 3344 1397 3413 post
1420 3339 1584 3413 diapsalma
1597 3340 1671 3414 (86),
1688 3342 1834 3412 resumpta
1852 3333 1945 3407 spiritu.

268 3426 365 3500 portio
380 3441 488 3482 manus
504 3427 549 3481 est
564 3422 724 3495 metientis,
740 3429 768 3482 et
783 3424 894 3498 aliquid
909 3426 1097 3498 compraban·
1151 3428 1193 3484 ait
1207 3446 1214 3484 :
1227 3452 1241 3480 «
1258 3432 1433 3501 Quanquam
1449 3428 1479 3484 in
1504 3429 1636 3502 imagine
1660 3430 1715 3487 Dei
1739 3425 1853 3485 ambulet
1865 3423 1945 3482 bomo,

268 3512 462 3585 dentis),ideo
479 3516 620 3586 tanquam
635 3513 737 3570 breves
752 3513 972 3570 diesastimant
985 3531 1096 3571 nuncu·
1149 3522 1248 3574 umen
1273 3533 1347 3574 vane
1371 3518 1562 3574 conturbatur
1583 3535 1590 3573 :
1612 3517 1793 3585 theauriaat,
1813 3517 1838 3569 et
1854 3510 1948 3583 lgutnl

266 3604 353 3675 patos
370 3618 377 3656 :
395 3617 462 3658 cum
478 3600 606 3675 cognitio
624 3600 675 3657 Dei
691 3618 743 3675 per
761 3618 942 3670 mensuram,
959 3606 1096 3675 utsupra
1149 3605 1196 3661 cui
1211 3610 1368 3680 congregat
1388 3621 1432 3663 ea.
1447 3605 1548 3664 »Vide
1570 3607 1728 3679 quomodo
1752 3607 1817 3661 ante
1835 3596 1949 3671 asperita-

267 3688 406 3760 dlximua,
422 3690 517 3765 possit
537 3688 660 3764 intelligi
676 3705 683 3745 s
700 3690 825 3747 coelestis
846 3695 942 3747 autem
969 3690 1026 3747 ista
1045 3708 1093 3747 co·
1147 3698 1207 3751 tem
1232 3712 1291 3751 sna
1316 3695 1468 3751 sententiaa
1490 3696 1694 3767 temperavit:
1711 3698 1812 3767 postea
1833 3687 1948 3744 uuonan

266 3779 369 3853 gnitio,
392 3783 425 3836 ut
452 3779 489 3836 ad
518 3794 687 3835 mensuram
714 3780 791 3836 lacta
818 3780 877 3835 sint
905 3778 1012 3836 omnia.
1029 3780 1093 3837 Non
1147 3799 1208 3838 aaa
1231 3784 1311 3839 vocis
1338 3782 1471 3838 absolvit.
1497 3782 1689 3855 Temperavit
1717 3782 1796 3840 862
1821 3774 1948 3834 dicendo:

264 3884 334 3944 ergo
348 3870 461 3942 breves,
477 3869 528 3926 sed
544 3868 644 3941 magni
661 3868 724 3925 dies
738 3868 887 3941 Propheta
907 3873 1032 3941 possunt
1046 3870 1091 3925 in·
1150 3889 1161 3918 r
1178 3870 1251 3935 Quia
1272 3870 1303 3926 in
1326 3870 1456 3943 imagine
1483 3870 1533 3926 Dei
1562 3871 1704 3928 ambulat
1733 3871 1828 3927 bomo.
1840 3888 1853 3917 ι
1866 3864 1948 3919 Bssltss

264 3957 369 4033 telligl,
384 3974 458 4032 quoa
473 3957 552 4014 Deua
566 3972 688 4013 mensus
708 3960 753 4013 ast
773 3956 953 4030 palmaque
968 3973 1091 4015 mensus
1145 3959 1243 4027 bomo,
1260 3960 1309 4032 qui
1325 3960 1360 4015 ad
1377 3958 1601 4016 similitudinem
1617 3959 1675 4016 Dei
1698 3976 1753 4033 per
1772 3958 1855 4013 tidem
1867 3950 1949 4009 ambu-

264 4050 309 4106 eat
324 4045 440 4105 culum.
457 4046 557 4119 Neque
580 4046 659 4103 enim
679 4046 780 4103 breves
796 4062 855 4102 sua
879 4046 944 4102 vita
968 4046 1087 4116 diceret,
1143 4046 1188 4104 las
1204 4065 1211 4103 :
1228 4048 1332 4104 beatus
1346 4048 1397 4120 qui
1411 4046 1442 4103 in
1457 4051 1485 4103 te
1500 4047 1589 4104 iidem
1604 4048 1704 4105 habes
1723 4046 1853 4106 :beatior
1863 4041 1886 4096 si
1899 4052 1948 4093 sva-

168 4202 170 4209 ,
264 4136 314 4210 qui
337 4140 439 4209 postea
462 4135 715 4193 ait:«ueumet
743 4134 813 4207 quia
836 4134 980 4191 incolatus
1004 4152 1089 4193 meus
1143 4136 1241 4192 ritiam
1258 4152 1316 4192 non
1332 4135 1466 4192 haberes.
1479 4135 1567 4193 Aliud
1583 4136 1703 4194 bonnm
1720 4131 1952 4193 mandamaes

262 4223 454 4298 prolongatus
478 4228 524 4281 est
547 4224 632 4296 (Psoi.
656 4239 732 4291 oxrx,
747 4224 775 4296 5)
788 4240 821 4278 a:
838 4222 895 4278 nisi
921 4224 993 4279 locta
1018 4224 1090 4297 quia
1143 4240 1226 4292 num,
1239 4224 1319 4281 aliud
1334 4240 1442 4281 vanum
1458 4223 1586 4281 carnalis
1599 4224 1783 4298 cupiditatis
1796 4216 1948 4278 incendium.

262 4318 380 4385 propter
390 4316 509 4385 peccata
518 4311 673 4368 hominum
688 4310 835 4367 breviores
847 4310 912 4367 vitae
928 4311 1087 4369 istiusdies
1142 4313 1228 4369 Fides
1251 4313 1329 4369 enim
1359 4317 1416 4369 Deo
1440 4311 1558 4383 militat,
1575 4314 1706 4370 avaritia
1732 4308 1868 4370 tentatori
1885 4322 1892 4361 t
1907 4302 1953 4358 ista

261 4399 330 4456 lecit
344 4399 432 4467 Deus,
448 4416 513 4472 qua
537 4404 604 4455 ante
619 4404 647 4455 et
666 4398 821 4471 nongentis
844 4404 872 4455 et
893 4400 1086 4473 septingentis
1100 4430 1124 4494 D
1140 4401 1272 4474 congerit
1286 4401 1363 4474 quod
1389 4400 1444 4457 sibi
1462 4400 1564 4474 prosit,
1579 4399 1633 4457 illa
1648 4402 1734 4475 quod
1751 4397 1879 4473 proticiat
1897 4390 1951 4487 atie

262 4487 348 4545 annis
369 4488 588 4558 extendebatur,
606 4491 729 4544 utnunc
752 4488 829 4544 intra
853 4494 970 4545 centum
993 4505 1085 4545 anno·
1140 4488 1196 4545 ais.
1219 4489 1294 4554 Quid
1324 4488 1414 4562 igitur
1440 4492 1502 4545 tam
1530 4504 1653 4559 vanum,
1673 4505 1771 4563 quam
1794 4484 1899 4545 amrin
1917 4491 1952 4533 ²⁰¹

296 4593 353 4667 (85)
368 4594 437 4650 (lod.
454 4596 518 4650 Vat.
535 4611 568 4651 ac
586 4592 689 4651 Gallio.
705 4593 827 4666 aliquot,
845 4594 904 4650 ideo
920 4595 1086 4651 latomorum
1138 4593 1321 4662 concinnata,
1347 4596 1376 4649 et
1404 4594 1570 4666 antuerpia
1599 4595 1685 4679 typis
1710 4592 1818 4651 Moreti
1838 4606 1882 4645 an.
1896 4582 1952 4661 1643

256 4667 448 4740 pendentium
466 4667 557 4722 suevis
579 4667 675 4735 pretio
695 4666 829 4736 sequitur.
845 4665 900 4721 Alii
921 4682 988 4721 cnm
1012 4668 1082 4723 edit.
1114 4667 1225 4722 edita.
1239 4665 1300 4721 lilio
1314 4663 1459 4737 siquidem
1475 4668 1878 4739 narratqurnquecautoree
1892 4653 1951 4713 tull·

259 4737 455 4796 ooneeutiunt.
1137 4738 1184 4793 nis
1202 4735 1319 4802 levitici,
1335 4751 1410 4807 quos
1435 4735 1525 4791 David
1545 4734 1690 4809 elegerat,
1708 4742 1740 4793 et
1762 4748 1885 4808 quorum
1904 4727 1953 4798 ipat

304 4810 350 4883 86)
365 4808 535 4893 mumolane,
551 4811 596 4864 est
614 4807 749 4879 quedam
774 4806 805 4862 iu
829 4806 945 4865 Psalmo
965 4807 1082 4874 divisio,
1137 4808 1253 4865 medius
1276 4808 1383 4878 stabat,
1399 4804 1518 4880 singula
1540 4806 1659 4864 musica
1683 4808 1883 4864 instrumenta
1903 4794 1951 4870 pul·

256 4809 302 4937 vel
318 4883 453 4951 mulatio,
465 4888 496 4936 et
508 4878 596 4935 sicubi
609 4877 662 4951 (ait
683 4877 811 4934 Hilarius
830 4879 945 4947 Proloqo
962 4880 992 4934 io
1008 4881 1080 4950 Eup.
1136 4885 1236 4935 santes
1251 4882 1351 4934 contra
1371 4876 1572 4933 sanctuarium
1587 4877 1725 4950 psallere
1745 4876 1849 4935 solitos
1862 4867 1953 4943 Spiritu

257 4952 375 5023 Parim.)
400 4950 555 5023 diapsalma
583 4951 775 5015 intercesserit,
802 4954 849 5005 act
873 4950 979 5020 aliquast
1004 4950 1083 5005 atiud
1137 4956 1238 5007 saneto
1253 4949 1425 5022 inspirante.
1441 4951 1477 5004 nt
1496 4949 1520 5004 ai
1546 4949 1670 5020 quando
1686 4952 1758 5022 ejus
1772 4948 1888 5027 afflatus
1904 4954 1952 4994 rea·

256 5024 323 5092 dici,
338 5030 388 5079 out
407 5025 492 5079 ctiam
512 5022 547 5077 nb
571 5020 660 5077 attero
684 5020 748 5088 clici,
774 5025 823 5075 ortt
846 5020 880 5075 ab
904 5023 988 5076 attero
1012 5023 1082 5076 artis
1136 5025 1223 5091 earet,
1239 5036 1289 5077 eos
1311 5035 1429 5092 quoque
1452 5018 1626 5092 tantispera
1642 5024 1741 5076 cantu
1766 5016 1952 5091 desuescat

256 5096 372 5153 musica
393 5094 502 5153 modulo
525 5094 634 5149 cantori
648 5091 857 5163 intelligendum
879 5094 925 5147 sit.
941 5091 1081 5164 Hierony·
1135 5093 1300 5165 scripsisse,
1322 5092 1486 5173 diapsalma.
1503 5090 1667 5164 Gregorius
1692 5091 1796 5165 Nysa,
1813 5085 1953 5165 tractura,

259 5182 337 5223 mua.
353 5164 438 5239 epist.
459 5165 510 5221 138
524 5164 559 5220 od
572 5164 667 5229 llere,
684 5164 719 5219 ab
735 5163 790 5218 bae
814 5162 950 5234 opinione
971 5161 1081 5219 disere·
1134 5163 1195 5231 Ps.,
1211 5180 1275 5236 cap.
1291 5162 1334 5231 18,
1351 5160 1503 5217 silentium
1525 5160 1598 5218 illud
1612 5178 1678 5219 non
1696 5160 1858 5219 cessationi
1879 5156 1951 5235 dato!

255 5242 318 5361 pat,
333 5237 511 5293 contendens
524 5233 759 5307 diapsatmcnibil
774 5232 853 5290 aliud
864 5248 978 5301 souare,
990 5248 1079 5305 quam
1134 5233 1300 5301 instinctus,
1312 5232 1364 5289 sed
1380 5248 1459 5288 nova
1474 5230 1602 5316 cuipiam
1617 5229 1826 5290 illustratioui
1837 5226 1952 5353 asquia

284 5308 443 5364 ebreorum
458 5307 526 5373 selo,
542 5307 571 5361 id
597 5309 641 5362 eat
662 5320 788 5378 semper,
803 5305 879 5376 quod
904 5308 1018 5360 tantum
1034 5305 1080 5359 di·
1134 5310 1234 5363 sancto
1250 5305 1280 5360 in
1291 5307 1419 5360 mentem
1430 5302 1549 5360 Davidrs
1565 5305 1715 5363 immissae
1727 5303 1876 5361 attribuit.
1910 5308 1952 5349 unt

257 5374 425 5435 stinctionis
449 5394 538 5435 eausa
563 5376 735 5450 ponebatur.
756 5380 864 5433 Verum
888 5375 974 5457 longo
996 5375 1080 5432 aliter
1133 5378 1222 5437 adeas
1236 5375 1314 5443 lieet,
1330 5374 1407 5433 siout
1420 5379 1450 5433 et
1463 5375 1588 5435 emsiod.
1603 5375 1689 5435 Prol.
1707 5377 1741 5435 in
1757 5372 1890 5434 Psalmos
1901 5380 1949 5444 0⁸9·

257 5446 293 5503 de
312 5449 412 5506 eadem
435 5464 504 5507 voce
527 5448 646 5506 disserit
659 5448 804 5507 Eusebius
818 5447 922 5508 Cesar.
937 5462 968 5503 m
991 5447 1079 5519 Erpe-
1133 5449 1179 5518 lt,
1194 5454 1224 5509 et
1238 5447 1321 5510 aliea.

203 5586 209 5595 ,
254 5516 356 5603 pluens
381 5518 469 5587 drea.
493 5526 553 5583 ΡΡ.
575 5521 607 5579 tr
630 5520 755 5583 Prolatos
777 5536 795 5585 e
818 5519 927 5589 Balteo
942 5518 1078 5587 dordone
