4159 6184
736 316 1028 393 uexnuuuaort
1049 313 1127 383 bid.
1152 314 1211 381 lli.

102 354 155 425 ist
1815 338 1874 406 ras

106 495 193 571 sapie
208 484 317 549 veteris
346 482 443 544 clarus
455 464 750 555 insignitionem-icis
769 461 945 523 abundans,
961 457 990 522 Α
1005 452 1128 523 ‘inlinis
1147 451 1245 552 disslss·
1260 452 1336 527 (luit
1358 456 1389 516 in
1412 464 1622 529 constitutione
1645 473 1749 531 mnndi
1773 478 1870 537 adiruo

106 586 230 661 stipatus
245 576 406 637 clientibus
420 576 615 640 etutrumque
637 558 720 616 latus
746 556 864 615 tectus,
882 564 951 621 ptu-
1007 546 1151 645 999999(
1165 540 1343 616 Chfflfllssst
1366 556 1394 607 et
1414 558 1456 621 tu,
1484 558 1675 635 Eunomiane,
1700 566 1773 624 dicis
1798 572 1867 645 quia

107 676 217 733 ducens
231 668 395 727 maximam
419 681 452 721 nc
474 661 611 719 reducens
637 644 808 706 familiam,
827 637 952 712 repente
1009 630 1246 731 di⁸⁸im¹¹¹⁵f⁵t
1268 633 1348 692 Patri
1364 640 1465 699 Filius.
1482 645 1553 702 Nam
1571 650 1595 705 si
1612 651 1718 727 imago,
1731 673 1788 714 non
1805 659 1866 717 dig.

109 766 207 839 aliqua
221 757 382 816 accidentis
398 751 518 827 periculi
533 744 609 804 mole
623 736 791 797 turbatus,
808 722 954 826 destitui·
1010 720 1121 777 Similis
1136 722 1262 791 ulique
1281 741 1289 779 τ
1306 728 1356 782 sed
1373 733 1468 787 totum
1493 752 1527 790 en
1548 742 1609 795 tcto
1628 747 1794 816 exprimens
1810 750 1865 823 (95)

110 862 156 913 tur
173 853 209 909 ab
225 846 377 910 omnibus,
393 861 412 899 a
425 840 568 899 sodalibus
593 818 837 894 derelinquitur,
856 828 955 885 impu·
1011 808 1147 874 Patrem»
1165 825 1268 880 ‘luem
1285 817 1371 872 Pater
1385 821 1554 881 substantia
1566 845 1625 884 suae
1640 835 1752 894 unitate
1768 841 1865 916 signa.

110 944 221 1021 gnatur
235 954 252 993 a
265 932 420 1007 proximis.
436 930 505 986 itcce
518 936 614 982 verum
631 916 685 980 est,
703 908 788 981 ‘1¹15a
811 903 896 959 sicul
915 900 933 1001 f·
944 929 958 940 ·
1011 896 1063 952 Vll·
1080 900 1179 954 Pelet
1194 898 1299 1005 dicit:
1315 908 1473 974 Faciamus:
1485 917 1513 970 et
1526 919 1558 971 tu
1574 928 1790 994 cooperatorem
1813 948 1863 988 ne.

112 1046 186 1089 num
213 1025 274 1081 vita
299 1019 445 1083 heminis,
466 1017 628 1090 priusquam
643 998 811 1059 evellatur»
839 990 958 1047 999599·
1014 987 1093 1059 gas?
1111 988 1204 1053 erod
1219 991 1299 1049 dixu
1315 994 1408 1063 Pater,
1425 1000 1515 1058 Filius
1532 1004 1614 1065 iecit:
1630 1016 1659 1066 et
1674 1016 1704 1068 tu
1720 1019 1861 1090 aqualem

112 1122 165 1178 use
179 1116 269 1174 etiem
286 1110 338 1184 qui
355 1106 470 1165 dudum
483 1104 609 1160 ubertate
625 1092 754 1151 allluens
788 1078 959 1153 copiarum,
1014 1092 1123 1149 negas,
1145 1074 1180 1134 in
1196 1096 1256 1153 quo
1272 1085 1450 1157 complacuit
1466 1090 1557 1149 Pater.

114 1200 302 1265 liberalitatis
327 1198 410 1255 lama
433 1210 485 1267 per
511 1208 559 1249 ora
588 1184 714 1242 volitans
746 1170 960 1241 singulorum,
1341 1202 1460 1261 CAPUT
1480 1205 1553 1264 VHL

113 1300 209 1357 clarus
224 1288 408 1353 honoribus,
424 1281 612 1377 praeeminens
627 1260 850 1373 potestatibus
868 1261 959 1360 tribu·
1014 1288 1052 1345 De
1067 1286 1186 1345 virtute
1205 1293 1375 1355 mnium,-
1387 1296 1472 1367 deque
1489 1305 1667 1367 peminandi
1684 1324 1717 1362 cc
1734 1311 1854 1382 [natifi-

115 1386 234 1444 uaiibus
263 1378 378 1442 celsus,
415 1370 487 1428 sotio
520 1365 665 1427 sublimis,
692 1356 808 1413 beatus
844 1349 960 1425 populls
1049 1357 1238 1418 conalr'modo
1250 1364 1472 1435 plunemr'rcbiii
1484 1387 1494 1421 .·
1510 1373 1549 1426 ito
1563 1372 1850 1451 mmaereracr'tcte,

115 1474 293 1535 estimatus,
325 1465 399 1520 dum
435 1471 600 1532 praeconum
629 1449 756 1506 clamore
790 1438 957 1506 deducitur,
1048 1431 1118 1505 apri
1143 1435 1449 1519 ptenipulclsritudine,
1465 1440 1612 1499 herbarum
1636 1448 1798 1506 salubritate
1817 1471 1851 1509 ae

116 1562 214 1621 subita
228 1570 336 1614 rerum
361 1547 548 1608 conversione
571 1543 602 1598 in
626 1554 693 1597 eum
712 1547 864 1592 carcerem
880 1528 958 1603 rapi·
1048 1506 1194 1563 lemtim·

115 1660 173 1721 tur,
189 1662 250 1723 quo
266 1644 344 1702 alios
368 1642 432 1713 ipse
454 1634 627 1698 detruserat,
643 1632 670 1685 et
690 1628 768 1683 inter
795 1639 861 1679 reos
886 1637 957 1677 suos
1048 1625 1093 1680 33.
1112 1624 1264 1690 essuriret,
1281 1622 1388 1695 inquit,
1404 1632 1478 1680 terra
1491 1625 1606 1684 hertam
1618 1633 1681 1701 seni
1699 1634 1846 1691 secundum

116 1732 307 1799 imminentis
325 1744 419 1804 poenae
435 1725 522 1783 delict
534 1716 847 1781 erumnamouantcs
861 1709 956 1783 pridie
1010 1730 1098 1787 penus
1114 1712 1191 1784 (Gen,
1209 1730 1228 1779 1,
1247 1712 1301 1787 (1),
1319 1712 1350 1767 1„
1367 1714 1506 1771 omnibus
1531 1733 1595 1788 quae
1618 1718 1756 1776 dicuntur
1778 1740 1846 1781 m.

117 1836 234 1888 caterva
259 1816 483 1897 plaudentium,
502 1817 530 1869 et
550 1809 696 1867 invidiosa
725 1802 884 1875 frequentis
905 1817 956 1873 pc·
1012 1803 1108 1861 centia
1124 1800 1351 1873 terroeprimum
1367 1818 1487 1875 germen
1504 1808 1562 1874 rst;
1577 1807 1627 1862 nbi
1644 1825 1676 1863 se
1690 1809 1844 1881 paululum

118 1918 179 1993 puli
195 1917 324 1972 domum
342 1908 400 1980 (92)
417 1919 526 1978 pompa
540 1897 669 1965 deduxit,
685 1898 713 1951 et
736 1911 793 1949 nox
815 1908 875 1949 una
890 1888 956 1961 glo·
1011 1890 1177 1956 sustulerit,
1195 1890 1228 1945 fit
1242 1890 1450 1963 herba,pcstca
1467 1893 1576 1965 senum,
1590 1895 1657 1951 inde
1671 1897 1704 1952 fit
1720 1898 1843 1955 fructus,

116 2010 203 2066 risse
228 2001 318 2059 illum
344 1994 533 2069 splendorem
556 1983 739 2044 deductionis
762 1980 898 2046 attulerit,
922 1994 956 2033 ac
1011 1983 1088 2039 Sunt
1103 1978 1334 2051 nascentisque
1350 1980 1386 2035 de
1402 1981 1499 2037 radice
1514 1983 1691 2053 germinant,
1710 1989 1742 2041 ut
1759 1987 1843 2044 arbo-

120 2091 297 2169 repentinus
311 2083 416 2143 lateris
433 2076 632 2143 dolcr‚eiiusis
648 2072 777 2148 gaudiis,
789 2070 956 2126 luctuosam
1012 2088 1059 2127 res
1075 2086 1139 2142 quae
1155 2086 1213 2125 non
1230 2072 1301 2124 sunt
1316 2074 1395 2137 sate,
1408 2085 1443 2125 ex
1457 2069 1583 2127 aliarum
1596 2074 1734 2130 arborum
1747 2076 1844 2133 ,adice

119 2184 220 2261 gravis
244 2172 467 2236 successionem
491 2165 624 2223 moeroris
646 2159 821 2219 admiscuit!
847 2158 957 2229 liujus·
1012 2162 1188 2216 nascuntur.
1205 2158 1237 2212 ln
1254 2158 1400 2213 arundine
1422 2158 1557 2215 videmus
1579 2164 1727 2233 quomodo
1748 2164 1777 2220 in
1799 2182 1844 2222 ex·

121 2272 206 2330 modi
228 2268 321 2341 igitur
344 2266 390 2319 est
413 2256 508 2332 gloria
533 2252 662 2309 hominis
687 2251 763 2307 sicut
787 2248 840 2304 ilus
864 2246 922 2302 teni
949 2260 955 2299 :
1012 2253 1107 2304 tremo
1122 2248 1188 2320 ejus
1202 2246 1281 2303 velut
1293 2246 1415 2319 quidam
1432 2248 1465 2302 fit
1479 2249 1575 2305 nodus
1589 2267 1605 2306 e
1619 2250 1719 2320 latere,
1733 2257 1761 2309 et
1775 2252 1844 2310 inda

123 2376 195 2435 quae
221 2356 404 2413 etiamnum
435 2346 564 2401 defertur
586 2338 659 2395 nihil
684 2338 822 2410 operibus
852 2335 957 2405 adjun-

121 2449 171 2523 git
186 2444 257 2519 (93),
273 2444 302 2498 in
317 2456 374 2512 qua
388 2434 489 2492 nullus
510 2433 623 2488 tructus
646 2427 825 2499 acquiritur;
841 2429 870 2479 et
891 2439 958 2478 curn

121 2536 286 2604 amittitur,
309 2524 467 2593 evanescit,
494 2534 610 2577 omnem
636 2533 753 2572 scenam
774 2514 914 2581 hominis,
932 2516 961 2567 et

119 2642 217 2700 quam
234 2624 363 2693 desuper
387 2610 584 2671 obumbrabat
599 2608 717 2679 repente
742 2604 915 2673 destituens,
932 2606 961 2656 et

120 2732 217 2788 quam
234 2712 318 2768 intus
332 2704 496 2763 animabat.

158 2804 214 2863 Ae
231 2802 277 2857 31.
295 2800 388 2869 Atque
403 2791 518 2849 utinam
534 2788 717 2843 imitaremur
732 2784 807 2841 banc
826 2782 960 2845 herbam,

119 2897 159 2951 dc
175 2908 242 2967 qua
258 2889 300 2945 ait
312 2884 458 2943 Dominus
475 2896 482 2934 :
501 2878 637 2936 Geminei
661 2881 735 2930 terro
759 2874 871 2930 herbam
890 2873 961 2945 feei,

1013 2337 1072 2393 ulia
1087 2336 1200 2392 arundo
1215 2336 1371 2409 germinat.
1389 2336 1439 2391 Est
1453 2338 1567 2410 ergoin
1583 2340 1679 2397 radica
1698 2342 1743 2399 vis
1763 2360 1842 2415 que-

1014 2427 1083 2481 dam
1113 2424 1274 2480 seminarii.
1300 2423 1420 2480 Insitiva
1444 2441 1562 2497 quoque
1588 2428 1617 2481 iu
1641 2431 1843 2501 superioribus

1014 2516 1192 2587 germinant.
1209 2512 1283 2569 Aliis
1307 2530 1376 2587 ergo
1400 2531 1417 2568 a
1443 2514 1539 2571 radice
1555 2516 1620 2588 (99),
1637 2516 1704 2574 aliis
1728 2519 1843 2576 diverso

1014 2622 1138 2662 munere
1154 2602 1244 2661 series
1258 2601 1455 2659 successionis
1469 2604 1639 2676 acquiritur.
1660 2606 1742 2663 inest
1762 2607 1849 2663 enim

1015 2694 1205 2752 nascentibus
1222 2691 1349 2765 singulis
1373 2697 1424 2747 aut
1448 2710 1558 2760 semen,
1570 2697 1621 2748 aut
1634 2694 1727 2751 virtus
1743 2695 1843 2768 aliqua

1016 2785 1186 2852 seminaria,
1202 2787 1231 2838 et
1246 2798 1280 2837 ea
1295 2782 1458 2837 secundum
1473 2798 1582 2855 genus;
1600 2787 1633 2838 ut
1647 2785 1725 2856 quod
1746 2784 1842 2840 nasci-

1016 2880 1066 2931 tur
1080 2892 1114 2931 ex
1128 2891 1172 2939 ea,
1184 2870 1281 2927 simile
1296 2887 1398 2926 eorum
1414 2887 1477 2943 quae
1494 2875 1557 2927 sata
1572 2871 1700 2939 sunt,vel
1716 2890 1844 2946 quorum

117 2985 272 3042 semineus
295 2990 389 3033 senen
410 2968 561 3027 secundum
582 2981 677 3036 penus,
700 2966 725 3019 ct
748 2963 896 3019 secuudum
920 2962 958 3015 si·
1017 2964 1053 3018 de
1069 2961 1164 3019 radice
1180 2960 1229 3028 sit,
1245 2959 1444 3031 germinetile
1457 2958 1552 3016 tritico
1568 2960 1698 3016 triticum
1714 2963 1750 3019 de
1763 2961 1844 3019 milio

118 3068 320 3130 militudinem
333 3062 410 3135 (Gen.
428 3078 448 3126 1,
465 3058 522 3126 li).
538 3052 722 3112 Saminemus
748 3051 838 3125 igitur
861 3064 961 3106 semen
1017 3049 1843 3123 miliumdepyropyrusalboilorcprorumpitzcastanen,

119 3158 297 3220 secundum
314 3167 419 3227 genus.
436 3144 519 3211 Quod
543 3143 582 3199 sit
605 3156 708 3214 genus,
724 3140 793 3196 audi
818 3140 963 3196 dicentem
1018 3155 1136 3213 qnoque
1152 3138 1247 3209 surgit
1263 3136 1298 3193 de
1312 3139 1409 3193 radice
1423 3141 1575 3195 castaneae.

117 3254 267 3325 oportere
290 3259 344 3299 nos
363 3251 495 3312 querere
520 3232 593 3287 illud
616 3230 759 3295 divinum,
777 3229 801 3285 si
816 3212 1000 3301 quomodoC
1055 3229 1099 3284 st.
1117 3226 1264 3292 Germioet,
1281 3226 1387 3299 inquit,
1404 3230 1480 3282 terra
1494 3227 1606 3285 herbam
1620 3228 1681 3298 seui
1698 3230 1845 3286 reundum

119 3338 202 3396 illud
236 3337 363 3391 tractare
390 3324 542 3399 possimus
564 3322 615 3375 aut
637 3317 766 3373 invenire
799 3335 805 3372 :
836 3318 966 3387 Qrtomuia
1019 3334 1113 3389 perus.
1131 3317 1165 3371 ut
1181 3314 1320 3371 continuo
1340 3317 1507 3388 parturiens
1523 3310 1601 3373 terra
1615 3306 1706 3375 novos
1722 3336 1754 3375 se
1772 3316 1848 3374 ludit

116 3428 285 3496 sentence
308 3422 344 3477 sit
366 3419 401 3473 ab
425 3424 587 3495 unoquoque
609 3414 742 3462 uestram.
760 3408 791 3461 In
813 3408 871 3480 ipso
892 3406 968 3462 enim
1020 3407 1051 3462 in
1068 3409 1180 3478 partus,
1195 3408 1224 3458 et
1253 3402 1350 3458 induit
1378 3421 1408 3459 se
1438 3406 1578 3461 amictum
1606 3405 1772 3475 viriditatis,
1797 3408 1848 3464 49

116 3520 266 3579 serimus,
281 3514 426 3570 etsumrrs,
448 3510 475 3559 et
497 3512 670 3555 curvemur:
693 3496 764 3550 sieut
785 3495 899 3567 quidam
922 3510 967 3549 oe·
1022 3494 1147 3567 gratiam
1165 3490 1850 3570 fecunditatisassumpsit,diversisquecompta

113 3616 232 3673 urum,
271 3597 377 3671 inquit,
417 3590 551 3649 auocat
585 3585 663 3656 cuitu
700 3591 726 3638 et
759 3600 843 3654 penus
875 3598 969 3637 sumus
1023 3581 1216 3655 germinibus,
1238 3580 1372 3651 proprios
1396 3582 1526 3653 suscepit
1551 3588 1682 3639 ornatus.
1709 3587 1851 3643 Miramur

115 3697 194 3769 (Act.
214 3683 406 3755 xviima).
423 3677 594 3736 Secundum
610 3670 666 3726 boc
680 3686 774 3743 genus
789 3670 970 3726 seminemus
1024 3671 1102 3745 quod
1125 3674 1186 3725 tam
1213 3668 1270 3724 cito
1293 3669 1513 3741 germinaverit;
1531 3676 1640 3743 quanto
1661 3675 1775 3745 maiora
1796 3675 1851 3731 mi-

114 3797 237 3842 semen
258 3790 315 3831 non
329 3773 360 3828 in
376 3764 576 3833 carne‚sedin
589 3758 770 3832 spiritu.Non
783 3760 862 3814 enim
873 3774 971 3813 carna·
1025 3759 1126 3816 racirla
1140 3760 1219 3824 sunt,
1234 3757 1257 3812 si
1272 3762 1384 3829 spectes
1399 3757 1526 3831 singula,
1541 3760 1792 3831 quemadmodum
1807 3764 1850 3819 vel

114 3874 173 3937 lia,
184 3867 251 3926 sed
267 3858 433 3936 spiritualia
448 3852 597 3913 seminare
612 3847 817 3920 debemus.qui
833 3846 971 3903 advitam
1023 3850 1101 3921 jacta
1118 3847 1147 3902 in
1163 3853 1269 3902 terram
1287 3845 1400 3901 semina
1416 3846 1648 3917 resolvantur,ac
1663 3850 1719 3905 nisi
1737 3855 1853 3907 mortua

114 3954 294 4036 per-venire
309 3949 444 4008 volumus
458 3946 609 4001 eternam.
626 3938 693 4002 Qua
718 3936 756 3991 sit
778 3941 875 3991 autem
891 3935 972 3991 simi·
1027 3936 1147 4001 tuerint,
1163 3933 1278 3991 uirilem
1293 3934 1421 3990 trucium
1437 3936 1560 3991 atterant
1582 3956 1589 3994 :
1615 3937 1640 3992 si
1663 3954 1731 3995 vero
1746 3938 1855 3994 fuerint

114 4048 246 4112 titudo,
267 4058 324 4097 non
340 4040 468 4111 ignoras,
485 4032 536 4105 qui
553 4028 589 4085 ad
604 4024 763 4096 imaginem
784 4030 812 4080 et
836 4023 973 4079 similitu·
1029 4025 1156 4097 quadam
1174 4021 1219 4079 sui
1235 4027 1327 4079 morte
1343 4024 1514 4092 resolutaiu
1529 4025 1677 4097 uberiores
1692 4028 1802 4084 tructus
1813 4044 1856 4084 re.

115 4139 239 4197 dinem
263 4128 314 4186 Dei
329 4128 423 4182 iactus
438 4139 478 4179 es.
495 4118 594 4175 Herba
619 4112 717 4187 generi
738 4114 894 4184 respondet
909 4128 974 4177 suo,

115 4233 153 4283 tu
172 4238 247 4280 non
266 4213 428 4289 respondes
442 4216 494 4265 tuo
509 4202 620 4280 generi.
638 4200 738 4257 Tritici
753 4218 877 4275 granum
893 4217 974 4272 spur.

117 4330 198 4373 sum
218 4316 315 4366 terre
329 4300 444 4376 generis
463 4298 508 4354 sui
525 4292 650 4369 gratiam
666 4290 771 4360 reddit,
787 4294 815 4346 et
837 4295 867 4344 tu
891 4289 975 4360 dega-

117 4416 237 4461 neras.
260 4396 375 4465 Fruges
389 4406 448 4445 non
464 4385 635 4443 adulterant
650 4378 695 4434 sui
712 4378 909 4435 sinceritatem
933 4394 977 4432 se·

118 4488 285 4555 minis‚tu
302 4479 450 4537 adulteras
465 4474 624 4549 puritatem
640 4467 884 4540 animra‚vigorem
898 4482 978 4521 men.

116 4584 177 4645 tis,
196 4569 349 4644 eorporis
364 4566 542 4622 castitatem.

1030 4118 1163 4185 surgant.
1194 4112 1322 4185 Suscipit
1350 4114 1441 4186 igitur
1475 4130 1601 4185 granum
1637 4116 1726 4171 tritici
1761 4116 1856 4190 putris

1031 4201 1116 4274 gleba
1129 4203 1197 4271 (97),
1212 4206 1241 4256 et
1266 4219 1401 4274 sparsum
1424 4202 1541 4259 cohibet
1563 4205 1673 4260 occatio
1689 4206 1745 4278 (98)
1762 4224 1795 4263 ac
1809 4224 1856 4262 ve-

1031 4291 1077 4346 lut
1092 4294 1224 4345 materno
1239 4294 1316 4345 terra
1337 4290 1447 4363 gremio
1471 4292 1546 4347 fovet
1565 4297 1593 4348 et
1616 4295 1794 4367 comprimit.
1811 4296 1858 4352 ln·

1034 4381 1069 4435 de
1085 4396 1153 4435 cum
1168 4395 1199 4435 se
1210 4396 1336 4451 granum
1353 4379 1424 4433 iilud
1440 4380 1727 4451 resolverit,berbam
1751 4384 1860 4459 germi-

1034 4471 1181 4540 nat,grata
1196 4466 1260 4539 ipsa
1270 4468 1334 4537 jam
1350 4468 1462 4539 species
1477 4468 1678 4526 herbescentis
1693 4471 1859 4541 viriditatis,

1037 4573 1101 4629 que
1116 4556 1216 4611 statim
1231 4571 1323 4628 genus
1338 4556 1422 4611 sativi
1448 4557 1652 4614 similitudinis
1676 4560 1722 4616 sui
1746 4560 1860 4633 pradit3

158 4668 216 4723 32.
235 4660 309 4718 Non
326 4652 463 4727 agnoscis
477 4666 555 4723 opus
570 4662 636 4704 esse
661 4648 689 4701 ts
713 4644 830 4701 Christi.
847 4643 981 4699 Manibus
1037 4649 1072 4701 ut
1086 4645 1115 4699 in
1132 4645 1195 4717 ipso
1211 4661 1270 4699 sue
1286 4644 1385 4717 stirpis
1401 4646 1517 4702 exordio
1533 4648 1620 4718 cujus
1641 4649 1756 4721 generis
1772 4648 1863 4705 herba

116 4754 259 4822 suis,ut
276 4743 414 4818 legimus,
425 4746 454 4797 et
466 4739 517 4796 ille
533 4734 669 4794 formavit
683 4738 753 4802 te,et
767 4732 981 4801 thanichee,

1037 4736 1076 4791 sit
1091 4750 1292 4807 recognosces,
1309 4738 1396 4807 atque
1412 4734 1441 4791 in
1458 4736 1557 4792 herbis
1573 4738 1688 4794 fructus
1704 4739 1862 4809 appareat;

117 4846 282 4905 aiterum
304 4832 361 4905 (ill)
385 4829 437 4886 tibi
466 4826 587 4885 asciscis
610 4827 769 4881 auctorem.
795 4823 879 4878 Pater
907 4821 983 4877 Deua
1038 4823 1239 4898 paulatimque
1254 4822 1395 4881 adolescit
1420 4832 1452 4880 ut
1477 4827 1586 4893 fenum,
1603 4824 1757 4896 culmoque
1773 4824 1863 4895 pube·

117 4920 401 4994 necessarium
425 4936 431 4973 ἱ
456 4918 600 4972 Fadum
615 4913 753 4968 homiuem
777 4912 812 4967 ud
836 4912 984 4981 imeeieem
1040 4929 1125 4969 scens
1142 4911 1306 4985 erigiturct
1327 4915 1467 4987 assurgit.
1493 4920 1546 4970 Ast
1570 4913 1620 4968 ubi
1645 4930 1676 4969 se
1700 4912 1866 4985 geniculata

120 5030 150 5082 et
168 5008 413 5077 emiscuissent
426 5010 558 5061 nosram.
577 5002 654 5074 (Gen.
672 5018 691 5069 1,
706 5002 769 5072 26);
794 5004 823 5056 et
845 5004 887 5065 tu,
910 4998 986 5053 Pho·
1037 5002 1100 5073 J'am
1118 5000 1198 5073 spica
1213 5001 1374 5069 sustulerit,
1389 5003 1500 5076 vaginae
1520 5001 1652 5073 quadam
1670 5000 1773 5056 sutura
1788 5001 1866 5075 frugi

163 5144 240 5219 (92)
264 5133 347 5193 Edit.
364 5146 475 5199 cinnes,
492 5129 609 5203 terentis
618 5126 716 5199 popuii
730 5124 985 5197 sreqrreosdomum,
1043 5133 1100 5190 quc
1117 5118 1325 5199 msscptima
1340 5124 1424 5186 notre,
1440 5135 1475 5174 ex
1490 5121 1553 5175 tcto.

122 5228 195 5280 eto·
1078 5190 1135 5258 (95)
1152 5190 1226 5244 lidrt.
1244 5190 1308 5246 Gili.
1325 5206 1358 5245 ac
1374 5190 1469 5256 liora„
1485 5188 1552 5245 Aius
1567 5202 1629 5257 erpo
1645 5190 1790 5245 acernias.

176 5286 239 5357 93)
263 5272 349 5335 Edit.
371 5271 517 5329 nonnullae
543 5269 645 5335 Paris,
670 5268 744 5323 nihii
767 5268 826 5339 epis
852 5265 988 5335 urijuupit.
1079 5262 1137 5332 (97)
1153 5261 1286 5333 Quinque
1302 5279 1372 5316 mss.
1389 5277 1446 5315 non
1463 5259 1544 5315 malae
1560 5262 1645 5330 nota,
1660 5262 1758 5317 nutrix
1778 5262 1868 5332 pube.

122 5364 246 5425 Codex
267 5346 362 5406 Dion.
378 5354 405 5400 et
429 5344 538 5407 Germ,
562 5340 635 5395 reiicit
658 5340 786 5410 opibus...
811 5338 901 5401 Cen,
917 5336 991 5390 uitii
1046 5332 1150 5460 Mteipus
1166 5332 1214 5389 alii
1223 5340 1259 5459 pt
1273 5334 1341 5387 edit.
1360 5333 1469 5402 :putris
1491 5331 1578 5401 plebe,
1599 5330 1628 5385 id
1654 5338 1698 5389 est
1722 5331 1871 5401 solubilis,

213 5421 339 5493 ·‚etc.
1047 5420 1065 5457 u
1117 5405 1351 5477 irg.,1‘c0rg.:

124 5444 238 5514 opem
716 5480 721 5491 .

166 5502 242 5592 (9⁵)
266 5488 349 5549 Mas.
375 5489 487 5559 septem
510 5500 516 5540 :
538 5490 565 5540 et
582 5490 621 5549 tu,
647 5479 802 5541 Menariae,
826 5476 990 5533 aduiteram.
1197 5510 1227 5559 Et
1242 5507 1358 5571 zephyro
1374 5509 1459 5570 putria
1474 5522 1502 5559 ,e
1514 5507 1590 5573 gleb,
1604 5510 1722 5563 mugit·

1085 5618 1141 5689 (98)
1157 5616 1215 5673 Hoc
1229 5620 1282 5684 est,
1299 5615 1492 5675 comminutio
1508 5616 1671 5691 glebarum.

124 5582 192 5640 ΑΙιι
210 5557 370 5629 melioris
394 5560 466 5613 nota
481 5558 568 5627 etque
582 5551 665 5617 edit,
680 5558 704 5605 et
720 5552 761 5615 tu,
777 5548 909 5615 honiche,
926 5548 992 5603 atte-

127 5654 333 5795 migssssc'd
347 5703 431 5758 totum
444 5714 478 5757 es
490 5701 544 5755 tcto
558 5696 722 5769 erpi-imeae.
746 5692 833 5749 Deest
852 5690 882 5748 in
906 5689 995 5764 quin·
