<?xml version="1.0" encoding="UTF-8"?>
<!DOCTYPE html PUBLIC "-//W3C//DTD XHTML 1.0 Transitional//EN"
    "http://www.w3.org/TR/xhtml1/DTD/xhtml1-transitional.dtd">
<html xmlns="http://www.w3.org/1999/xhtml" xml:lang="en" lang="en">
 <head>
  <title>
</title>
<meta http-equiv="Content-Type" content="text/html;charset=utf-8" />
  <meta name='ocr-system' content='tesseract 3.04.00' />
  <meta name='ocr-capabilities' content='ocr_page ocr_carea ocr_par ocr_line ocrx_word'/>
</head>
<body>
  <div class='ocr_page' id='page_1' title='image "./patrologiaecurs31goog_0396.png"; bbox 0 0 4159 6184; ppageno 0'>
   <div class='ocr_carea' id='block_1_1' title="bbox 274 318 1932 430">
    <p class='ocr_par' dir='ltr' id='par_1_1' title="bbox 274 318 1932 430">
     <span class='ocr_line' id='line_1_1' title="bbox 274 318 1932 430; baseline 0.003 -5"><span class='ocrx_word' id='word_1_1' title='bbox 274 318 340 426; x_wconf 78' lang='lat' dir='ltr'><strong>raa</strong></span> <span class='ocrx_word' id='word_1_2' title='bbox 1005 364 1038 428; x_wconf 92' lang='lat' dir='ltr'><strong>s.</strong></span> <span class='ocrx_word' id='word_1_3' title='bbox 1061 355 1250 428; x_wconf 83' lang='lat' dir='ltr'><strong>annnosu</strong></span> <span class='ocrx_word' id='word_1_4' title='bbox 1888 359 1932 430; x_wconf 82' lang='lat' dir='ltr'><strong>ru</strong></span> 
     </span>
    </p>
   </div>
   <div class='ocr_carea' id='block_1_2' title="bbox 275 482 2014 3945">
    <p class='ocr_par' dir='ltr' id='par_1_2' title="bbox 275 482 2014 3945">
     <span class='ocr_line' id='line_1_2' title="bbox 275 482 1935 572; baseline 0.002 -19"><span class='ocrx_word' id='word_1_5' title='bbox 275 499 344 554; x_wconf 88' lang='lat' dir='ltr'><strong>vitis</strong></span> <span class='ocrx_word' id='word_1_6' title='bbox 358 495 495 553; x_wconf 76' lang='lat' dir='ltr'><strong>avaritiae.</strong></span> <span class='ocrx_word' id='word_1_7' title='bbox 513 513 577 571; x_wconf 83' lang='lat' dir='ltr'><strong>quae</strong></span> <span class='ocrx_word' id='word_1_8' title='bbox 590 495 700 571; x_wconf 84' lang='lat' dir='ltr'><strong>expleri</strong></span> <span class='ocrx_word' id='word_1_9' title='bbox 715 515 773 554; x_wconf 90' lang='lat' dir='ltr'><strong>non</strong></span> <span class='ocrx_word' id='word_1_10' title='bbox 785 499 890 570; x_wconf 88' lang='lat' dir='ltr'><strong>potest.</strong></span> <span class='ocrx_word' id='word_1_11' title='bbox 907 482 1019 571; x_wconf 86' lang='lat' dir='ltr'><strong>Gurges</strong></span> <span class='ocrx_word' id='word_1_12' title='bbox 1035 498 1100 572; x_wconf 88' lang='lat' dir='ltr'><strong>qui·</strong></span> <span class='ocrx_word' id='word_1_13' title='bbox 1115 500 1142 565; x_wconf 79' lang='grc' dir='ltr'><strong>Α</strong></span> <span class='ocrx_word' id='word_1_14' title='bbox 1157 498 1208 554; x_wconf 89' lang='lat' dir='ltr'><strong>scd</strong></span> <span class='ocrx_word' id='word_1_15' title='bbox 1224 494 1498 552; x_wconf 78' lang='lat' dir='ltr'><strong>cursuiltelormior</strong></span> <span class='ocrx_word' id='word_1_16' title='bbox 1511 499 1556 550; x_wconf 89' lang='lat' dir='ltr'><strong>est</strong></span> <span class='ocrx_word' id='word_1_17' title='bbox 1570 492 1707 560; x_wconf 87' lang='lat' dir='ltr'><strong>vietus,in</strong></span> <span class='ocrx_word' id='word_1_18' title='bbox 1723 509 1776 566; x_wconf 88' lang='lat' dir='ltr'><strong>quo</strong></span> <span class='ocrx_word' id='word_1_19' title='bbox 1789 499 1816 550; x_wconf 88' lang='lat' dir='ltr'><strong>et</strong></span> <span class='ocrx_word' id='word_1_20' title='bbox 1827 497 1935 556; x_wconf 74' lang='lat' dir='ltr'>nobilitas</span> 
     </span>
     <span class='ocr_line' id='line_1_3' title="bbox 276 582 1937 661; baseline 0 -18"><span class='ocrx_word' id='word_1_21' title='bbox 276 587 345 643; x_wconf 89' lang='lat' dir='ltr'><strong>dam</strong></span> <span class='ocrx_word' id='word_1_22' title='bbox 362 585 550 654; x_wconf 87' lang='lat' dir='ltr'><strong>insatiabilis,</strong></span> <span class='ocrx_word' id='word_1_23' title='bbox 562 587 692 661; x_wconf 80' lang='lat' dir='ltr'>rapidior</span> <span class='ocrx_word' id='word_1_24' title='bbox 706 590 830 656; x_wconf 74' lang='lat' dir='ltr'><strong>osteum</strong></span> <span class='ocrx_word' id='word_1_25' title='bbox 847 586 927 643; x_wconf 90' lang='lat' dir='ltr'><strong>illata</strong></span> <span class='ocrx_word' id='word_1_26' title='bbox 941 587 1100 660; x_wconf 78' lang='lat' dir='ltr'><strong>demergit:</strong></span> <span class='ocrx_word' id='word_1_27' title='bbox 1157 587 1272 659; x_wconf 87' lang='lat' dir='ltr'><strong>generis</strong></span> <span class='ocrx_word' id='word_1_28' title='bbox 1287 584 1477 659; x_wconf 79' lang='lat' dir='ltr'><strong>periclitatur.</strong></span> <span class='ocrx_word' id='word_1_29' title='bbox 1503 583 1577 640; x_wconf 82' lang='lat' dir='ltr'><strong>Cave</strong></span> <span class='ocrx_word' id='word_1_30' title='bbox 1598 582 1697 656; x_wconf 85' lang='lat' dir='ltr'><strong>igitur,</strong></span> <span class='ocrx_word' id='word_1_31' title='bbox 1721 582 1803 649; x_wconf 83' lang='lat' dir='ltr'><strong>dives,</strong></span> <span class='ocrx_word' id='word_1_32' title='bbox 1825 601 1855 641; x_wconf 90' lang='lat' dir='ltr'><strong>ne</strong></span> <span class='ocrx_word' id='word_1_33' title='bbox 1874 587 1899 642; x_wconf 91' lang='lat' dir='ltr'><strong>in</strong></span> <span class='ocrx_word' id='word_1_34' title='bbox 1916 593 1937 644; x_wconf 87' lang='lat' dir='ltr'><strong>ts</strong></span> 
     </span>
     <span class='ocr_line' id='line_1_4' title="bbox 275 671 1939 748; baseline 0.001 -16"><span class='ocrx_word' id='word_1_35' title='bbox 275 679 304 732; x_wconf 91' lang='lat' dir='ltr'><strong>et</strong></span> <span class='ocrx_word' id='word_1_36' title='bbox 327 675 407 748; x_wconf 91' lang='lat' dir='ltr'><strong>putei</strong></span> <span class='ocrx_word' id='word_1_37' title='bbox 442 678 529 732; x_wconf 92' lang='lat' dir='ltr'><strong>modo</strong></span> <span class='ocrx_word' id='word_1_38' title='bbox 563 693 633 732; x_wconf 91' lang='lat' dir='ltr'><strong>cum</strong></span> <span class='ocrx_word' id='word_1_39' title='bbox 655 677 788 732; x_wconf 79' lang='lat' dir='ltr'><strong>exundat</strong></span> <span class='ocrx_word' id='word_1_40' title='bbox 812 693 892 732; x_wconf 89' lang='lat' dir='ltr'><strong>eoeno</strong></span> <span class='ocrx_word' id='word_1_41' title='bbox 916 675 1102 748; x_wconf 74' lang='lat' dir='ltr'><strong>inquinatur,</strong></span> <span class='ocrx_word' id='word_1_42' title='bbox 1157 675 1330 731; x_wconf 83' lang='lat' dir='ltr'><strong>crubescant</strong></span> <span class='ocrx_word' id='word_1_43' title='bbox 1352 679 1470 731; x_wconf 91' lang='lat' dir='ltr'><strong>tuorum</strong></span> <span class='ocrx_word' id='word_1_44' title='bbox 1496 671 1599 728; x_wconf 89' lang='lat' dir='ltr'><strong>merita</strong></span> <span class='ocrx_word' id='word_1_45' title='bbox 1624 673 1773 743; x_wconf 88' lang='lat' dir='ltr'><strong>majorum,</strong></span> <span class='ocrx_word' id='word_1_46' title='bbox 1796 689 1828 729; x_wconf 90' lang='lat' dir='ltr'><strong>ne</strong></span> <span class='ocrx_word' id='word_1_47' title='bbox 1850 673 1939 734; x_wconf 87' lang='lat' dir='ltr'><strong>lorteet</strong></span> 
     </span>
     <span class='ocr_line' id='line_1_5' title="bbox 275 760 1941 838; baseline -0.003 -15"><span class='ocrx_word' id='word_1_48' title='bbox 275 769 385 824; x_wconf 84' lang='lat' dir='ltr'><strong>terram</strong></span> <span class='ocrx_word' id='word_1_49' title='bbox 400 766 511 823; x_wconf 86' lang='lat' dir='ltr'><strong>arradit</strong></span> <span class='ocrx_word' id='word_1_50' title='bbox 524 764 598 821; x_wconf 89' lang='lat' dir='ltr'><strong>nihil</strong></span> <span class='ocrx_word' id='word_1_51' title='bbox 613 765 669 821; x_wconf 86' lang='lat' dir='ltr'><strong>sibi</strong></span> <span class='ocrx_word' id='word_1_52' title='bbox 686 766 882 838; x_wconf 81' lang='lat' dir='ltr'><strong>profuturum.</strong></span> <span class='ocrx_word' id='word_1_53' title='bbox 895 765 971 821; x_wconf 75' lang='grc'><strong>1180</strong></span> <span class='ocrx_word' id='word_1_54' title='bbox 986 763 1037 821; x_wconf 88' lang='lat' dir='ltr'><strong>Vel</strong></span> <span class='ocrx_word' id='word_1_55' title='bbox 1049 765 1103 821; x_wconf 94' lang='lat' dir='ltr'><strong>hoc</strong></span> <span class='ocrx_word' id='word_1_56' title='bbox 1157 763 1215 819; x_wconf 89' lang='lat' dir='ltr'><strong>illis</strong></span> <span class='ocrx_word' id='word_1_57' title='bbox 1231 764 1360 820; x_wconf 86' lang='lat' dir='ltr'><strong>dicotur:</strong></span> <span class='ocrx_word' id='word_1_58' title='bbox 1378 765 1436 820; x_wconf 88' lang='lat' dir='ltr'><strong>Cur</strong></span> <span class='ocrx_word' id='word_1_59' title='bbox 1450 761 1538 818; x_wconf 90' lang='lat' dir='ltr'><strong>talem</strong></span> <span class='ocrx_word' id='word_1_60' title='bbox 1563 760 1726 831; x_wconf 89' lang='lat' dir='ltr'><strong>instituitis,</strong></span> <span class='ocrx_word' id='word_1_61' title='bbox 1750 779 1798 818; x_wconf 89' lang='lat' dir='ltr'><strong>cur</strong></span> <span class='ocrx_word' id='word_1_62' title='bbox 1811 762 1886 819; x_wconf 87' lang='lat' dir='ltr'><strong>talem</strong></span> <span class='ocrx_word' id='word_1_63' title='bbox 1899 765 1941 821; x_wconf 87' lang='lat' dir='ltr'><strong>elc-</strong></span> 
     </span>
     <span class='ocr_line' id='line_1_6' title="bbox 276 849 1941 928; baseline -0.002 -15"><span class='ocrx_word' id='word_1_64' title='bbox 276 855 409 928; x_wconf 81' lang='lat' dir='ltr'><strong>exemplo</strong></span> <span class='ocrx_word' id='word_1_65' title='bbox 428 872 480 912; x_wconf 89' lang='lat' dir='ltr'><strong>vos</strong></span> <span class='ocrx_word' id='word_1_66' title='bbox 504 855 653 910; x_wconf 85' lang='lat' dir='ltr'><strong>admoneri</strong></span> <span class='ocrx_word' id='word_1_67' title='bbox 681 853 824 910; x_wconf 90' lang='lat' dir='ltr'><strong>convenit.</strong></span> <span class='ocrx_word' id='word_1_68' title='bbox 851 857 958 911; x_wconf 88' lang='lat' dir='ltr'><strong>Puteus</strong></span> <span class='ocrx_word' id='word_1_69' title='bbox 983 854 1103 910; x_wconf 89' lang='lat' dir='ltr'><strong>enimsi</strong></span> <span class='ocrx_word' id='word_1_70' title='bbox 1158 851 1242 926; x_wconf 89' lang='lat' dir='ltr'><strong>gistis</strong></span> <span class='ocrx_word' id='word_1_71' title='bbox 1257 852 1423 908; x_wconf 74' lang='lat' dir='ltr'><strong>haeredem?</strong></span> <span class='ocrx_word' id='word_1_72' title='bbox 1439 852 1501 907; x_wconf 89' lang='lat' dir='ltr'><strong>Non</strong></span> <span class='ocrx_word' id='word_1_73' title='bbox 1518 851 1548 906; x_wconf 94' lang='lat' dir='ltr'><strong>in</strong></span> <span class='ocrx_word' id='word_1_74' title='bbox 1572 849 1683 906; x_wconf 87' lang='lat' dir='ltr'><strong>auratis</strong></span> <span class='ocrx_word' id='word_1_75' title='bbox 1706 849 1884 922; x_wconf 80' lang='lat' dir='ltr'><strong>laquearibus,</strong></span> <span class='ocrx_word' id='word_1_76' title='bbox 1903 871 1941 909; x_wconf 87' lang='lat' dir='ltr'><strong>neo</strong></span> 
     </span>
     <span class='ocr_line' id='line_1_7' title="bbox 276 938 1942 1016; baseline -0.002 -14"><span class='ocrx_word' id='word_1_77' title='bbox 276 943 496 1015; x_wconf 87' lang='lat' dir='ltr'><strong>nihilbaurins,</strong></span> <span class='ocrx_word' id='word_1_78' title='bbox 520 942 607 1000; x_wconf 87' lang='lat' dir='ltr'><strong>inerti</strong></span> <span class='ocrx_word' id='word_1_79' title='bbox 633 944 690 1000; x_wconf 92' lang='lat' dir='ltr'><strong>otio</strong></span> <span class='ocrx_word' id='word_1_80' title='bbox 715 947 745 999; x_wconf 90' lang='lat' dir='ltr'><strong>et</strong></span> <span class='ocrx_word' id='word_1_81' title='bbox 772 943 909 1016; x_wconf 79' lang='lat' dir='ltr'><strong>degeneri</strong></span> <span class='ocrx_word' id='word_1_82' title='bbox 931 943 987 1000; x_wconf 95' lang='lat' dir='ltr'><strong>situ</strong></span> <span class='ocrx_word' id='word_1_83' title='bbox 1019 941 1104 998; x_wconf 81' lang='lat' dir='ltr'><strong>facile</strong></span> <span class='ocrx_word' id='word_1_84' title='bbox 1159 941 1189 996; x_wconf 89' lang='lat' dir='ltr'><strong>ia</strong></span> <span class='ocrx_word' id='word_1_85' title='bbox 1212 939 1423 1014; x_wconf 79' lang='lat' dir='ltr'><strong>porphyreticis</strong></span> <span class='ocrx_word' id='word_1_86' title='bbox 1456 940 1577 997; x_wconf 86' lang='lat' dir='ltr'><strong>orbibus</strong></span> <span class='ocrx_word' id='word_1_87' title='bbox 1608 938 1730 994; x_wconf 72' lang='lat' dir='ltr'><strong>heredis</strong></span> <span class='ocrx_word' id='word_1_88' title='bbox 1757 943 1799 995; x_wconf 87' lang='lat' dir='ltr'><strong>est</strong></span> <span class='ocrx_word' id='word_1_89' title='bbox 1823 941 1942 998; x_wconf 90' lang='lat' dir='ltr'><strong>meritum.</strong></span> 
     </span>
     <span class='ocr_line' id='line_1_8' title="bbox 278 1027 1944 1105; baseline -0.001 -17"><span class='ocrx_word' id='word_1_90' title='bbox 278 1032 496 1105; x_wconf 78' lang='lat' dir='ltr'><strong>corrumpitur:</strong></span> <span class='ocrx_word' id='word_1_91' title='bbox 513 1033 656 1088; x_wconf 84' lang='lat' dir='ltr'><strong>exercitus</strong></span> <span class='ocrx_word' id='word_1_92' title='bbox 667 1036 764 1088; x_wconf 88' lang='lat' dir='ltr'><strong>autom</strong></span> <span class='ocrx_word' id='word_1_93' title='bbox 776 1032 893 1088; x_wconf 78' lang='lat' dir='ltr'><strong>nitescit</strong></span> <span class='ocrx_word' id='word_1_94' title='bbox 908 1033 944 1087; x_wconf 85' lang='lat' dir='ltr'><strong>ad</strong></span> <span class='ocrx_word' id='word_1_95' title='bbox 964 1031 1103 1105; x_wconf 86' lang='lat' dir='ltr'><strong>speciem,</strong></span> <span class='ocrx_word' id='word_1_96' title='bbox 1159 1030 1235 1086; x_wconf 88' lang='lat' dir='ltr'><strong>Laus</strong></span> <span class='ocrx_word' id='word_1_97' title='bbox 1249 1032 1306 1084; x_wconf 86' lang='lat' dir='ltr'><strong>ista</strong></span> <span class='ocrx_word' id='word_1_98' title='bbox 1321 1047 1379 1086; x_wconf 91' lang='lat' dir='ltr'><strong>non</strong></span> <span class='ocrx_word' id='word_1_99' title='bbox 1404 1028 1569 1098; x_wconf 92' lang='lat' dir='ltr'><strong>hominum,</strong></span> <span class='ocrx_word' id='word_1_100' title='bbox 1596 1028 1645 1084; x_wconf 89' lang='lat' dir='ltr'><strong>sed</strong></span> <span class='ocrx_word' id='word_1_101' title='bbox 1671 1027 1845 1084; x_wconf 89' lang='lat' dir='ltr'><strong>metallorum</strong></span> <span class='ocrx_word' id='word_1_102' title='bbox 1866 1035 1910 1098; x_wconf 88' lang='lat' dir='ltr'><strong>est,</strong></span> <span class='ocrx_word' id='word_1_103' title='bbox 1921 1032 1944 1088; x_wconf 88' lang='lat' dir='ltr'><strong>in</strong></span> 
     </span>
     <span class='ocr_line' id='line_1_9' title="bbox 278 1117 1943 1195; baseline -0.003 -16"><span class='ocrx_word' id='word_1_104' title='bbox 278 1120 422 1179; x_wconf 84' lang='lat' dir='ltr'><strong>dulcescit</strong></span> <span class='ocrx_word' id='word_1_105' title='bbox 444 1122 480 1178; x_wconf 88' lang='lat' dir='ltr'><strong>ad</strong></span> <span class='ocrx_word' id='word_1_106' title='bbox 506 1126 626 1195; x_wconf 90' lang='lat' dir='ltr'><strong>potum:</strong></span> <span class='ocrx_word' id='word_1_107' title='bbox 651 1121 694 1178; x_wconf 87' lang='lat' dir='ltr'><strong>ita</strong></span> <span class='ocrx_word' id='word_1_108' title='bbox 717 1125 746 1177; x_wconf 92' lang='lat' dir='ltr'><strong>et</strong></span> <span class='ocrx_word' id='word_1_109' title='bbox 779 1137 899 1177; x_wconf 88' lang='lat' dir='ltr'><strong>acervus</strong></span> <span class='ocrx_word' id='word_1_110' title='bbox 923 1119 1103 1185; x_wconf 88' lang='lat' dir='ltr'><strong>divitiarum,</strong></span> <span class='ocrx_word' id='word_1_111' title='bbox 1160 1118 1415 1192; x_wconf 88' lang='lat' dir='ltr'><strong>quibushomiues</strong></span> <span class='ocrx_word' id='word_1_112' title='bbox 1431 1117 1943 1192; x_wconf 75' lang='lat' dir='ltr'><strong>puniunturl2lesregentesaurun</strong></span> 
     </span>
     <span class='ocr_line' id='line_1_10' title="bbox 278 1205 1945 1284; baseline -0.003 -16"><span class='ocrx_word' id='word_1_113' title='bbox 278 1209 398 1268; x_wconf 88' lang='lat' dir='ltr'><strong>cumulo</strong></span> <span class='ocrx_word' id='word_1_114' title='bbox 427 1227 579 1275; x_wconf 86' lang='lat' dir='ltr'><strong>arenosus,</strong></span> <span class='ocrx_word' id='word_1_115' title='bbox 603 1210 755 1284; x_wconf 84' lang='lat' dir='ltr'><strong>speciosus</strong></span> <span class='ocrx_word' id='word_1_116' title='bbox 779 1214 823 1266; x_wconf 87' lang='lat' dir='ltr'><strong>est</strong></span> <span class='ocrx_word' id='word_1_117' title='bbox 847 1227 915 1278; x_wconf 87' lang='lat' dir='ltr'><strong>usu,</strong></span> <span class='ocrx_word' id='word_1_118' title='bbox 931 1210 989 1266; x_wconf 94' lang='lat' dir='ltr'><strong>otio</strong></span> <span class='ocrx_word' id='word_1_119' title='bbox 1005 1213 1105 1265; x_wconf 88' lang='lat' dir='ltr'><strong>sutem</strong></span> <span class='ocrx_word' id='word_1_120' title='bbox 1160 1208 1308 1281; x_wconf 77' lang='lat' dir='ltr'><strong>queritur,</strong></span> <span class='ocrx_word' id='word_1_121' title='bbox 1324 1212 1352 1264; x_wconf 88' lang='lat' dir='ltr'><strong>et</strong></span> <span class='ocrx_word' id='word_1_122' title='bbox 1362 1205 1514 1281; x_wconf 85' lang='lat' dir='ltr'><strong>egentibus</strong></span> <span class='ocrx_word' id='word_1_123' title='bbox 1525 1206 1835 1280; x_wconf 87' lang='lat' dir='ltr'><strong>denegatur.Laboraot</strong></span> <span class='ocrx_word' id='word_1_124' title='bbox 1847 1210 1875 1262; x_wconf 89' lang='lat' dir='ltr'><strong>ut</strong></span> <span class='ocrx_word' id='word_1_125' title='bbox 1886 1223 1945 1279; x_wconf 83' lang='lat' dir='ltr'><strong>qun-</strong></span> 
     </span>
     <span class='ocr_line' id='line_1_11' title="bbox 277 1294 1946 1372; baseline -0.003 -16"><span class='ocrx_word' id='word_1_126' title='bbox 277 1298 393 1358; x_wconf 89' lang='lat' dir='ltr'><strong>inutilis</strong></span> <span class='ocrx_word' id='word_1_127' title='bbox 408 1298 543 1356; x_wconf 90' lang='lat' dir='ltr'><strong>babetur.</strong></span> <span class='ocrx_word' id='word_1_128' title='bbox 560 1301 694 1356; x_wconf 73' lang='lat' dir='ltr'><strong>Dentato</strong></span> <span class='ocrx_word' id='word_1_129' title='bbox 708 1297 920 1372; x_wconf 87' lang='lat' dir='ltr'><strong>igiluraliquid</strong></span> <span class='ocrx_word' id='word_1_130' title='bbox 936 1299 971 1354; x_wconf 92' lang='lat' dir='ltr'><strong>de</strong></span> <span class='ocrx_word' id='word_1_131' title='bbox 986 1297 1040 1355; x_wconf 90' lang='lat' dir='ltr'><strong>hoc</strong></span> <span class='ocrx_word' id='word_1_132' title='bbox 1050 1315 1104 1371; x_wconf 92' lang='lat' dir='ltr'><strong>pu·</strong></span> <span class='ocrx_word' id='word_1_133' title='bbox 1159 1300 1235 1366; x_wconf 81' lang='lat' dir='ltr'><strong>rant,</strong></span> <span class='ocrx_word' id='word_1_134' title='bbox 1251 1295 1385 1354; x_wconf 88' lang='lat' dir='ltr'><strong>laborant</strong></span> <span class='ocrx_word' id='word_1_135' title='bbox 1400 1301 1432 1353; x_wconf 94' lang='lat' dir='ltr'><strong>ut</strong></span> <span class='ocrx_word' id='word_1_136' title='bbox 1446 1296 1607 1368; x_wconf 82' lang='lat' dir='ltr'><strong>inueniant,</strong></span> <span class='ocrx_word' id='word_1_137' title='bbox 1631 1295 1708 1368; x_wconf 92' lang='lat' dir='ltr'><strong>quod</strong></span> <span class='ocrx_word' id='word_1_138' title='bbox 1734 1294 1835 1352; x_wconf 88' lang='lat' dir='ltr'><strong>habere</strong></span> <span class='ocrx_word' id='word_1_139' title='bbox 1847 1311 1896 1352; x_wconf 90' lang='lat' dir='ltr'><strong>non</strong></span> <span class='ocrx_word' id='word_1_140' title='bbox 1907 1311 1946 1351; x_wconf 92' lang='lat' dir='ltr'><strong>no·</strong></span> 
     </span>
     <span class='ocr_line' id='line_1_12' title="bbox 277 1375 1238 1462; baseline -0.004 -16"><span class='ocrx_word' id='word_1_141' title='bbox 277 1375 334 1446; x_wconf 78' lang='lat' dir='ltr'><strong>teo.</strong></span> <span class='ocrx_word' id='word_1_142' title='bbox 350 1389 451 1462; x_wconf 85' lang='lat' dir='ltr'><strong>ignem</strong></span> <span class='ocrx_word' id='word_1_143' title='bbox 466 1390 617 1446; x_wconf 82' lang='lat' dir='ltr'><strong>ardentem</strong></span> <span class='ocrx_word' id='word_1_144' title='bbox 642 1388 803 1462; x_wconf 84' lang='lat' dir='ltr'><strong>exstinguit</strong></span> <span class='ocrx_word' id='word_1_145' title='bbox 826 1405 913 1460; x_wconf 86' lang='lat' dir='ltr'><strong>aqua,</strong></span> <span class='ocrx_word' id='word_1_146' title='bbox 939 1392 967 1444; x_wconf 92' lang='lat' dir='ltr'><strong>et</strong></span> <span class='ocrx_word' id='word_1_147' title='bbox 981 1387 1105 1444; x_wconf 84' lang='lat' dir='ltr'><strong>eleemo·</strong></span> <span class='ocrx_word' id='word_1_148' title='bbox 1160 1389 1238 1442; x_wconf 87' lang='lat' dir='ltr'><strong>runt.</strong></span> 
     </span>
     <span class='ocr_line' id='line_1_13' title="bbox 276 1472 1947 1551; baseline -0.003 -18"><span class='ocrx_word' id='word_1_149' title='bbox 276 1494 349 1551; x_wconf 78' lang='lat' dir='ltr'><strong>syna</strong></span> <span class='ocrx_word' id='word_1_150' title='bbox 372 1476 483 1533; x_wconf 88' lang='lat' dir='ltr'><strong>resistit</strong></span> <span class='ocrx_word' id='word_1_151' title='bbox 516 1476 661 1550; x_wconf 86' lang='lat' dir='ltr'><strong>peccatis:</strong></span> <span class='ocrx_word' id='word_1_152' title='bbox 688 1494 765 1549; x_wconf 88' lang='lat' dir='ltr'><strong>aqua</strong></span> <span class='ocrx_word' id='word_1_153' title='bbox 789 1480 886 1533; x_wconf 92' lang='lat' dir='ltr'><strong>autem</strong></span> <span class='ocrx_word' id='word_1_154' title='bbox 911 1475 1018 1532; x_wconf 87' lang='lat' dir='ltr'><strong>stativa</strong></span> <span class='ocrx_word' id='word_1_155' title='bbox 1049 1475 1105 1531; x_wconf 91' lang='lat' dir='ltr'><strong>cito</strong></span> <span class='ocrx_word' id='word_1_156' title='bbox 1196 1477 1240 1530; x_wconf 67' lang='lat' dir='ltr'><strong>hi.</strong></span> <span class='ocrx_word' id='word_1_157' title='bbox 1258 1475 1346 1531; x_wconf 89' lang='lat' dir='ltr'><strong>lliror</strong></span> <span class='ocrx_word' id='word_1_158' title='bbox 1362 1479 1421 1530; x_wconf 88' lang='lat' dir='ltr'><strong>tam</strong></span> <span class='ocrx_word' id='word_1_159' title='bbox 1437 1491 1536 1531; x_wconf 84' lang='lat' dir='ltr'><strong>curso</strong></span> <span class='ocrx_word' id='word_1_160' title='bbox 1552 1491 1613 1542; x_wconf 85' lang='lat' dir='ltr'><strong>vos,</strong></span> <span class='ocrx_word' id='word_1_161' title='bbox 1629 1473 1744 1542; x_wconf 85' lang='lat' dir='ltr'><strong>divites,</strong></span> <span class='ocrx_word' id='word_1_162' title='bbox 1759 1472 1897 1544; x_wconf 83' lang='lat' dir='ltr'><strong>jactandos</strong></span> <span class='ocrx_word' id='word_1_163' title='bbox 1909 1490 1947 1546; x_wconf 90' lang='lat' dir='ltr'><strong>pu·</strong></span> 
     </span>
     <span class='ocr_line' id='line_1_14' title="bbox 275 1561 1948 1637; baseline -0.002 -18"><span class='ocrx_word' id='word_1_164' title='bbox 275 1579 390 1620; x_wconf 83' lang='lat' dir='ltr'><strong>vermes</strong></span> <span class='ocrx_word' id='word_1_165' title='bbox 411 1565 490 1620; x_wconf 85' lang='lat' dir='ltr'><strong>tacit.</strong></span> <span class='ocrx_word' id='word_1_166' title='bbox 515 1565 578 1620; x_wconf 93' lang='lat' dir='ltr'><strong>Non</strong></span> <span class='ocrx_word' id='word_1_167' title='bbox 603 1568 660 1619; x_wconf 86' lang='lat' dir='ltr'><strong>stet</strong></span> <span class='ocrx_word' id='word_1_168' title='bbox 687 1564 844 1620; x_wconf 81' lang='lat' dir='ltr'><strong>thesaurus</strong></span> <span class='ocrx_word' id='word_1_169' title='bbox 868 1569 948 1631; x_wconf 89' lang='lat' dir='ltr'><strong>tuus,</strong></span> <span class='ocrx_word' id='word_1_170' title='bbox 975 1580 1029 1619; x_wconf 88' lang='lat' dir='ltr'><strong>aec</strong></span> <span class='ocrx_word' id='word_1_171' title='bbox 1051 1567 1108 1620; x_wconf 89' lang='lat' dir='ltr'><strong>stet</strong></span> <span class='ocrx_word' id='word_1_172' title='bbox 1161 1564 1241 1624; x_wconf 80' lang='lat' dir='ltr'><strong>tetis,</strong></span> <span class='ocrx_word' id='word_1_173' title='bbox 1259 1581 1310 1618; x_wconf 89' lang='lat' dir='ltr'><strong>cur</strong></span> <span class='ocrx_word' id='word_1_174' title='bbox 1324 1580 1428 1620; x_wconf 90' lang='lat' dir='ltr'><strong>aurum</strong></span> <span class='ocrx_word' id='word_1_175' title='bbox 1445 1563 1567 1620; x_wconf 83' lang='lat' dir='ltr'><strong>matoria</strong></span> <span class='ocrx_word' id='word_1_176' title='bbox 1585 1563 1680 1637; x_wconf 88' lang='lat' dir='ltr'><strong>magis</strong></span> <span class='ocrx_word' id='word_1_177' title='bbox 1699 1561 1868 1632; x_wconf 79' lang='lat' dir='ltr'><strong>offensionis,</strong></span> <span class='ocrx_word' id='word_1_178' title='bbox 1881 1577 1948 1634; x_wconf 86' lang='lat' dir='ltr'><strong>quon</strong></span> 
     </span>
     <span class='ocr_line' id='line_1_15' title="bbox 278 1650 1947 1727; baseline -0.002 -19"><span class='ocrx_word' id='word_1_179' title='bbox 278 1653 356 1727; x_wconf 90' lang='lat' dir='ltr'><strong>ignis</strong></span> <span class='ocrx_word' id='word_1_180' title='bbox 375 1658 464 1708; x_wconf 89' lang='lat' dir='ltr'><strong>tuus:</strong></span> <span class='ocrx_word' id='word_1_181' title='bbox 489 1653 581 1708; x_wconf 84' lang='lat' dir='ltr'><strong>stabit</strong></span> <span class='ocrx_word' id='word_1_182' title='bbox 602 1653 632 1708; x_wconf 91' lang='lat' dir='ltr'><strong>in</strong></span> <span class='ocrx_word' id='word_1_183' title='bbox 656 1660 693 1723; x_wconf 90' lang='lat' dir='ltr'><strong>te,</strong></span> <span class='ocrx_word' id='word_1_184' title='bbox 718 1653 775 1708; x_wconf 90' lang='lat' dir='ltr'><strong>nisi</strong></span> <span class='ocrx_word' id='word_1_185' title='bbox 802 1670 868 1709; x_wconf 92' lang='lat' dir='ltr'><strong>cum</strong></span> <span class='ocrx_word' id='word_1_186' title='bbox 894 1653 1106 1725; x_wconf 81' lang='lat' dir='ltr'><strong>operibustuae</strong></span> <span class='ocrx_word' id='word_1_187' title='bbox 1162 1653 1425 1709; x_wconf 80' lang='lat' dir='ltr'><strong>commendationis</strong></span> <span class='ocrx_word' id='word_1_188' title='bbox 1446 1651 1539 1726; x_wconf 89' lang='lat' dir='ltr'><strong>gratia</strong></span> <span class='ocrx_word' id='word_1_189' title='bbox 1566 1651 1614 1708; x_wconf 86' lang='lat' dir='ltr'><strong>sit.</strong></span> <span class='ocrx_word' id='word_1_190' title='bbox 1643 1651 1765 1726; x_wconf 62' lang='lat' dir='ltr'><strong>trignum</strong></span> <span class='ocrx_word' id='word_1_191' title='bbox 1789 1651 1861 1707; x_wconf 92' lang='lat' dir='ltr'><strong>enim</strong></span> <span class='ocrx_word' id='word_1_192' title='bbox 1892 1650 1947 1707; x_wconf 77' lang='lat' dir='ltr'><strong>aas</strong></span> 
     </span>
     <span class='ocr_line' id='line_1_16' title="bbox 281 1740 1951 1815; baseline -0.002 -17"><span class='ocrx_word' id='word_1_193' title='bbox 281 1742 477 1798; x_wconf 85' lang='lat' dir='ltr'><strong>miserationis</strong></span> <span class='ocrx_word' id='word_1_194' title='bbox 493 1741 645 1798; x_wconf 80' lang='lat' dir='ltr'><strong>averteris.</strong></span> <span class='ocrx_word' id='word_1_195' title='bbox 662 1744 695 1798; x_wconf 88' lang='lat' dir='ltr'><strong>In</strong></span> <span class='ocrx_word' id='word_1_196' title='bbox 710 1743 829 1815; x_wconf 79' lang='lat' dir='ltr'><strong>quantis</strong></span> <span class='ocrx_word' id='word_1_197' title='bbox 845 1742 992 1809; x_wconf 86' lang='lat' dir='ltr'><strong>sis,dives,</strong></span> <span class='ocrx_word' id='word_1_198' title='bbox 1008 1741 1107 1796; x_wconf 87' lang='lat' dir='ltr'><strong>incen-</strong></span> <span class='ocrx_word' id='word_1_199' title='bbox 1163 1742 1331 1797; x_wconf 72' lang='lat' dir='ltr'><strong>offensionis</strong></span> <span class='ocrx_word' id='word_1_200' title='bbox 1350 1745 1393 1796; x_wconf 81' lang='lat' dir='ltr'><strong>est</strong></span> <span class='ocrx_word' id='word_1_201' title='bbox 1417 1746 1445 1796; x_wconf 90' lang='lat' dir='ltr'><strong>et</strong></span> <span class='ocrx_word' id='word_1_202' title='bbox 1464 1758 1580 1812; x_wconf 89' lang='lat' dir='ltr'><strong>nurum,</strong></span> <span class='ocrx_word' id='word_1_203' title='bbox 1605 1746 1634 1797; x_wconf 91' lang='lat' dir='ltr'><strong>et</strong></span> <span class='ocrx_word' id='word_1_204' title='bbox 1647 1757 1688 1796; x_wconf 80' lang='lat' dir='ltr'><strong>vac</strong></span> <span class='ocrx_word' id='word_1_205' title='bbox 1711 1741 1746 1796; x_wconf 88' lang='lat' dir='ltr'><strong>iis</strong></span> <span class='ocrx_word' id='word_1_206' title='bbox 1762 1740 1808 1813; x_wconf 86' lang='lat' dir='ltr'><strong>qui</strong></span> <span class='ocrx_word' id='word_1_207' title='bbox 1832 1743 1951 1796; x_wconf 65' lang='lat' dir='ltr'><strong>secantur</strong></span> 
     </span>
     <span class='ocr_line' id='line_1_17' title="bbox 282 1828 1951 1902; baseline -0.002 -16"><span class='ocrx_word' id='word_1_208' title='bbox 282 1831 340 1886; x_wconf 89' lang='lat' dir='ltr'><strong>diis</strong></span> <span class='ocrx_word' id='word_1_209' title='bbox 357 1831 520 1887; x_wconf 90' lang='lat' dir='ltr'><strong>considera.</strong></span> <span class='ocrx_word' id='word_1_210' title='bbox 544 1832 607 1888; x_wconf 84' lang='lat' dir='ltr'><strong>Tua</strong></span> <span class='ocrx_word' id='word_1_211' title='bbox 628 1848 683 1887; x_wconf 83' lang='lat' dir='ltr'><strong>vox</strong></span> <span class='ocrx_word' id='word_1_212' title='bbox 707 1835 752 1887; x_wconf 89' lang='lat' dir='ltr'><strong>est</strong></span> <span class='ocrx_word' id='word_1_213' title='bbox 773 1831 829 1887; x_wconf 90' lang='lat' dir='ltr'><strong>ista</strong></span> <span class='ocrx_word' id='word_1_214' title='bbox 855 1831 998 1886; x_wconf 88' lang='lat' dir='ltr'><strong>dicentis:</strong></span> <span class='ocrx_word' id='word_1_215' title='bbox 1016 1853 1029 1879; x_wconf 77' lang='lat' dir='ltr'><strong>a</strong></span> <span class='ocrx_word' id='word_1_216' title='bbox 1055 1830 1107 1884; x_wconf 89' lang='lat' dir='ltr'><strong>Pa·</strong></span> <span class='ocrx_word' id='word_1_217' title='bbox 1164 1829 1235 1886; x_wconf 89' lang='lat' dir='ltr'><strong>illud</strong></span> <span class='ocrx_word' id='word_1_218' title='bbox 1249 1849 1255 1886; x_wconf 91' lang='lat'>:</span> <span class='ocrx_word' id='word_1_219' title='bbox 1269 1831 1397 1902; x_wconf 83' lang='lat' dir='ltr'><strong>[lenique</strong></span> <span class='ocrx_word' id='word_1_220' title='bbox 1419 1831 1602 1886; x_wconf 83' lang='lat' dir='ltr'><strong>benedicitur</strong></span> <span class='ocrx_word' id='word_1_221' title='bbox 1633 1829 1713 1886; x_wconf 89' lang='lat' dir='ltr'><strong>dives</strong></span> <span class='ocrx_word' id='word_1_222' title='bbox 1739 1851 1751 1879; x_wconf 85' lang='lat' dir='ltr'><strong>a</strong></span> <span class='ocrx_word' id='word_1_223' title='bbox 1777 1828 1822 1902; x_wconf 85' lang='lat' dir='ltr'><strong>qui</strong></span> <span class='ocrx_word' id='word_1_224' title='bbox 1844 1828 1951 1884; x_wconf 82' lang='lat' dir='ltr'><strong>inventus</strong></span> 
     </span>
     <span class='ocr_line' id='line_1_18' title="bbox 282 1917 1952 1992; baseline -0.003 -17"><span class='ocrx_word' id='word_1_225' title='bbox 282 1923 327 1975; x_wconf 92' lang='lat' dir='ltr'><strong>ter</strong></span> <span class='ocrx_word' id='word_1_226' title='bbox 341 1919 499 1985; x_wconf 78' lang='lat' dir='ltr'><strong>Abraham,</strong></span> <span class='ocrx_word' id='word_1_227' title='bbox 524 1920 570 1975; x_wconf 92' lang='lat' dir='ltr'><strong>dic</strong></span> <span class='ocrx_word' id='word_1_228' title='bbox 594 1919 702 1975; x_wconf 84' lang='lat' dir='ltr'><strong>Lazaro</strong></span> <span class='ocrx_word' id='word_1_229' title='bbox 726 1924 759 1975; x_wconf 93' lang='lat' dir='ltr'><strong>ut</strong></span> <span class='ocrx_word' id='word_1_230' title='bbox 783 1924 946 1975; x_wconf 82' lang='lat' dir='ltr'><strong>extremum</strong></span> <span class='ocrx_word' id='word_1_231' title='bbox 962 1918 1045 1991; x_wconf 85' lang='lat' dir='ltr'><strong>digiti</strong></span> <span class='ocrx_word' id='word_1_232' title='bbox 1061 1917 1107 1973; x_wconf 91' lang='lat' dir='ltr'><strong>sui</strong></span> <span class='ocrx_word' id='word_1_233' title='bbox 1162 1921 1284 1976; x_wconf 84' lang='lat' dir='ltr'><strong>estsine</strong></span> <span class='ocrx_word' id='word_1_234' title='bbox 1305 1919 1430 1988; x_wconf 86' lang='lat' dir='ltr'><strong>marulo,</strong></span> <span class='ocrx_word' id='word_1_235' title='bbox 1456 1919 1549 1991; x_wconf 91' lang='lat' dir='ltr'><strong>etqui</strong></span> <span class='ocrx_word' id='word_1_236' title='bbox 1565 1922 1631 1992; x_wconf 87' lang='lat' dir='ltr'><strong>post</strong></span> <span class='ocrx_word' id='word_1_237' title='bbox 1643 1935 1749 1975; x_wconf 87' lang='lat' dir='ltr'><strong>aurum</strong></span> <span class='ocrx_word' id='word_1_238' title='bbox 1765 1934 1820 1974; x_wconf 89' lang='lat' dir='ltr'><strong>non</strong></span> <span class='ocrx_word' id='word_1_239' title='bbox 1834 1917 1903 1984; x_wconf 89' lang='lat' dir='ltr'><strong>abiit,</strong></span> <span class='ocrx_word' id='word_1_240' title='bbox 1915 1931 1952 1971; x_wconf 86' lang='lat' dir='ltr'><strong>neo</strong></span> 
     </span>
     <span class='ocr_line' id='line_1_19' title="bbox 282 2005 1950 2083; baseline -0.004 -19"><span class='ocrx_word' id='word_1_241' title='bbox 282 2009 410 2083; x_wconf 87' lang='lat' dir='ltr'><strong>intingat</strong></span> <span class='ocrx_word' id='word_1_242' title='bbox 424 2008 454 2064; x_wconf 90' lang='lat' dir='ltr'><strong>in</strong></span> <span class='ocrx_word' id='word_1_243' title='bbox 467 2025 553 2080; x_wconf 88' lang='lat' dir='ltr'><strong>aqua,</strong></span> <span class='ocrx_word' id='word_1_244' title='bbox 569 2013 598 2064; x_wconf 91' lang='lat' dir='ltr'><strong>et</strong></span> <span class='ocrx_word' id='word_1_245' title='bbox 613 2009 764 2082; x_wconf 87' lang='lat' dir='ltr'><strong>retrigeret</strong></span> <span class='ocrx_word' id='word_1_246' title='bbox 780 2007 911 2082; x_wconf 87' lang='lat' dir='ltr'><strong>linguam</strong></span> <span class='ocrx_word' id='word_1_247' title='bbox 923 2024 1018 2064; x_wconf 90' lang='lat' dir='ltr'><strong>meam</strong></span> <span class='ocrx_word' id='word_1_248' title='bbox 1030 2008 1106 2079; x_wconf 74' lang='lat' dir='ltr'><strong>(Luc.</strong></span> <span class='ocrx_word' id='word_1_249' title='bbox 1162 2009 1291 2081; x_wconf 79' lang='lat' dir='ltr'><strong>sperarit</strong></span> <span class='ocrx_word' id='word_1_250' title='bbox 1315 2008 1343 2063; x_wconf 93' lang='lat' dir='ltr'><strong>in</strong></span> <span class='ocrx_word' id='word_1_251' title='bbox 1370 2008 1499 2082; x_wconf 77' lang='lat' dir='ltr'><strong>pecuniae</strong></span> <span class='ocrx_word' id='word_1_252' title='bbox 1527 2007 1675 2064; x_wconf 87' lang='lat' dir='ltr'><strong>thesauris</strong></span> <span class='ocrx_word' id='word_1_253' title='bbox 1699 2008 1795 2080; x_wconf 82' lang='lat' dir='ltr'><strong>(Eccti.</strong></span> <span class='ocrx_word' id='word_1_254' title='bbox 1815 2023 1883 2072; x_wconf 81' lang='lat' dir='ltr'><strong>xxxa,</strong></span> <span class='ocrx_word' id='word_1_255' title='bbox 1900 2005 1929 2076; x_wconf 85' lang='grc'><strong>8).</strong></span> <span class='ocrx_word' id='word_1_256' title='bbox 1943 2025 1950 2051; x_wconf 83' lang='grc' dir='ltr'>ι</span> 
     </span>
     <span class='ocr_line' id='line_1_20' title="bbox 281 2090 1954 2170; baseline -0.005 -16"><span class='ocrx_word' id='word_1_257' title='bbox 281 2113 340 2163; x_wconf 82' lang='lat' dir='ltr'><strong>xva,</strong></span> <span class='ocrx_word' id='word_1_258' title='bbox 355 2097 412 2169; x_wconf 76' lang='grc'><strong>21).</strong></span> <span class='ocrx_word' id='word_1_259' title='bbox 430 2120 444 2148; x_wconf 81' lang='lat' dir='ltr'><strong>n</strong></span> <span class='ocrx_word' id='word_1_260' title='bbox 1163 2097 1217 2154; x_wconf 85' lang='lat' dir='ltr'><strong>Sed</strong></span> <span class='ocrx_word' id='word_1_261' title='bbox 1235 2097 1320 2170; x_wconf 89' lang='lat' dir='ltr'><strong>quasi</strong></span> <span class='ocrx_word' id='word_1_262' title='bbox 1345 2097 1371 2154; x_wconf 89' lang='lat' dir='ltr'><strong>is</strong></span> <span class='ocrx_word' id='word_1_263' title='bbox 1400 2097 1535 2170; x_wconf 88' lang='lat' dir='ltr'><strong>cognitus</strong></span> <span class='ocrx_word' id='word_1_264' title='bbox 1550 2113 1614 2153; x_wconf 88' lang='lat' dir='ltr'><strong>csse</strong></span> <span class='ocrx_word' id='word_1_265' title='bbox 1637 2113 1696 2153; x_wconf 89' lang='lat' dir='ltr'><strong>non</strong></span> <span class='ocrx_word' id='word_1_266' title='bbox 1721 2096 1822 2169; x_wconf 88' lang='lat' dir='ltr'><strong>possit,</strong></span> <span class='ocrx_word' id='word_1_267' title='bbox 1843 2109 1900 2150; x_wconf 92' lang='lat' dir='ltr'><strong>eum</strong></span> <span class='ocrx_word' id='word_1_268' title='bbox 1913 2090 1954 2147; x_wconf 85' lang='lat' dir='ltr'><strong>sibi</strong></span> 
     </span>
     <span class='ocr_line' id='line_1_21' title="bbox 317 2181 1955 2259; baseline -0.005 -17"><span class='ocrx_word' id='word_1_269' title='bbox 317 2186 362 2242; x_wconf 91' lang='grc'><strong>53.</strong></span> <span class='ocrx_word' id='word_1_270' title='bbox 380 2186 445 2242; x_wconf 85' lang='lat' dir='ltr'><strong>Tibi</strong></span> <span class='ocrx_word' id='word_1_271' title='bbox 460 2185 551 2258; x_wconf 90' lang='lat' dir='ltr'><strong>igitur</strong></span> <span class='ocrx_word' id='word_1_272' title='bbox 560 2186 675 2259; x_wconf 89' lang='lat' dir='ltr'><strong>prolicit</strong></span> <span class='ocrx_word' id='word_1_273' title='bbox 685 2185 829 2258; x_wconf 91' lang='lat' dir='ltr'><strong>quidquid</strong></span> <span class='ocrx_word' id='word_1_274' title='bbox 840 2185 920 2258; x_wconf 87' lang='lat' dir='ltr'><strong>inopi</strong></span> <span class='ocrx_word' id='word_1_275' title='bbox 933 2183 1108 2242; x_wconf 88' lang='lat' dir='ltr'><strong>contuleris:</strong></span> <span class='ocrx_word' id='word_1_276' title='bbox 1163 2186 1311 2242; x_wconf 84' lang='lat' dir='ltr'><strong>desiderat</strong></span> <span class='ocrx_word' id='word_1_277' title='bbox 1337 2185 1548 2242; x_wconf 86' lang='lat' dir='ltr'><strong>demonstrari:</strong></span> <span class='ocrx_word' id='word_1_278' title='bbox 1566 2206 1580 2236; x_wconf 82' lang='lat' dir='ltr'><strong>a</strong></span> <span class='ocrx_word' id='word_1_279' title='bbox 1605 2185 1676 2250; x_wconf 84' lang='lat' dir='ltr'><strong>Quis</strong></span> <span class='ocrx_word' id='word_1_280' title='bbox 1703 2190 1748 2242; x_wconf 89' lang='lat' dir='ltr'><strong>est</strong></span> <span class='ocrx_word' id='word_1_281' title='bbox 1760 2183 1820 2253; x_wconf 85' lang='lat' dir='ltr'><strong>hic,</strong></span> <span class='ocrx_word' id='word_1_282' title='bbox 1834 2181 1955 2254; x_wconf 77' lang='lat' dir='ltr'><strong>inquitet</strong></span> 
     </span>
     <span class='ocr_line' id='line_1_22' title="bbox 282 2267 1956 2348; baseline -0.007 -16"><span class='ocrx_word' id='word_1_283' title='bbox 282 2275 338 2332; x_wconf 92' lang='lat' dir='ltr'><strong>tibi</strong></span> <span class='ocrx_word' id='word_1_284' title='bbox 353 2275 459 2332; x_wconf 86' lang='lat' dir='ltr'><strong>crescit</strong></span> <span class='ocrx_word' id='word_1_285' title='bbox 475 2276 619 2348; x_wconf 87' lang='lat' dir='ltr'><strong>quidquid</strong></span> <span class='ocrx_word' id='word_1_286' title='bbox 633 2274 795 2331; x_wconf 88' lang='lat' dir='ltr'><strong>minueris:</strong></span> <span class='ocrx_word' id='word_1_287' title='bbox 812 2279 840 2330; x_wconf 93' lang='lat' dir='ltr'><strong>le</strong></span> <span class='ocrx_word' id='word_1_288' title='bbox 856 2273 907 2329; x_wconf 92' lang='lat' dir='ltr'><strong>illo</strong></span> <span class='ocrx_word' id='word_1_289' title='bbox 931 2291 1019 2348; x_wconf 91' lang='lat' dir='ltr'><strong>quem</strong></span> <span class='ocrx_word' id='word_1_290' title='bbox 1035 2291 1110 2346; x_wconf 91' lang='lat' dir='ltr'><strong>pau·</strong></span> <span class='ocrx_word' id='word_1_291' title='bbox 1164 2275 1352 2331; x_wconf 82' lang='lat' dir='ltr'><strong>laudabimus</strong></span> <span class='ocrx_word' id='word_1_292' title='bbox 1367 2291 1433 2329; x_wconf 89' lang='lat' dir='ltr'><strong>eum</strong></span> <span class='ocrx_word' id='word_1_293' title='bbox 1448 2273 1527 2346; x_wconf 75' lang='lat' dir='ltr'><strong>(ibid.</strong></span> <span class='ocrx_word' id='word_1_294' title='bbox 1543 2273 1571 2346; x_wconf 80' lang='lat' dir='ltr'><strong>o)</strong></span> <span class='ocrx_word' id='word_1_295' title='bbox 1585 2273 1698 2342; x_wconf 71' lang='grc' dir='ltr'><strong>;»1οοῑ)</strong></span> <span class='ocrx_word' id='word_1_296' title='bbox 1713 2273 1789 2330; x_wconf 90' lang='lat' dir='ltr'><strong>enim</strong></span> <span class='ocrx_word' id='word_1_297' title='bbox 1800 2267 1956 2345; x_wconf 88' lang='lat' dir='ltr'><strong>quodmirari</strong></span> 
     </span>
     <span class='ocr_line' id='line_1_23' title="bbox 286 2355 1955 2438; baseline -0.005 -16"><span class='ocrx_word' id='word_1_298' title='bbox 286 2364 347 2438; x_wconf 87' lang='lat' dir='ltr'><strong>peri</strong></span> <span class='ocrx_word' id='word_1_299' title='bbox 363 2365 480 2421; x_wconf 90' lang='lat' dir='ltr'><strong>dederis</strong></span> <span class='ocrx_word' id='word_1_300' title='bbox 493 2365 557 2421; x_wconf 90' lang='lat' dir='ltr'><strong>cibo</strong></span> <span class='ocrx_word' id='word_1_301' title='bbox 583 2363 680 2437; x_wconf 88' lang='lat' dir='ltr'><strong>pascis</strong></span> <span class='ocrx_word' id='word_1_302' title='bbox 696 2382 703 2433; x_wconf 85' lang='lat'>;</span> <span class='ocrx_word' id='word_1_303' title='bbox 728 2364 867 2436; x_wconf 86' lang='lat' dir='ltr'><strong>quonium</strong></span> <span class='ocrx_word' id='word_1_304' title='bbox 888 2363 938 2436; x_wconf 92' lang='lat' dir='ltr'><strong>qui</strong></span> <span class='ocrx_word' id='word_1_305' title='bbox 955 2363 1111 2420; x_wconf 88' lang='lat' dir='ltr'><strong>miseretur</strong></span> <span class='ocrx_word' id='word_1_306' title='bbox 1166 2363 1260 2437; x_wconf 87' lang='lat' dir='ltr'><strong>magis</strong></span> <span class='ocrx_word' id='word_1_307' title='bbox 1276 2355 1359 2436; x_wconf 82' lang='lat' dir='ltr'><strong>quasi</strong></span> <span class='ocrx_word' id='word_1_308' title='bbox 1378 2379 1494 2430; x_wconf 83' lang='lat' dir='ltr'><strong>novum,</strong></span> <span class='ocrx_word' id='word_1_309' title='bbox 1511 2379 1597 2436; x_wconf 87' lang='lat' dir='ltr'><strong>quam</strong></span> <span class='ocrx_word' id='word_1_310' title='bbox 1616 2363 1701 2436; x_wconf 86' lang='lat' dir='ltr'><strong>quasi</strong></span> <span class='ocrx_word' id='word_1_311' title='bbox 1726 2362 1860 2418; x_wconf 86' lang='lat' dir='ltr'><strong>usitatum</strong></span> <span class='ocrx_word' id='word_1_312' title='bbox 1880 2373 1955 2429; x_wconf 87' lang='lat' dir='ltr'><strong>recog·</strong></span> 
     </span>
     <span class='ocr_line' id='line_1_24' title="bbox 285 2445 1957 2527; baseline -0.006 -18"><span class='ocrx_word' id='word_1_313' title='bbox 285 2452 422 2526; x_wconf 88' lang='lat' dir='ltr'><strong>pauperis</strong></span> <span class='ocrx_word' id='word_1_314' title='bbox 441 2454 504 2527; x_wconf 92' lang='lat' dir='ltr'><strong>ipse</strong></span> <span class='ocrx_word' id='word_1_315' title='bbox 518 2453 657 2526; x_wconf 79' lang='lat' dir='ltr'><strong>poscitur,</strong></span> <span class='ocrx_word' id='word_1_316' title='bbox 673 2457 702 2508; x_wconf 92' lang='lat' dir='ltr'><strong>et</strong></span> <span class='ocrx_word' id='word_1_317' title='bbox 720 2452 832 2509; x_wconf 83' lang='lat' dir='ltr'><strong>tructus</strong></span> <span class='ocrx_word' id='word_1_318' title='bbox 852 2454 913 2523; x_wconf 87' lang='lat' dir='ltr'><strong>jam</strong></span> <span class='ocrx_word' id='word_1_319' title='bbox 937 2454 967 2508; x_wconf 93' lang='lat' dir='ltr'><strong>in</strong></span> <span class='ocrx_word' id='word_1_320' title='bbox 991 2452 1037 2509; x_wconf 90' lang='lat' dir='ltr'><strong>his</strong></span> <span class='ocrx_word' id='word_1_321' title='bbox 1056 2455 1109 2508; x_wconf 89' lang='lat' dir='ltr'><strong>est.</strong></span> <span class='ocrx_word' id='word_1_322' title='bbox 1166 2469 1285 2509; x_wconf 82' lang='lat' dir='ltr'><strong>noscero¹</strong></span> <span class='ocrx_word' id='word_1_323' title='bbox 1301 2452 1481 2508; x_wconf 76' lang='lat' dir='ltr'><strong>debeamus?</strong></span> <span class='ocrx_word' id='word_1_324' title='bbox 1497 2453 1597 2524; x_wconf 87' lang='lat' dir='ltr'><strong>ltaque</strong></span> <span class='ocrx_word' id='word_1_325' title='bbox 1614 2453 1663 2525; x_wconf 88' lang='lat' dir='ltr'><strong>qui</strong></span> <span class='ocrx_word' id='word_1_326' title='bbox 1691 2453 1720 2508; x_wconf 91' lang='lat' dir='ltr'><strong>in</strong></span> <span class='ocrx_word' id='word_1_327' title='bbox 1740 2449 1843 2507; x_wconf 83' lang='lat' dir='ltr'><strong>divitiis</strong></span> <span class='ocrx_word' id='word_1_328' title='bbox 1860 2445 1957 2522; x_wconf 88' lang='lat' dir='ltr'><strong>potuerit</strong></span> 
     </span>
     <span class='ocr_line' id='line_1_25' title="bbox 287 2535 1957 2615; baseline -0.006 -17"><span class='ocrx_word' id='word_1_329' title='bbox 287 2541 488 2599; x_wconf 85' lang='lat' dir='ltr'><strong>Misericordia</strong></span> <span class='ocrx_word' id='word_1_330' title='bbox 503 2541 737 2611; x_wconf 62' lang='lat' dir='ltr'><strong>seminatores)</strong></span> <span class='ocrx_word' id='word_1_331' title='bbox 753 2542 781 2596; x_wconf 93' lang='lat' dir='ltr'><strong>in</strong></span> <span class='ocrx_word' id='word_1_332' title='bbox 798 2544 885 2607; x_wconf 86' lang='lat' dir='ltr'><strong>terra,</strong></span> <span class='ocrx_word' id='word_1_333' title='bbox 901 2542 931 2597; x_wconf 94' lang='lat' dir='ltr'><strong>in</strong></span> <span class='ocrx_word' id='word_1_334' title='bbox 960 2540 1032 2598; x_wconf 85' lang='lat' dir='ltr'><strong>orele</strong></span> <span class='ocrx_word' id='word_1_335' title='bbox 1048 2557 1110 2615; x_wconf 88' lang='lat' dir='ltr'><strong>ger·</strong></span> <span class='ocrx_word' id='word_1_336' title='bbox 1166 2541 1360 2615; x_wconf 78' lang='lat' dir='ltr'><strong>comprobari,</strong></span> <span class='ocrx_word' id='word_1_337' title='bbox 1380 2542 1402 2594; x_wconf 80' lang='lat' dir='ltr'><strong>is</strong></span> <span class='ocrx_word' id='word_1_338' title='bbox 1418 2557 1483 2597; x_wconf 81' lang='lat' dir='ltr'><strong>rore</strong></span> <span class='ocrx_word' id='word_1_339' title='bbox 1498 2541 1642 2614; x_wconf 87' lang='lat' dir='ltr'><strong>perlectus</strong></span> <span class='ocrx_word' id='word_1_340' title='bbox 1658 2545 1688 2597; x_wconf 91' lang='lat' dir='ltr'><strong>et</strong></span> <span class='ocrx_word' id='word_1_341' title='bbox 1708 2541 1814 2614; x_wconf 91' lang='lat' dir='ltr'><strong>diguus</strong></span> <span class='ocrx_word' id='word_1_342' title='bbox 1826 2543 1867 2595; x_wconf 87' lang='lat' dir='ltr'><strong>est</strong></span> <span class='ocrx_word' id='word_1_343' title='bbox 1878 2535 1957 2609; x_wconf 85' lang='lat' dir='ltr'><strong>gloria.</strong></span> 
     </span>
     <span class='ocr_line' id='line_1_26' title="bbox 286 2629 1959 2704; baseline -0.005 -16"><span class='ocrx_word' id='word_1_344' title='bbox 286 2630 397 2688; x_wconf 86' lang='lat' dir='ltr'><strong>minat:</strong></span> <span class='ocrx_word' id='word_1_345' title='bbox 415 2629 564 2704; x_wconf 84' lang='lat' dir='ltr'><strong>plantatur</strong></span> <span class='ocrx_word' id='word_1_346' title='bbox 580 2631 609 2685; x_wconf 90' lang='lat' dir='ltr'><strong>in</strong></span> <span class='ocrx_word' id='word_1_347' title='bbox 625 2647 763 2703; x_wconf 85' lang='lat' dir='ltr'><strong>paupere,</strong></span> <span class='ocrx_word' id='word_1_348' title='bbox 783 2631 860 2704; x_wconf 86' lang='lat' dir='ltr'><strong>apud</strong></span> <span class='ocrx_word' id='word_1_349' title='bbox 871 2629 963 2687; x_wconf 87' lang='lat' dir='ltr'><strong>Deum</strong></span> <span class='ocrx_word' id='word_1_350' title='bbox 974 2629 1110 2703; x_wconf 89' lang='lat' dir='ltr'><strong>pullulat.</strong></span> <span class='ocrx_word' id='word_1_351' title='bbox 1170 2653 1180 2680; x_wconf 78' lang='lat' dir='ltr'><strong>a</strong></span> <span class='ocrx_word' id='word_1_352' title='bbox 1198 2631 1252 2696; x_wconf 85' lang='lat' dir='ltr'><strong>Qui</strong></span> <span class='ocrx_word' id='word_1_353' title='bbox 1269 2631 1374 2704; x_wconf 92' lang='lat' dir='ltr'><strong>potuit,</strong></span> <span class='ocrx_word' id='word_1_354' title='bbox 1392 2630 1497 2703; x_wconf 89' lang='lat' dir='ltr'><strong>inquit,</strong></span> <span class='ocrx_word' id='word_1_355' title='bbox 1525 2630 1703 2704; x_wconf 86' lang='lat' dir='ltr'><strong>transgredi,</strong></span> <span class='ocrx_word' id='word_1_356' title='bbox 1726 2635 1755 2686; x_wconf 89' lang='lat' dir='ltr'><strong>et</strong></span> <span class='ocrx_word' id='word_1_357' title='bbox 1766 2645 1823 2686; x_wconf 92' lang='lat' dir='ltr'><strong>non</strong></span> <span class='ocrx_word' id='word_1_358' title='bbox 1834 2631 1874 2684; x_wconf 90' lang='lat' dir='ltr'><strong>cst</strong></span> <span class='ocrx_word' id='word_1_359' title='bbox 1885 2631 1959 2682; x_wconf 85' lang='lat' dir='ltr'><strong>trans-</strong></span> 
     </span>
     <span class='ocr_line' id='line_1_27' title="bbox 287 2713 1959 2795; baseline -0.002 -24"><span class='ocrx_word' id='word_1_360' title='bbox 287 2743 301 2771; x_wconf 87' lang='lat'>«</span> <span class='ocrx_word' id='word_1_361' title='bbox 317 2719 359 2777; x_wconf 88' lang='lat' dir='ltr'><strong>Ne</strong></span> <span class='ocrx_word' id='word_1_362' title='bbox 382 2718 502 2789; x_wconf 80' lang='lat' dir='ltr'><strong>dixeris,</strong></span> <span class='ocrx_word' id='word_1_363' title='bbox 524 2718 622 2793; x_wconf 88' lang='lat' dir='ltr'><strong>inquit</strong></span> <span class='ocrx_word' id='word_1_364' title='bbox 646 2718 734 2786; x_wconf 90' lang='lat' dir='ltr'><strong>Deus,</strong></span> <span class='ocrx_word' id='word_1_365' title='bbox 766 2735 830 2775; x_wconf 88' lang='lat' dir='ltr'><strong>cras</strong></span> <span class='ocrx_word' id='word_1_366' title='bbox 857 2719 931 2775; x_wconf 88' lang='lat' dir='ltr'><strong>dabo</strong></span> <span class='ocrx_word' id='word_1_367' title='bbox 955 2721 1046 2789; x_wconf 84' lang='lat' dir='ltr'><strong>(Pron.</strong></span> <span class='ocrx_word' id='word_1_368' title='bbox 1069 2737 1112 2786; x_wconf 88' lang='lat' dir='ltr'><strong>ru,</strong></span> <span class='ocrx_word' id='word_1_369' title='bbox 1168 2736 1299 2795; x_wconf 88' lang='lat' dir='ltr'><strong>gressus,</strong></span> <span class='ocrx_word' id='word_1_370' title='bbox 1315 2724 1342 2775; x_wconf 88' lang='lat' dir='ltr'><strong>ct</strong></span> <span class='ocrx_word' id='word_1_371' title='bbox 1358 2719 1452 2775; x_wconf 83' lang='lat' dir='ltr'><strong>iacere</strong></span> <span class='ocrx_word' id='word_1_372' title='bbox 1468 2718 1555 2791; x_wconf 88' lang='lat' dir='ltr'><strong>mala,</strong></span> <span class='ocrx_word' id='word_1_373' title='bbox 1583 2724 1611 2775; x_wconf 90' lang='lat' dir='ltr'><strong>ct</strong></span> <span class='ocrx_word' id='word_1_374' title='bbox 1634 2735 1693 2775; x_wconf 87' lang='lat' dir='ltr'><strong>oon</strong></span> <span class='ocrx_word' id='word_1_375' title='bbox 1721 2717 1788 2775; x_wconf 81' lang='lat' dir='ltr'><strong>t&#39;ccit</strong></span> <span class='ocrx_word' id='word_1_376' title='bbox 1810 2716 1881 2787; x_wconf 79' lang='lat' dir='ltr'><strong>(lbid.</strong></span> <span class='ocrx_word' id='word_1_377' title='bbox 1896 2713 1937 2782; x_wconf 86' lang='grc'><strong>18).</strong></span> <span class='ocrx_word' id='word_1_378' title='bbox 1948 2731 1959 2758; x_wconf 82' lang='lat' dir='ltr'><strong>a</strong></span> 
     </span>
     <span class='ocr_line' id='line_1_28' title="bbox 286 2799 1960 2881; baseline -0.006 -18"><span class='ocrx_word' id='word_1_379' title='bbox 286 2809 343 2881; x_wconf 82' lang='grc'>28).</span> <span class='ocrx_word' id='word_1_380' title='bbox 361 2831 375 2859; x_wconf 80' lang='lat' dir='ltr'><strong>r</strong></span> <span class='ocrx_word' id='word_1_381' title='bbox 390 2807 444 2873; x_wconf 82' lang='lat' dir='ltr'><strong>Qui</strong></span> <span class='ocrx_word' id='word_1_382' title='bbox 471 2824 528 2866; x_wconf 91' lang='lat' dir='ltr'><strong>non</strong></span> <span class='ocrx_word' id='word_1_383' title='bbox 555 2807 666 2881; x_wconf 87' lang='lat' dir='ltr'><strong>patitur</strong></span> <span class='ocrx_word' id='word_1_384' title='bbox 686 2811 714 2864; x_wconf 85' lang='lat' dir='ltr'><strong>te</strong></span> <span class='ocrx_word' id='word_1_385' title='bbox 737 2806 852 2864; x_wconf 88' lang='lat' dir='ltr'><strong>dicere:</strong></span> <span class='ocrx_word' id='word_1_386' title='bbox 879 2830 893 2857; x_wconf 90' lang='lat'>«</span> <span class='ocrx_word' id='word_1_387' title='bbox 909 2808 979 2864; x_wconf 87' lang='lat' dir='ltr'><strong>Cres</strong></span> <span class='ocrx_word' id='word_1_388' title='bbox 995 2808 1080 2876; x_wconf 84' lang='lat' dir='ltr'><strong>dabo,</strong></span> <span class='ocrx_word' id='word_1_389' title='bbox 1098 2831 1112 2858; x_wconf 77' lang='lat' dir='ltr'><strong>a</strong></span> <span class='ocrx_word' id='word_1_390' title='bbox 1167 2811 1279 2864; x_wconf 83' lang='lat' dir='ltr'><strong>Aurum</strong></span> <span class='ocrx_word' id='word_1_391' title='bbox 1296 2824 1364 2880; x_wconf 85' lang='lat' dir='ltr'><strong>ergo</strong></span> <span class='ocrx_word' id='word_1_392' title='bbox 1379 2807 1472 2874; x_wconf 89' lang='lat' dir='ltr'><strong>vobis,</strong></span> <span class='ocrx_word' id='word_1_393' title='bbox 1494 2807 1524 2862; x_wconf 88' lang='lat' dir='ltr'><strong>iu</strong></span> <span class='ocrx_word' id='word_1_394' title='bbox 1549 2824 1606 2881; x_wconf 90' lang='lat' dir='ltr'><strong>quo</strong></span> <span class='ocrx_word' id='word_1_395' title='bbox 1630 2811 1715 2863; x_wconf 86' lang='lat' dir='ltr'><strong>tanta</strong></span> <span class='ocrx_word' id='word_1_396' title='bbox 1739 2805 1868 2862; x_wconf 86' lang='lat' dir='ltr'><strong>illecebra</strong></span> <span class='ocrx_word' id='word_1_397' title='bbox 1879 2799 1960 2858; x_wconf 82' lang='lat' dir='ltr'><strong>amoris</strong></span> 
     </span>
     <span class='ocr_line' id='line_1_29' title="bbox 288 2895 1961 2970; baseline -0.002 -17"><span class='ocrx_word' id='word_1_398' title='bbox 288 2896 566 2969; x_wconf 88' lang='lat' dir='ltr'><strong>quomodopatitur</strong></span> <span class='ocrx_word' id='word_1_399' title='bbox 588 2896 703 2952; x_wconf 87' lang='lat' dir='ltr'><strong>dicere:</strong></span> <span class='ocrx_word' id='word_1_400' title='bbox 726 2896 789 2951; x_wconf 94' lang='lat' dir='ltr'><strong>Non</strong></span> <span class='ocrx_word' id='word_1_401' title='bbox 813 2896 912 2952; x_wconf 80' lang='lat' dir='ltr'><strong>dabo?</strong></span> <span class='ocrx_word' id='word_1_402' title='bbox 934 2897 1114 2953; x_wconf 92' lang='lat' dir='ltr'><strong>Nondetuo</strong></span> <span class='ocrx_word' id='word_1_403' title='bbox 1169 2901 1298 2964; x_wconf 85' lang='lat' dir='ltr'><strong>ost-‚non</strong></span> <span class='ocrx_word' id='word_1_404' title='bbox 1325 2903 1383 2952; x_wconf 86' lang='lat' dir='ltr'><strong>tom</strong></span> <span class='ocrx_word' id='word_1_405' title='bbox 1406 2913 1460 2952; x_wconf 87' lang='lat' dir='ltr'><strong>sua</strong></span> <span class='ocrx_word' id='word_1_406' title='bbox 1484 2895 1578 2970; x_wconf 84' lang='lat' dir='ltr'><strong>gratia</strong></span> <span class='ocrx_word' id='word_1_407' title='bbox 1606 2912 1698 2970; x_wconf 89' lang='lat' dir='ltr'><strong>quam</strong></span> <span class='ocrx_word' id='word_1_408' title='bbox 1729 2895 1875 2952; x_wconf 88' lang='lat' dir='ltr'><strong>hominum</strong></span> <span class='ocrx_word' id='word_1_409' title='bbox 1898 2903 1961 2964; x_wconf 73' lang='lat' dir='ltr'><strong>pant</strong></span> 
     </span>
     <span class='ocr_line' id='line_1_30' title="bbox 289 2982 1365 3057; baseline -0.001 -17"><span class='ocrx_word' id='word_1_410' title='bbox 289 2983 407 3057; x_wconf 84' lang='lat' dir='ltr'><strong>largiris</strong></span> <span class='ocrx_word' id='word_1_411' title='bbox 421 2983 553 3057; x_wconf 84' lang='lat' dir='ltr'><strong>pauperi,</strong></span> <span class='ocrx_word' id='word_1_412' title='bbox 584 2984 634 3040; x_wconf 90' lang='lat' dir='ltr'><strong>sed</strong></span> <span class='ocrx_word' id='word_1_413' title='bbox 661 2985 697 3040; x_wconf 93' lang='lat' dir='ltr'><strong>de</strong></span> <span class='ocrx_word' id='word_1_414' title='bbox 723 2999 777 3040; x_wconf 88' lang='lat' dir='ltr'><strong>suo</strong></span> <span class='ocrx_word' id='word_1_415' title='bbox 801 2982 909 3041; x_wconf 89' lang='lat' dir='ltr'><strong>reddis.</strong></span> <span class='ocrx_word' id='word_1_416' title='bbox 934 2984 1015 3048; x_wconf 87' lang='lat' dir='ltr'><strong>Quod</strong></span> <span class='ocrx_word' id='word_1_417' title='bbox 1035 2985 1114 3040; x_wconf 91' lang='lat' dir='ltr'><strong>enim</strong></span> <span class='ocrx_word' id='word_1_418' title='bbox 1169 2985 1365 3042; x_wconf 88' lang='lat' dir='ltr'><strong>commendat.</strong></span> 
     </span>
     <span class='ocr_line' id='line_1_31' title="bbox 289 3063 1963 3146; baseline -0.004 -16"><span class='ocrx_word' id='word_1_419' title='bbox 289 3089 447 3130; x_wconf 90' lang='lat' dir='ltr'><strong>commune</strong></span> <span class='ocrx_word' id='word_1_420' title='bbox 469 3077 514 3129; x_wconf 88' lang='lat' dir='ltr'><strong>est</strong></span> <span class='ocrx_word' id='word_1_421' title='bbox 538 3073 568 3128; x_wconf 90' lang='lat' dir='ltr'><strong>in</strong></span> <span class='ocrx_word' id='word_1_422' title='bbox 594 3072 727 3129; x_wconf 92' lang='lat' dir='ltr'><strong>omnium</strong></span> <span class='ocrx_word' id='word_1_423' title='bbox 752 3073 1115 3141; x_wconf 89' lang='lat' dir='ltr'><strong>usumdatum,tusolus</strong></span> <span class='ocrx_word' id='word_1_424' title='bbox 1204 3076 1249 3130; x_wconf 87' lang='grc'><strong>56.</strong></span> <span class='ocrx_word' id='word_1_425' title='bbox 1272 3076 1313 3129; x_wconf 75' lang='lat' dir='ltr'><strong>en</strong></span> <span class='ocrx_word' id='word_1_426' title='bbox 1342 3090 1393 3130; x_wconf 88' lang='lat' dir='ltr'><strong>vos</strong></span> <span class='ocrx_word' id='word_1_427' title='bbox 1416 3073 1514 3146; x_wconf 88' lang='lat' dir='ltr'><strong>ampla</strong></span> <span class='ocrx_word' id='word_1_428' title='bbox 1537 3072 1684 3130; x_wconf 88' lang='lat' dir='ltr'><strong>extollunt</strong></span> <span class='ocrx_word' id='word_1_429' title='bbox 1699 3073 1793 3142; x_wconf 84' lang='lat' dir='ltr'><strong>atria3</strong></span> <span class='ocrx_word' id='word_1_430' title='bbox 1817 3087 1874 3144; x_wconf 79' lang='lat' dir='ltr'><strong>que</strong></span> <span class='ocrx_word' id='word_1_431' title='bbox 1892 3063 1963 3139; x_wconf 63' lang='lat' dir='ltr'><strong>mags</strong></span> 
     </span>
     <span class='ocr_line' id='line_1_32' title="bbox 290 3155 1961 3236; baseline -0.007 -18"><span class='ocrx_word' id='word_1_432' title='bbox 290 3178 427 3235; x_wconf 88' lang='lat' dir='ltr'><strong>usurpas.</strong></span> <span class='ocrx_word' id='word_1_433' title='bbox 444 3161 583 3217; x_wconf 88' lang='lat' dir='ltr'><strong>Omnium</strong></span> <span class='ocrx_word' id='word_1_434' title='bbox 599 3166 644 3217; x_wconf 90' lang='lat' dir='ltr'><strong>est</strong></span> <span class='ocrx_word' id='word_1_435' title='bbox 658 3165 744 3231; x_wconf 89' lang='lat' dir='ltr'><strong>terra,</strong></span> <span class='ocrx_word' id='word_1_436' title='bbox 762 3177 819 3217; x_wconf 91' lang='lat' dir='ltr'><strong>non</strong></span> <span class='ocrx_word' id='word_1_437' title='bbox 831 3161 953 3217; x_wconf 88' lang='lat' dir='ltr'><strong>divitum</strong></span> <span class='ocrx_word' id='word_1_438' title='bbox 968 3163 1035 3218; x_wconf 91' lang='lat' dir='ltr'><strong>:sed</strong></span> <span class='ocrx_word' id='word_1_439' title='bbox 1047 3179 1117 3234; x_wconf 91' lang='lat' dir='ltr'><strong>pau·</strong></span> <span class='ocrx_word' id='word_1_440' title='bbox 1171 3163 1278 3219; x_wconf 89' lang='lat' dir='ltr'><strong>dehent</strong></span> <span class='ocrx_word' id='word_1_441' title='bbox 1299 3177 1506 3236; x_wconf 84' lang='lat' dir='ltr'><strong>compungere,</strong></span> <span class='ocrx_word' id='word_1_442' title='bbox 1523 3162 1593 3236; x_wconf 87' lang='lat' dir='ltr'><strong>quia</strong></span> <span class='ocrx_word' id='word_1_443' title='bbox 1617 3179 1686 3218; x_wconf 91' lang='lat' dir='ltr'><strong>oum</strong></span> <span class='ocrx_word' id='word_1_444' title='bbox 1717 3160 1837 3236; x_wconf 90' lang='lat' dir='ltr'><strong>populos</strong></span> <span class='ocrx_word' id='word_1_445' title='bbox 1863 3155 1961 3230; x_wconf 87' lang='lat' dir='ltr'><strong>capiant,</strong></span> 
     </span>
     <span class='ocr_line' id='line_1_33' title="bbox 288 3239 1964 3325; baseline -0.005 -18"><span class='ocrx_word' id='word_1_446' title='bbox 288 3251 381 3308; x_wconf 86' lang='lat' dir='ltr'><strong>olores</strong></span> <span class='ocrx_word' id='word_1_447' title='bbox 409 3250 460 3322; x_wconf 87' lang='lat' dir='ltr'><strong>qui</strong></span> <span class='ocrx_word' id='word_1_448' title='bbox 483 3266 541 3306; x_wconf 92' lang='lat' dir='ltr'><strong>non</strong></span> <span class='ocrx_word' id='word_1_449' title='bbox 564 3254 689 3305; x_wconf 92' lang='lat' dir='ltr'><strong>utuntur</strong></span> <span class='ocrx_word' id='word_1_450' title='bbox 710 3266 774 3317; x_wconf 90' lang='lat' dir='ltr'><strong>suo,</strong></span> <span class='ocrx_word' id='word_1_451' title='bbox 796 3267 884 3323; x_wconf 85' lang='lat' dir='ltr'><strong>quam</strong></span> <span class='ocrx_word' id='word_1_452' title='bbox 909 3252 959 3324; x_wconf 92' lang='lat' dir='ltr'><strong>qui</strong></span> <span class='ocrx_word' id='word_1_453' title='bbox 980 3254 1112 3307; x_wconf 88' lang='lat' dir='ltr'><strong>utuntur.</strong></span> <span class='ocrx_word' id='word_1_454' title='bbox 1130 3239 1151 3306; x_wconf 84' lang='lat' dir='ltr'>C</span> <span class='ocrx_word' id='word_1_455' title='bbox 1169 3269 1269 3308; x_wconf 91' lang='lat' dir='ltr'><strong>vocem</strong></span> <span class='ocrx_word' id='word_1_456' title='bbox 1283 3251 1442 3308; x_wconf 80' lang='lat' dir='ltr'><strong>excludunt</strong></span> <span class='ocrx_word' id='word_1_457' title='bbox 1457 3245 1802 3325; x_wconf 71' lang='lat' dir='ltr'><strong>pauperistouansjuam</strong></span> <span class='ocrx_word' id='word_1_458' title='bbox 1816 3246 1882 3304; x_wconf 90' lang='lat' dir='ltr'><strong>nihil</strong></span> <span class='ocrx_word' id='word_1_459' title='bbox 1896 3241 1964 3318; x_wconf 86' lang='lat' dir='ltr'><strong>prosit</strong></span> 
     </span>
     <span class='ocr_line' id='line_1_34' title="bbox 289 3331 1962 3413; baseline -0.007 -16"><span class='ocrx_word' id='word_1_460' title='bbox 289 3340 427 3397; x_wconf 89' lang='lat' dir='ltr'><strong>Debitum</strong></span> <span class='ocrx_word' id='word_1_461' title='bbox 442 3338 534 3411; x_wconf 89' lang='lat' dir='ltr'><strong>igitur</strong></span> <span class='ocrx_word' id='word_1_462' title='bbox 547 3338 845 3412; x_wconf 86' lang='lat' dir='ltr'><strong>reddis,nonlurgiris</strong></span> <span class='ocrx_word' id='word_1_463' title='bbox 856 3339 1117 3396; x_wconf 79' lang='lat' dir='ltr'><strong>indebitumldeo·</strong></span> <span class='ocrx_word' id='word_1_464' title='bbox 1172 3340 1267 3396; x_wconf 86' lang='lat' dir='ltr'><strong>audiri</strong></span> <span class='ocrx_word' id='word_1_465' title='bbox 1282 3357 1357 3408; x_wconf 88' lang='lat' dir='ltr'><strong>eam,</strong></span> <span class='ocrx_word' id='word_1_466' title='bbox 1375 3357 1438 3413; x_wconf 80' lang='lat' dir='ltr'><strong>quae</strong></span> <span class='ocrx_word' id='word_1_467' title='bbox 1468 3339 1555 3396; x_wconf 88' lang='lat' dir='ltr'><strong>etiem</strong></span> <span class='ocrx_word' id='word_1_468' title='bbox 1579 3341 1681 3396; x_wconf 89' lang='lat' dir='ltr'><strong>audita</strong></span> <span class='ocrx_word' id='word_1_469' title='bbox 1705 3338 1779 3396; x_wconf 91' lang='lat' dir='ltr'><strong>nihil</strong></span> <span class='ocrx_word' id='word_1_470' title='bbox 1802 3331 1962 3410; x_wconf 73' lang='lat' dir='ltr'><strong>proficiatis-</strong></span> 
     </span>
     <span class='ocr_line' id='line_1_35' title="bbox 291 3418 1965 3502; baseline -0.002 -20"><span class='ocrx_word' id='word_1_471' title='bbox 291 3443 349 3501; x_wconf 88' lang='lat' dir='ltr'><strong>qus</strong></span> <span class='ocrx_word' id='word_1_472' title='bbox 364 3426 416 3483; x_wconf 89' lang='lat' dir='ltr'><strong>tibi</strong></span> <span class='ocrx_word' id='word_1_473' title='bbox 433 3425 503 3482; x_wconf 89' lang='lat' dir='ltr'><strong>dicit</strong></span> <span class='ocrx_word' id='word_1_474' title='bbox 517 3426 685 3499; x_wconf 84' lang='lat' dir='ltr'><strong>Scriptura:</strong></span> <span class='ocrx_word' id='word_1_475' title='bbox 702 3427 822 3484; x_wconf 88' lang='lat' dir='ltr'><strong>Declina</strong></span> <span class='ocrx_word' id='word_1_476' title='bbox 845 3430 967 3501; x_wconf 89' lang='lat' dir='ltr'><strong>pauperi</strong></span> <span class='ocrx_word' id='word_1_477' title='bbox 987 3429 1117 3485; x_wconf 90' lang='lat' dir='ltr'><strong>animam</strong></span> <span class='ocrx_word' id='word_1_478' title='bbox 1171 3429 1238 3484; x_wconf 92' lang='lat' dir='ltr'><strong>inde</strong></span> <span class='ocrx_word' id='word_1_479' title='bbox 1254 3445 1312 3484; x_wconf 91' lang='lat' dir='ltr'><strong>non</strong></span> <span class='ocrx_word' id='word_1_480' title='bbox 1328 3429 1392 3502; x_wconf 89' lang='lat' dir='ltr'><strong>ipsa</strong></span> <span class='ocrx_word' id='word_1_481' title='bbox 1406 3445 1456 3485; x_wconf 89' lang='lat' dir='ltr'><strong>vos</strong></span> <span class='ocrx_word' id='word_1_482' title='bbox 1470 3428 1590 3501; x_wconf 90' lang='lat' dir='ltr'><strong>pudoris</strong></span> <span class='ocrx_word' id='word_1_483' title='bbox 1605 3429 1675 3486; x_wconf 83' lang='lat' dir='ltr'><strong>aula</strong></span> <span class='ocrx_word' id='word_1_484' title='bbox 1694 3430 1840 3494; x_wconf 90' lang='lat' dir='ltr'><strong>admonet,</strong></span> <span class='ocrx_word' id='word_1_485' title='bbox 1864 3422 1906 3496; x_wconf 90' lang='lat' dir='ltr'><strong>qui</strong></span> <span class='ocrx_word' id='word_1_486' title='bbox 1918 3418 1965 3475; x_wconf 77' lang='lat' dir='ltr'><strong>ali·</strong></span> 
     </span>
     <span class='ocr_line' id='line_1_36' title="bbox 292 3515 1962 3591; baseline -0.007 -19"><span class='ocrx_word' id='word_1_487' title='bbox 292 3521 387 3583; x_wconf 86' lang='lat' dir='ltr'><strong>tuam,</strong></span> <span class='ocrx_word' id='word_1_488' title='bbox 401 3519 431 3571; x_wconf 92' lang='lat' dir='ltr'><strong>et</strong></span> <span class='ocrx_word' id='word_1_489' title='bbox 445 3515 532 3571; x_wconf 88' lang='lat' dir='ltr'><strong>redde</strong></span> <span class='ocrx_word' id='word_1_490' title='bbox 547 3516 679 3572; x_wconf 91' lang='lat' dir='ltr'><strong>debitum</strong></span> <span class='ocrx_word' id='word_1_491' title='bbox 695 3520 790 3586; x_wconf 92' lang='lat' dir='ltr'><strong>tuum,</strong></span> <span class='ocrx_word' id='word_1_492' title='bbox 806 3521 835 3573; x_wconf 90' lang='lat' dir='ltr'><strong>et</strong></span> <span class='ocrx_word' id='word_1_493' title='bbox 854 3517 998 3590; x_wconf 89' lang='lat' dir='ltr'><strong>responde</strong></span> <span class='ocrx_word' id='word_1_494' title='bbox 1013 3517 1116 3590; x_wconf 88' lang='lat' dir='ltr'><strong>pucitl-</strong></span> <span class='ocrx_word' id='word_1_495' title='bbox 1171 3517 1285 3574; x_wconf 88' lang='lat' dir='ltr'><strong>llcondo</strong></span> <span class='ocrx_word' id='word_1_496' title='bbox 1301 3521 1412 3574; x_wconf 86' lang='lat' dir='ltr'><strong>vestros</strong></span> <span class='ocrx_word' id='word_1_497' title='bbox 1427 3517 1515 3574; x_wconf 89' lang='lat' dir='ltr'><strong>vultis</strong></span> <span class='ocrx_word' id='word_1_498' title='bbox 1531 3534 1671 3591; x_wconf 88' lang='lat' dir='ltr'><strong>superare</strong></span> <span class='ocrx_word' id='word_1_499' title='bbox 1687 3517 1815 3582; x_wconf 90' lang='lat' dir='ltr'><strong>divitias,</strong></span> <span class='ocrx_word' id='word_1_500' title='bbox 1829 3529 1877 3570; x_wconf 82' lang='lat' dir='ltr'><strong>nec</strong></span> <span class='ocrx_word' id='word_1_501' title='bbox 1890 3517 1962 3566; x_wconf 87' lang='lat' dir='ltr'><strong>tamen</strong></span> 
     </span>
     <span class='ocr_line' id='line_1_37' title="bbox 290 3585 2014 3678; baseline -0.001 -16"><span class='ocrx_word' id='word_1_502' title='bbox 290 3619 325 3662; x_wconf 88' lang='lat' dir='ltr'><strong>aa</strong></span> <span class='ocrx_word' id='word_1_503' title='bbox 339 3603 370 3660; x_wconf 93' lang='lat' dir='ltr'><strong>in</strong></span> <span class='ocrx_word' id='word_1_504' title='bbox 385 3604 773 3677; x_wconf 78' lang='lat' dir='ltr'><strong>mansuetudine(declr&#39;.1v,</strong></span> <span class='ocrx_word' id='word_1_505' title='bbox 791 3607 828 3678; x_wconf 85' lang='lat'><strong>8).</strong></span> <span class='ocrx_word' id='word_1_506' title='bbox 1170 3606 1297 3662; x_wconf 82' lang='lat' dir='ltr'><strong>vincitis.</strong></span> <span class='ocrx_word' id='word_1_507' title='bbox 1323 3606 1451 3663; x_wconf 88' lang='lat' dir='ltr'><strong>Parietes</strong></span> <span class='ocrx_word' id='word_1_508' title='bbox 1475 3606 1598 3676; x_wconf 80' lang='lat' dir='ltr'><strong>vestitis,</strong></span> <span class='ocrx_word' id='word_1_509' title='bbox 1624 3607 1749 3664; x_wconf 83' lang='lat' dir='ltr'><strong>nudatis</strong></span> <span class='ocrx_word' id='word_1_510' title='bbox 1772 3603 1897 3661; x_wconf 90' lang='lat' dir='ltr'><strong>homines</strong></span> <span class='ocrx_word' id='word_1_511' title='bbox 1917 3597 1964 3670; x_wconf 70' lang='grc'><strong>(21)</strong></span> <span class='ocrx_word' id='word_1_512' title='bbox 2013 3585 2014 3610; x_wconf 50' lang='lat'>¹</span> 
     </span>
     <span class='ocr_line' id='line_1_38' title="bbox 619 3683 1965 3786; baseline -0.011 -33"><span class='ocrx_word' id='word_1_513' title='bbox 619 3729 733 3786; x_wconf 57' lang='lat' dir='ltr'>CAPUT</span> <span class='ocrx_word' id='word_1_514' title='bbox 753 3730 802 3785; x_wconf 71' lang='grc' dir='ltr'><strong>ΧΗ</strong></span> <span class='ocrx_word' id='word_1_515' title='bbox 1171 3696 1284 3752; x_wconf 91' lang='lat' dir='ltr'><strong>Clamat</strong></span> <span class='ocrx_word' id='word_1_516' title='bbox 1300 3699 1366 3751; x_wconf 87' lang='lat' dir='ltr'><strong>onte</strong></span> <span class='ocrx_word' id='word_1_517' title='bbox 1381 3696 1501 3751; x_wconf 91' lang='lat' dir='ltr'><strong>domum</strong></span> <span class='ocrx_word' id='word_1_518' title='bbox 1515 3701 1596 3751; x_wconf 86' lang='lat' dir='ltr'><strong>tuom</strong></span> <span class='ocrx_word' id='word_1_519' title='bbox 1613 3696 1725 3764; x_wconf 89' lang='lat' dir='ltr'><strong>nudus,</strong></span> <span class='ocrx_word' id='word_1_520' title='bbox 1742 3699 1769 3750; x_wconf 89' lang='lat' dir='ltr'><strong>et</strong></span> <span class='ocrx_word' id='word_1_521' title='bbox 1786 3683 1965 3766; x_wconf 70' lang='lat' dir='ltr'><strong>negligismia·</strong></span> 
     </span>
     <span class='ocr_line' id='line_1_39' title="bbox 807 3773 1965 3854; baseline -0.014 -13"><span class='ocrx_word' id='word_1_522' title='bbox 807 3773 813 3785; x_wconf 80' lang='lat'>&#39;</span> <span class='ocrx_word' id='word_1_523' title='bbox 1171 3785 1333 3840; x_wconf 88' lang='lat' dir='ltr'><strong>mathomo</strong></span> <span class='ocrx_word' id='word_1_524' title='bbox 1359 3783 1466 3852; x_wconf 90' lang='lat' dir='ltr'><strong>nudus,</strong></span> <span class='ocrx_word' id='word_1_525' title='bbox 1489 3789 1518 3840; x_wconf 91' lang='lat' dir='ltr'><strong>et</strong></span> <span class='ocrx_word' id='word_1_526' title='bbox 1535 3787 1565 3839; x_wconf 93' lang='lat' dir='ltr'><strong>tu</strong></span> <span class='ocrx_word' id='word_1_527' title='bbox 1587 3782 1735 3840; x_wconf 90' lang='lat' dir='ltr'><strong>sollicitus</strong></span> <span class='ocrx_word' id='word_1_528' title='bbox 1756 3799 1787 3840; x_wconf 83' lang='lat' dir='ltr'><strong>ss</strong></span> <span class='ocrx_word' id='word_1_529' title='bbox 1801 3780 1965 3854; x_wconf 80' lang='lat' dir='ltr'><strong>quibusmu-</strong></span> 
     </span>
     <span class='ocr_line' id='line_1_40' title="bbox 1171 3870 1967 3945; baseline -0.011 -17"><span class='ocrx_word' id='word_1_530' title='bbox 1171 3871 1303 3928; x_wconf 89' lang='lat' dir='ltr'><strong>maribus</strong></span> <span class='ocrx_word' id='word_1_531' title='bbox 1324 3873 1492 3945; x_wconf 85' lang='lat' dir='ltr'><strong>pavimenta</strong></span> <span class='ocrx_word' id='word_1_532' title='bbox 1515 3876 1566 3928; x_wconf 87' lang='lat' dir='ltr'><strong>lua</strong></span> <span class='ocrx_word' id='word_1_533' title='bbox 1580 3873 1700 3928; x_wconf 86' lang='lat' dir='ltr'><strong>vestias.</strong></span> <span class='ocrx_word' id='word_1_534' title='bbox 1717 3870 1869 3928; x_wconf 82' lang='lat' dir='ltr'><strong>Pecuniam</strong></span> <span class='ocrx_word' id='word_1_535' title='bbox 1884 3872 1967 3937; x_wconf 76' lang='lat' dir='ltr'><strong>proptr</strong></span> 
     </span>
    </p>
   </div>
   <div class='ocr_carea' id='block_1_3' title="bbox 288 3829 2014 4123">
    <p class='ocr_par' dir='ltr' id='par_1_3' title="bbox 288 3829 2014 4123">
     <span class='ocr_line' id='line_1_41' title="bbox 288 3829 1117 3912; baseline 0.001 -27"><span class='ocrx_word' id='word_1_536' title='bbox 288 3829 390 3886; x_wconf 76' lang='lat' dir='ltr'><strong>diriter</strong></span> <span class='ocrx_word' id='word_1_537' title='bbox 405 3830 435 3884; x_wconf 87' lang='lat' dir='ltr'><strong>r&#39;rr</strong></span> <span class='ocrx_word' id='word_1_538' title='bbox 448 3830 578 3912; x_wconf 76' lang='lat' dir='ltr'><strong>prosapie</strong></span> <span class='ocrx_word' id='word_1_539' title='bbox 593 3829 696 3885; x_wconf 77' lang='lat' dir='ltr'><strong>insulse</strong></span> <span class='ocrx_word' id='word_1_540' title='bbox 709 3830 838 3898; x_wconf 65' lang='lat' dir='ltr'><strong>gloriari,</strong></span> <span class='ocrx_word' id='word_1_541' title='bbox 854 3845 916 3884; x_wconf 85' lang='lat' dir='ltr'><strong>eam</strong></span> <span class='ocrx_word' id='word_1_542' title='bbox 931 3831 985 3900; x_wconf 81' lang='lat' dir='ltr'><strong>ipsi</strong></span> <span class='ocrx_word' id='word_1_543' title='bbox 999 3845 1055 3884; x_wconf 86' lang='lat' dir='ltr'><strong>aaa</strong></span> <span class='ocrx_word' id='word_1_544' title='bbox 1069 3847 1117 3886; x_wconf 86' lang='lat' dir='ltr'><strong>ra-</strong></span> 
     </span>
     <span class='ocr_line' id='line_1_42' title="bbox 324 3899 1117 3977; baseline 0.001 -21"><span class='ocrx_word' id='word_1_545' title='bbox 324 3917 356 3956; x_wconf 89' lang='lat' dir='ltr'><strong>ro</strong></span> <span class='ocrx_word' id='word_1_546' title='bbox 371 3899 497 3956; x_wconf 80' lang='lat' dir='ltr'><strong>dedecori</strong></span> <span class='ocrx_word' id='word_1_547' title='bbox 509 3908 566 3955; x_wconf 79' lang='lat' dir='ltr'><strong>soar</strong></span> <span class='ocrx_word' id='word_1_548' title='bbox 587 3900 760 3977; x_wconf 79' lang='lat' dir='ltr'><strong>majoritas:</strong></span> <span class='ocrx_word' id='word_1_549' title='bbox 785 3917 887 3955; x_wconf 82' lang='lat' dir='ltr'><strong>carram</strong></span> <span class='ocrx_word' id='word_1_550' title='bbox 909 3901 1069 3972; x_wconf 67' lang='lat' dir='ltr'><strong>offensionis</strong></span> <span class='ocrx_word' id='word_1_551' title='bbox 1084 3903 1117 3957; x_wconf 84' lang='lat' dir='ltr'><strong>li·</strong></span> 
     </span>
     <span class='ocr_line' id='line_1_43' title="bbox 324 3947 2014 4046; baseline -0.004 -19"><span class='ocrx_word' id='word_1_552' title='bbox 324 3988 411 4038; x_wconf 76' lang='lat' dir='ltr'><strong>prram</strong></span> <span class='ocrx_word' id='word_1_553' title='bbox 438 3986 503 4027; x_wconf 79' lang='lat' dir='ltr'><strong>essa.</strong></span> <span class='ocrx_word' id='word_1_554' title='bbox 526 3973 633 4040; x_wconf 80' lang='lat' dir='ltr'><strong>Quanto</strong></span> <span class='ocrx_word' id='word_1_555' title='bbox 655 3973 691 4026; x_wconf 81' lang='lat' dir='ltr'><strong>sit</strong></span> <span class='ocrx_word' id='word_1_556' title='bbox 711 3971 840 4027; x_wconf 82' lang='lat' dir='ltr'><strong>diuitibus</strong></span> <span class='ocrx_word' id='word_1_557' title='bbox 864 3970 992 4027; x_wconf 69' lang='lat' dir='ltr'><strong>adrasus</strong></span> <span class='ocrx_word' id='word_1_558' title='bbox 1013 3989 1116 4046; x_wconf 84' lang='lat' dir='ltr'><strong>paope-</strong></span> <span class='ocrx_word' id='word_1_559' title='bbox 1171 3963 1283 4035; x_wconf 54' lang='lat' dir='ltr'><strong>(illarii,</strong></span> <span class='ocrx_word' id='word_1_560' title='bbox 1301 3966 1330 4017; x_wconf 67' lang='lat' dir='ltr'><strong>ei</strong></span> <span class='ocrx_word' id='word_1_561' title='bbox 1352 3978 1408 4016; x_wconf 76' lang='lat' dir='ltr'>¹10n</span> <span class='ocrx_word' id='word_1_562' title='bbox 1436 3961 1542 4018; x_wconf 74' lang='lat' dir='ltr'><strong>habet:</strong></span> <span class='ocrx_word' id='word_1_563' title='bbox 1569 3978 1676 4034; x_wconf 88' lang='lat' dir='ltr'><strong>panem</strong></span> <span class='ocrx_word' id='word_1_564' title='bbox 1703 3959 1833 4036; x_wconf 86' lang='lat' dir='ltr'><strong>postulat</strong></span> <span class='ocrx_word' id='word_1_565' title='bbox 1854 3947 1966 4020; x_wconf 65' lang='lat' dir='ltr'><strong>tonali</strong></span> <span class='ocrx_word' id='word_1_566' title='bbox 2013 4005 2014 4012; x_wconf 46' lang='lat'><strong>,</strong></span> 
     </span>
     <span class='ocr_line' id='line_1_44' title="bbox 323 4038 1964 4123; baseline -0.002 -24"><span class='ocrx_word' id='word_1_567' title='bbox 323 4058 367 4099; x_wconf 78' lang='lat' dir='ltr'><strong>ret</strong></span> <span class='ocrx_word' id='word_1_568' title='bbox 379 4044 561 4098; x_wconf 77' lang='lat' dir='ltr'><strong>immanitas:</strong></span> <span class='ocrx_word' id='word_1_569' title='bbox 576 4047 603 4099; x_wconf 81' lang='lat' dir='ltr'><strong>et</strong></span> <span class='ocrx_word' id='word_1_570' title='bbox 627 4044 718 4114; x_wconf 75' lang='lat' dir='ltr'><strong>quali-5</strong></span> <span class='ocrx_word' id='word_1_571' title='bbox 731 4043 845 4098; x_wconf 68' lang='lat' dir='ltr'><strong>dissitam</strong></span> <span class='ocrx_word' id='word_1_572' title='bbox 858 4043 1054 4100; x_wconf 66' lang='lat' dir='ltr'><strong>neeromantia</strong></span> <span class='ocrx_word' id='word_1_573' title='bbox 1069 4044 1115 4101; x_wconf 83' lang='lat' dir='ltr'><strong>de·</strong></span> <span class='ocrx_word' id='word_1_574' title='bbox 1171 4055 1364 4123; x_wconf 81' lang='lat' dir='ltr'><strong>eqttusiuum</strong></span> <span class='ocrx_word' id='word_1_575' title='bbox 1382 4067 1485 4106; x_wconf 79' lang='lat' dir='ltr'><strong>nursam</strong></span> <span class='ocrx_word' id='word_1_576' title='bbox 1502 4051 1715 4108; x_wconf 81' lang='lat' dir='ltr'><strong>subdentibus</strong></span> <span class='ocrx_word' id='word_1_577' title='bbox 1737 4047 1856 4106; x_wconf 75' lang='lat' dir='ltr'><strong>mandit.</strong></span> <span class='ocrx_word' id='word_1_578' title='bbox 1870 4042 1916 4100; x_wconf 85' lang='lat' dir='ltr'><strong>Sed</strong></span> <span class='ocrx_word' id='word_1_579' title='bbox 1929 4038 1964 4093; x_wconf 82' lang='lat' dir='ltr'><strong>dt·</strong></span> 
     </span>
    </p>
   </div>
   <div class='ocr_carea' id='block_1_4' title="bbox 285 4117 2014 5013">
    <p class='ocr_par' dir='ltr' id='par_1_4' title="bbox 323 4117 1967 4213">
     <span class='ocr_line' id='line_1_45' title="bbox 323 4117 1967 4213; baseline -0.008 -13"><span class='ocrx_word' id='word_1_580' title='bbox 323 4117 393 4170; x_wconf 56' lang='lat' dir='ltr'><strong>m·</strong></span> <span class='ocrx_word' id='word_1_581' title='bbox 1170 4137 1277 4194; x_wconf 85' lang='lat' dir='ltr'><strong>lactant</strong></span> <span class='ocrx_word' id='word_1_582' title='bbox 1299 4143 1327 4194; x_wconf 92' lang='lat' dir='ltr'><strong>te</strong></span> <span class='ocrx_word' id='word_1_583' title='bbox 1352 4145 1525 4196; x_wconf 87' lang='lat' dir='ltr'><strong>ornamento</strong></span> <span class='ocrx_word' id='word_1_584' title='bbox 1548 4139 1686 4213; x_wconf 86' lang='lat' dir='ltr'><strong>pretiosa,</strong></span> <span class='ocrx_word' id='word_1_585' title='bbox 1704 4155 1773 4196; x_wconf 90' lang='lat' dir='ltr'><strong>cum</strong></span> <span class='ocrx_word' id='word_1_586' title='bbox 1789 4136 1835 4194; x_wconf 87' lang='lat' dir='ltr'><strong>olii</strong></span> <span class='ocrx_word' id='word_1_587' title='bbox 1851 4127 1967 4191; x_wconf 74' lang='lat' dir='ltr'><strong>truncata</strong></span> 
     </span>
    </p>

    <p class='ocr_par' dir='ltr' id='par_1_5' title="bbox 285 4213 2014 5013">
     <span class='ocr_line' id='line_1_46' title="bbox 324 4213 1966 4301; baseline -0.01 -17"><span class='ocrx_word' id='word_1_588' title='bbox 324 4231 371 4285; x_wconf 82' lang='grc'><strong>51.</strong></span> <span class='ocrx_word' id='word_1_589' title='bbox 398 4229 471 4296; x_wconf 86' lang='lat' dir='ltr'><strong>Ouid</strong></span> <span class='ocrx_word' id='word_1_590' title='bbox 497 4229 574 4285; x_wconf 89' lang='lat' dir='ltr'><strong>enim</strong></span> <span class='ocrx_word' id='word_1_591' title='bbox 600 4229 765 4301; x_wconf 86' lang='lat' dir='ltr'><strong>superbias,</strong></span> <span class='ocrx_word' id='word_1_592' title='bbox 792 4229 895 4286; x_wconf 82' lang='lat' dir='ltr'><strong>dives?</strong></span> <span class='ocrx_word' id='word_1_593' title='bbox 927 4231 1002 4296; x_wconf 80' lang='lat' dir='ltr'><strong>Quid</strong></span> <span class='ocrx_word' id='word_1_594' title='bbox 1035 4231 1116 4287; x_wconf 86' lang='lat' dir='ltr'><strong>dions</strong></span> <span class='ocrx_word' id='word_1_595' title='bbox 1171 4228 1556 4298; x_wconf 84' lang='lat' dir='ltr'><strong>nonhabeaot.0unntum,</strong></span> <span class='ocrx_word' id='word_1_596' title='bbox 1577 4246 1594 4284; x_wconf 93' lang='lat' dir='ltr'><strong>o</strong></span> <span class='ocrx_word' id='word_1_597' title='bbox 1619 4229 1713 4298; x_wconf 78' lang='lat' dir='ltr'><strong>dives,</strong></span> <span class='ocrx_word' id='word_1_598' title='bbox 1739 4213 1966 4290; x_wconf 86' lang='lat' dir='ltr'><strong>sumistibijudi·</strong></span> 
     </span>
     <span class='ocr_line' id='line_1_47' title="bbox 290 4304 1965 4392; baseline -0.011 -19"><span class='ocrx_word' id='word_1_599' title='bbox 290 4318 435 4390; x_wconf 84' lang='lat' dir='ltr'><strong>pauperi:</strong></span> <span class='ocrx_word' id='word_1_600' title='bbox 460 4317 525 4374; x_wconf 92' lang='lat' dir='ltr'><strong>Noli</strong></span> <span class='ocrx_word' id='word_1_601' title='bbox 541 4318 743 4392; x_wconf 80' lang='lat' dir='ltr'><strong>metnngere?</strong></span> <span class='ocrx_word' id='word_1_602' title='bbox 757 4319 858 4375; x_wconf 87' lang='lat' dir='ltr'><strong>Nonne</strong></span> <span class='ocrx_word' id='word_1_603' title='bbox 884 4320 961 4376; x_wconf 90' lang='lat' dir='ltr'><strong>sicut</strong></span> <span class='ocrx_word' id='word_1_604' title='bbox 980 4336 1033 4392; x_wconf 87' lang='lat' dir='ltr'><strong>ego</strong></span> <span class='ocrx_word' id='word_1_605' title='bbox 1049 4337 1115 4376; x_wconf 93' lang='lat' dir='ltr'><strong>con·</strong></span> <span class='ocrx_word' id='word_1_606' title='bbox 1170 4317 1268 4374; x_wconf 90' lang='lat' dir='ltr'><strong>cium!</strong></span> <span class='ocrx_word' id='word_1_607' title='bbox 1294 4317 1424 4390; x_wconf 87' lang='lat' dir='ltr'><strong>Populus</strong></span> <span class='ocrx_word' id='word_1_608' title='bbox 1448 4318 1551 4388; x_wconf 77' lang='lat' dir='ltr'><strong>assirit,</strong></span> <span class='ocrx_word' id='word_1_609' title='bbox 1578 4321 1606 4374; x_wconf 91' lang='lat' dir='ltr'><strong>et</strong></span> <span class='ocrx_word' id='word_1_610' title='bbox 1625 4322 1657 4373; x_wconf 92' lang='lat' dir='ltr'><strong>tu</strong></span> <span class='ocrx_word' id='word_1_611' title='bbox 1681 4317 1848 4374; x_wconf 77' lang='lat' dir='ltr'><strong>horrentur</strong></span> <span class='ocrx_word' id='word_1_612' title='bbox 1860 4304 1965 4368; x_wconf 88' lang='lat' dir='ltr'><strong>claudis:</strong></span> 
     </span>
     <span class='ocr_line' id='line_1_48' title="bbox 291 4393 1965 4480; baseline -0.005 -19"><span class='ocrx_word' id='word_1_613' title='bbox 291 4411 395 4477; x_wconf 88' lang='lat' dir='ltr'><strong>ceptus</strong></span> <span class='ocrx_word' id='word_1_614' title='bbox 412 4408 511 4477; x_wconf 77' lang='lat' dir='ltr'><strong>(25let</strong></span> <span class='ocrx_word' id='word_1_615' title='bbox 540 4407 746 4474; x_wconf 83' lang='lat' dir='ltr'><strong>untus‘lOuid</strong></span> <span class='ocrx_word' id='word_1_616' title='bbox 761 4412 789 4464; x_wconf 87' lang='lat' dir='ltr'><strong>te</strong></span> <span class='ocrx_word' id='word_1_617' title='bbox 801 4408 941 4479; x_wconf 87' lang='lat' dir='ltr'><strong>jactasde</strong></span> <span class='ocrx_word' id='word_1_618' title='bbox 955 4408 1117 4465; x_wconf 84' lang='lat' dir='ltr'><strong>nobilitatis</strong></span> <span class='ocrx_word' id='word_1_619' title='bbox 1170 4406 1297 4480; x_wconf 87' lang='lat' dir='ltr'><strong>populus</strong></span> <span class='ocrx_word' id='word_1_620' title='bbox 1312 4405 1453 4479; x_wconf 85' lang='lat' dir='ltr'><strong>deplorat,</strong></span> <span class='ocrx_word' id='word_1_621' title='bbox 1470 4411 1499 4463; x_wconf 87' lang='lat' dir='ltr'><strong>ct</strong></span> <span class='ocrx_word' id='word_1_622' title='bbox 1515 4411 1545 4463; x_wconf 92' lang='lat' dir='ltr'><strong>tu</strong></span> <span class='ocrx_word' id='word_1_623' title='bbox 1561 4423 1713 4479; x_wconf 89' lang='lat' dir='ltr'><strong>gemmam</strong></span> <span class='ocrx_word' id='word_1_624' title='bbox 1729 4411 1809 4466; x_wconf 90' lang='lat' dir='ltr'><strong>tuam</strong></span> <span class='ocrx_word' id='word_1_625' title='bbox 1825 4415 1919 4458; x_wconf 79' lang='lat' dir='ltr'><strong>versas.</strong></span> <span class='ocrx_word' id='word_1_626' title='bbox 1933 4393 1965 4448; x_wconf 82' lang='lat'>111·</span> 
     </span>
     <span class='ocr_line' id='line_1_49' title="bbox 288 4489 2014 4570; baseline -0.003 -20"><span class='ocrx_word' id='word_1_627' title='bbox 288 4494 451 4568; x_wconf 79' lang='lat' dir='ltr'><strong>prosapia?</strong></span> <span class='ocrx_word' id='word_1_628' title='bbox 465 4495 570 4551; x_wconf 89' lang='lat' dir='ltr'><strong>Soletis</strong></span> <span class='ocrx_word' id='word_1_629' title='bbox 585 4501 614 4550; x_wconf 84' lang='lat' dir='ltr'><strong>rt</strong></span> <span class='ocrx_word' id='word_1_630' title='bbox 626 4513 733 4552; x_wconf 88' lang='lat' dir='ltr'><strong>canum</strong></span> <span class='ocrx_word' id='word_1_631' title='bbox 748 4502 911 4554; x_wconf 89' lang='lat' dir='ltr'><strong>vestrorum</strong></span> <span class='ocrx_word' id='word_1_632' title='bbox 927 4496 1056 4570; x_wconf 88' lang='lat' dir='ltr'><strong>origines</strong></span> <span class='ocrx_word' id='word_1_633' title='bbox 1075 4497 1115 4554; x_wconf 95' lang='lat' dir='ltr'><strong>si·</strong></span> <span class='ocrx_word' id='word_1_634' title='bbox 1170 4495 1248 4564; x_wconf 86' lang='lat' dir='ltr'><strong>lelix,</strong></span> <span class='ocrx_word' id='word_1_635' title='bbox 1264 4497 1350 4568; x_wconf 89' lang='lat' dir='ltr'><strong>cujus</strong></span> <span class='ocrx_word' id='word_1_636' title='bbox 1372 4495 1403 4551; x_wconf 90' lang='lat' dir='ltr'><strong>in</strong></span> <span class='ocrx_word' id='word_1_637' title='bbox 1428 4500 1570 4568; x_wconf 88' lang='lat' dir='ltr'><strong>potestate</strong></span> <span class='ocrx_word' id='word_1_638' title='bbox 1595 4499 1640 4552; x_wconf 93' lang='lat' dir='ltr'><strong>est</strong></span> <span class='ocrx_word' id='word_1_639' title='bbox 1659 4499 1811 4553; x_wconf 86' lang='lat' dir='ltr'><strong>tantorum</strong></span> <span class='ocrx_word' id='word_1_640' title='bbox 1837 4489 1934 4545; x_wconf 82' lang='lat' dir='ltr'><strong>animes</strong></span> <span class='ocrx_word' id='word_1_641' title='bbox 1955 4494 1966 4530; x_wconf 73' lang='lat' dir='ltr'><strong>a</strong></span> <span class='ocrx_word' id='word_1_642' title='bbox 2013 4491 2014 4544; x_wconf 87' lang='lat' dir='ltr'><strong>l</strong></span> 
     </span>
     <span class='ocr_line' id='line_1_50' title="bbox 287 4573 1965 4677; baseline -0.007 -38"><span class='ocrx_word' id='word_1_643' title='bbox 287 4586 338 4639; x_wconf 86' lang='lat' dir='ltr'><strong>cut</strong></span> <span class='ocrx_word' id='word_1_644' title='bbox 352 4582 477 4638; x_wconf 86' lang='lat' dir='ltr'><strong>divitum</strong></span> <span class='ocrx_word' id='word_1_645' title='bbox 488 4601 658 4640; x_wconf 86' lang='lat' dir='ltr'><strong>recensere:</strong></span> <span class='ocrx_word' id='word_1_646' title='bbox 675 4584 775 4640; x_wconf 84' lang='lat' dir='ltr'><strong>soletis</strong></span> <span class='ocrx_word' id='word_1_647' title='bbox 795 4590 825 4640; x_wconf 86' lang='lat' dir='ltr'><strong>ot</strong></span> <span class='ocrx_word' id='word_1_648' title='bbox 845 4602 988 4658; x_wconf 90' lang='lat' dir='ltr'><strong>equorum</strong></span> <span class='ocrx_word' id='word_1_649' title='bbox 1003 4589 1116 4642; x_wconf 81' lang='lat' dir='ltr'><strong>vestro·</strong></span> <span class='ocrx_word' id='word_1_650' title='bbox 1131 4611 1154 4677; x_wconf 74' lang='lat' dir='ltr'>D</span> <span class='ocrx_word' id='word_1_651' title='bbox 1171 4589 1264 4642; x_wconf 89' lang='lat' dir='ltr'><strong>morte</strong></span> <span class='ocrx_word' id='word_1_652' title='bbox 1279 4584 1443 4653; x_wconf 80' lang='lat' dir='ltr'><strong>detondere,</strong></span> <span class='ocrx_word' id='word_1_653' title='bbox 1461 4589 1490 4640; x_wconf 86' lang='lat' dir='ltr'><strong>ct</strong></span> <span class='ocrx_word' id='word_1_654' title='bbox 1505 4601 1562 4640; x_wconf 93' lang='lat' dir='ltr'><strong>non</strong></span> <span class='ocrx_word' id='word_1_655' title='bbox 1579 4589 1624 4642; x_wconf 87' lang='lat' dir='ltr'><strong>est</strong></span> <span class='ocrx_word' id='word_1_656' title='bbox 1636 4580 1885 4642; x_wconf 80' lang='lat' dir='ltr'><strong>voluntasTotius</strong></span> <span class='ocrx_word' id='word_1_657' title='bbox 1897 4573 1965 4629; x_wconf 82' lang='lat' dir='ltr'><strong>vitam</strong></span> 
     </span>
     <span class='ocr_line' id='line_1_51' title="bbox 288 4665 1911 4747; baseline -0.004 -19"><span class='ocrx_word' id='word_1_658' title='bbox 288 4688 355 4728; x_wconf 90' lang='lat' dir='ltr'><strong>rum</strong></span> <span class='ocrx_word' id='word_1_659' title='bbox 367 4671 549 4729; x_wconf 83' lang='lat' dir='ltr'><strong>nobilitatem</strong></span> <span class='ocrx_word' id='word_1_660' title='bbox 566 4673 643 4728; x_wconf 86' lang='lat' dir='ltr'><strong>sicut</strong></span> <span class='ocrx_word' id='word_1_661' title='bbox 657 4673 812 4730; x_wconf 89' lang='lat' dir='ltr'><strong>consulum</strong></span> <span class='ocrx_word' id='word_1_662' title='bbox 832 4675 999 4746; x_wconf 74' lang='lat' dir='ltr'><strong>predicere.</strong></span> <span class='ocrx_word' id='word_1_663' title='bbox 1015 4674 1066 4732; x_wconf 89' lang='lat' dir='ltr'><strong>lllo</strong></span> <span class='ocrx_word' id='word_1_664' title='bbox 1081 4691 1115 4732; x_wconf 83' lang='lat' dir='ltr'><strong>ox</strong></span> <span class='ocrx_word' id='word_1_665' title='bbox 1170 4673 1269 4746; x_wconf 92' lang='lat' dir='ltr'><strong>populi</strong></span> <span class='ocrx_word' id='word_1_666' title='bbox 1284 4675 1398 4747; x_wconf 88' lang='lat' dir='ltr'><strong>poterut</strong></span> <span class='ocrx_word' id='word_1_667' title='bbox 1413 4672 1526 4730; x_wconf 89' lang='lat' dir='ltr'><strong>annulli</strong></span> <span class='ocrx_word' id='word_1_668' title='bbox 1541 4673 1583 4728; x_wconf 91' lang='lat' dir='ltr'><strong>tui</strong></span> <span class='ocrx_word' id='word_1_669' title='bbox 1594 4690 1714 4746; x_wconf 86' lang='lat' dir='ltr'><strong>gemma</strong></span> <span class='ocrx_word' id='word_1_670' title='bbox 1728 4685 1841 4728; x_wconf 84' lang='lat' dir='ltr'><strong>servare</strong></span> <span class='ocrx_word' id='word_1_671' title='bbox 1854 4665 1911 4740; x_wconf 76' lang='grc'>(18).</span> 
     </span>
     <span class='ocr_line' id='line_1_52' title="bbox 286 4747 1966 4835; baseline -0.008 -17"><span class='ocrx_word' id='word_1_672' title='bbox 286 4761 339 4818; x_wconf 92' lang='lat' dir='ltr'><strong>illo</strong></span> <span class='ocrx_word' id='word_1_673' title='bbox 353 4764 435 4835; x_wconf 87' lang='lat' dir='ltr'><strong>patre</strong></span> <span class='ocrx_word' id='word_1_674' title='bbox 451 4765 607 4834; x_wconf 87' lang='lat' dir='ltr'><strong>generatus</strong></span> <span class='ocrx_word' id='word_1_675' title='bbox 623 4768 676 4829; x_wconf 87' lang='lat' dir='ltr'><strong>est,</strong></span> <span class='ocrx_word' id='word_1_676' title='bbox 693 4767 723 4817; x_wconf 90' lang='lat' dir='ltr'><strong>et</strong></span> <span class='ocrx_word' id='word_1_677' title='bbox 743 4760 793 4817; x_wconf 87' lang='lat' dir='ltr'><strong>ilia</strong></span> <span class='ocrx_word' id='word_1_678' title='bbox 809 4767 901 4820; x_wconf 89' lang='lat' dir='ltr'><strong>matre</strong></span> <span class='ocrx_word' id='word_1_679' title='bbox 925 4764 1040 4820; x_wconf 90' lang='lat' dir='ltr'><strong>editus:</strong></span> <span class='ocrx_word' id='word_1_680' title='bbox 1065 4763 1114 4820; x_wconf 90' lang='lat' dir='ltr'><strong>ille</strong></span> <span class='ocrx_word' id='word_1_681' title='bbox 1204 4765 1248 4819; x_wconf 80' lang='lat'><strong>57.</strong></span> <span class='ocrx_word' id='word_1_682' title='bbox 1273 4762 1347 4818; x_wconf 85' lang='lat' dir='ltr'><strong>Audi</strong></span> <span class='ocrx_word' id='word_1_683' title='bbox 1370 4761 1455 4835; x_wconf 88' lang='lat' dir='ltr'><strong>plane</strong></span> <span class='ocrx_word' id='word_1_684' title='bbox 1480 4762 1577 4835; x_wconf 86' lang='lat' dir='ltr'><strong>qualis</strong></span> <span class='ocrx_word' id='word_1_685' title='bbox 1602 4761 1725 4818; x_wconf 84' lang='lat' dir='ltr'><strong>divitem</strong></span> <span class='ocrx_word' id='word_1_686' title='bbox 1748 4760 1846 4816; x_wconf 87' lang='lat' dir='ltr'><strong>decent</strong></span> <span class='ocrx_word' id='word_1_687' title='bbox 1859 4747 1966 4828; x_wconf 80' lang='lat' dir='ltr'><strong>predica·</strong></span> 
     </span>
     <span class='ocr_line' id='line_1_53' title="bbox 286 4848 1964 4924; baseline -0.006 -18"><span class='ocrx_word' id='word_1_688' title='bbox 286 4848 793 4923; x_wconf 82' lang='lat' dir='ltr'><strong>avoillogaudea:illeseproavis</strong></span> <span class='ocrx_word' id='word_1_689' title='bbox 814 4851 930 4907; x_wconf 88' lang='lat' dir='ltr'><strong>attollit.</strong></span> <span class='ocrx_word' id='word_1_690' title='bbox 959 4853 1015 4908; x_wconf 90' lang='lat' dir='ltr'><strong>Sed</strong></span> <span class='ocrx_word' id='word_1_691' title='bbox 1040 4852 1114 4909; x_wconf 91' lang='lat' dir='ltr'><strong>nibil</strong></span> <span class='ocrx_word' id='word_1_692' title='bbox 1168 4851 1228 4907; x_wconf 89' lang='lat' dir='ltr'><strong>tio:</strong></span> <span class='ocrx_word' id='word_1_693' title='bbox 1256 4850 1426 4919; x_wconf 67' lang='lat' dir='ltr'><strong>aLiberari,</strong></span> <span class='ocrx_word' id='word_1_694' title='bbox 1452 4851 1559 4924; x_wconf 85' lang='lat' dir='ltr'><strong>inquit,</strong></span> <span class='ocrx_word' id='word_1_695' title='bbox 1584 4865 1747 4924; x_wconf 87' lang='lat' dir='ltr'><strong>pauperem</strong></span> <span class='ocrx_word' id='word_1_696' title='bbox 1769 4849 1804 4904; x_wconf 90' lang='lat' dir='ltr'><strong>de</strong></span> <span class='ocrx_word' id='word_1_697' title='bbox 1830 4857 1907 4901; x_wconf 89' lang='lat' dir='ltr'><strong>manu</strong></span> <span class='ocrx_word' id='word_1_698' title='bbox 1927 4849 1964 4908; x_wconf 76' lang='lat' dir='ltr'><strong>pt·</strong></span> 
     </span>
     <span class='ocr_line' id='line_1_54' title="bbox 285 4928 1963 5013; baseline -0.007 -18"><span class='ocrx_word' id='word_1_699' title='bbox 285 4937 367 4996; x_wconf 87' lang='lat' dir='ltr'><strong>istud</strong></span> <span class='ocrx_word' id='word_1_700' title='bbox 383 4943 547 4996; x_wconf 84' lang='lat' dir='ltr'><strong>currentem</strong></span> <span class='ocrx_word' id='word_1_701' title='bbox 559 4940 663 5011; x_wconf 87' lang='lat' dir='ltr'><strong>juvat;</strong></span> <span class='ocrx_word' id='word_1_702' title='bbox 680 4956 739 4994; x_wconf 89' lang='lat' dir='ltr'><strong>non</strong></span> <span class='ocrx_word' id='word_1_703' title='bbox 754 4940 841 4995; x_wconf 88' lang='lat' dir='ltr'><strong>datur</strong></span> <span class='ocrx_word' id='word_1_704' title='bbox 856 4940 1001 4996; x_wconf 88' lang='lat' dir='ltr'><strong>nobilitati</strong></span> <span class='ocrx_word' id='word_1_705' title='bbox 1017 4941 1116 5013; x_wconf 87' lang='lat' dir='ltr'><strong>palma</strong></span> <span class='ocrx_word' id='word_1_706' title='bbox 1168 4940 1266 5006; x_wconf 87' lang='lat' dir='ltr'><strong>tentis,</strong></span> <span class='ocrx_word' id='word_1_707' title='bbox 1284 4941 1311 4994; x_wconf 88' lang='lat' dir='ltr'><strong>et</strong></span> <span class='ocrx_word' id='word_1_708' title='bbox 1326 4939 1492 5012; x_wconf 90' lang='lat' dir='ltr'><strong>orphanum</strong></span> <span class='ocrx_word' id='word_1_709' title='bbox 1517 4939 1563 4994; x_wconf 91' lang='lat' dir='ltr'><strong>cui</strong></span> <span class='ocrx_word' id='word_1_710' title='bbox 1578 4957 1635 4995; x_wconf 91' lang='lat' dir='ltr'><strong>non</strong></span> <span class='ocrx_word' id='word_1_711' title='bbox 1653 4942 1718 4994; x_wconf 83' lang='lat' dir='ltr'><strong>erat</strong></span> <span class='ocrx_word' id='word_1_712' title='bbox 1743 4937 1865 5009; x_wconf 89' lang='lat' dir='ltr'><strong>adjutor,</strong></span> <span class='ocrx_word' id='word_1_713' title='bbox 1879 4928 1963 4998; x_wconf 76' lang='lat' dir='ltr'><strong>adjuva</strong></span> 
     </span>
    </p>
   </div>
   <div class='ocr_carea' id='block_1_5' title="bbox 285 5053 1964 5774">
    <p class='ocr_par' dir='ltr' id='par_1_6' title="bbox 285 5053 1964 5617">
     <span class='ocr_line' id='line_1_55' title="bbox 324 5053 1899 5127; baseline -0.002 -18"><span class='ocrx_word' id='word_1_714' title='bbox 324 5054 381 5126; x_wconf 75' lang='lat' dir='ltr'><strong>(al)</strong></span> <span class='ocrx_word' id='word_1_715' title='bbox 398 5054 441 5110; x_wconf 88' lang='lat' dir='ltr'><strong>lte</strong></span> <span class='ocrx_word' id='word_1_716' title='bbox 455 5072 539 5122; x_wconf 69' lang='lat' dir='ltr'><strong>mss,</strong></span> <span class='ocrx_word' id='word_1_717' title='bbox 554 5053 657 5126; x_wconf 86' lang='lat' dir='ltr'><strong>paucis</strong></span> <span class='ocrx_word' id='word_1_718' title='bbox 672 5053 849 5125; x_wconf 71' lang='lat' dir='ltr'><strong>camphain</strong></span> <span class='ocrx_word' id='word_1_719' title='bbox 862 5054 1112 5125; x_wconf 85' lang='lat' dir='ltr'><strong>quibusultimnm</strong></span> <span class='ocrx_word' id='word_1_720' title='bbox 1169 5053 1297 5126; x_wconf 87' lang='lat' dir='ltr'><strong>quinque</strong></span> <span class='ocrx_word' id='word_1_721' title='bbox 1314 5053 1522 5126; x_wconf 88' lang='lat' dir='ltr'><strong>probatissimi,</strong></span> <span class='ocrx_word' id='word_1_722' title='bbox 1540 5056 1633 5111; x_wconf 75' lang='lat' dir='ltr'><strong>Noniae</strong></span> <span class='ocrx_word' id='word_1_723' title='bbox 1646 5056 1790 5124; x_wconf 67' lang='lat' dir='ltr'><strong>albateco,</strong></span> <span class='ocrx_word' id='word_1_724' title='bbox 1803 5054 1854 5106; x_wconf 89' lang='lat' dir='ltr'><strong>cto.</strong></span> <span class='ocrx_word' id='word_1_725' title='bbox 1894 5115 1899 5127; x_wconf 40' lang='grc' dir='ltr'>Ι</span> 
     </span>
     <span class='ocr_line' id='line_1_56' title="bbox 289 5115 1964 5198; baseline -0.007 -17"><span class='ocrx_word' id='word_1_726' title='bbox 289 5126 441 5182; x_wconf 78' lang='lat' dir='ltr'><strong>sentemtc</strong></span> <span class='ocrx_word' id='word_1_727' title='bbox 457 5130 567 5198; x_wconf 86' lang='lat' dir='ltr'><strong>partem</strong></span> <span class='ocrx_word' id='word_1_728' title='bbox 584 5125 736 5196; x_wconf 73' lang='lat' dir='ltr'><strong>italrgus:</strong></span> <span class='ocrx_word' id='word_1_729' title='bbox 753 5127 786 5179; x_wconf 81' lang='lat' dir='ltr'><strong>El</strong></span> <span class='ocrx_word' id='word_1_730' title='bbox 807 5127 915 5196; x_wconf 71' lang='lat' dir='ltr'><strong>fractas</strong></span> <span class='ocrx_word' id='word_1_731' title='bbox 930 5127 1049 5181; x_wconf 81' lang='lat' dir='ltr'><strong>hominis</strong></span> <span class='ocrx_word' id='word_1_732' title='bbox 1064 5135 1111 5183; x_wconf 85' lang='lat' dir='ltr'><strong>est.</strong></span> <span class='ocrx_word' id='word_1_733' title='bbox 1204 5125 1261 5192; x_wconf 83' lang='grc'>(26)</span> <span class='ocrx_word' id='word_1_734' title='bbox 1287 5124 1370 5180; x_wconf 83' lang='lat' dir='ltr'><strong>llam.</strong></span> <span class='ocrx_word' id='word_1_735' title='bbox 1394 5125 1476 5190; x_wconf 79' lang='lat' dir='ltr'><strong>edit,</strong></span> <span class='ocrx_word' id='word_1_736' title='bbox 1501 5126 1624 5182; x_wconf 75' lang='lat' dir='ltr'><strong>insanires</strong></span> <span class='ocrx_word' id='word_1_737' title='bbox 1646 5125 1842 5198; x_wconf 77' lang='lat' dir='ltr'><strong>depirsparrtar.</strong></span> <span class='ocrx_word' id='word_1_738' title='bbox 1863 5115 1921 5174; x_wconf 79' lang='lat' dir='ltr'><strong>lille</strong></span> <span class='ocrx_word' id='word_1_739' title='bbox 1939 5125 1964 5164; x_wconf 72' lang='lat' dir='ltr'><strong>tt</strong></span> 
     </span>
     <span class='ocr_line' id='line_1_57' title="bbox 287 5179 1962 5269; baseline -0.004 -19"><span class='ocrx_word' id='word_1_740' title='bbox 287 5197 484 5262; x_wconf 65' lang='lat' dir='ltr'><strong>Misericordia,</strong></span> <span class='ocrx_word' id='word_1_741' title='bbox 500 5204 555 5253; x_wconf 85' lang='lat' dir='ltr'><strong>ete.</strong></span> <span class='ocrx_word' id='word_1_742' title='bbox 571 5198 637 5252; x_wconf 79' lang='lat' dir='ltr'><strong>Edit</strong></span> <span class='ocrx_word' id='word_1_743' title='bbox 652 5212 718 5251; x_wconf 88' lang='lat' dir='ltr'><strong>vero</strong></span> <span class='ocrx_word' id='word_1_744' title='bbox 734 5194 829 5252; x_wconf 85' lang='lat' dir='ltr'><strong>loerrm</strong></span> <span class='ocrx_word' id='word_1_745' title='bbox 855 5197 993 5253; x_wconf 82' lang='lat' dir='ltr'><strong>exhibent</strong></span> <span class='ocrx_word' id='word_1_746' title='bbox 1006 5199 1037 5252; x_wconf 91' lang='lat' dir='ltr'><strong>in</strong></span> <span class='ocrx_word' id='word_1_747' title='bbox 1053 5199 1116 5254; x_wconf 49' lang='lat' dir='ltr'><strong>hare¹</strong></span> <span class='ocrx_word' id='word_1_748' title='bbox 1169 5213 1240 5252; x_wconf 87' lang='lat' dir='ltr'><strong>mss.</strong></span> <span class='ocrx_word' id='word_1_749' title='bbox 1257 5212 1370 5264; x_wconf 89' lang='lat' dir='ltr'><strong>omnes,</strong></span> <span class='ocrx_word' id='word_1_750' title='bbox 1387 5197 1508 5253; x_wconf 77' lang='lat' dir='ltr'><strong>homines</strong></span> <span class='ocrx_word' id='word_1_751' title='bbox 1522 5200 1689 5269; x_wconf 81' lang='lat' dir='ltr'><strong>puniuntur.</strong></span> <span class='ocrx_word' id='word_1_752' title='bbox 1716 5194 1797 5260; x_wconf 90' lang='lat' dir='ltr'><strong>Quod</strong></span> <span class='ocrx_word' id='word_1_753' title='bbox 1821 5191 1924 5266; x_wconf 80' lang='lat' dir='ltr'><strong>verbum</strong></span> <span class='ocrx_word' id='word_1_754' title='bbox 1936 5179 1962 5234; x_wconf 72' lang='lat' dir='ltr'><strong>td</strong></span> 
     </span>
     <span class='ocr_line' id='line_1_58' title="bbox 286 5259 1962 5340; baseline -0.001 -20"><span class='ocrx_word' id='word_1_755' title='bbox 286 5269 376 5322; x_wconf 80' lang='lat' dir='ltr'><strong>acrba</strong></span> <span class='ocrx_word' id='word_1_756' title='bbox 393 5284 400 5322; x_wconf 78' lang='grc' dir='ltr'>ε</span> <span class='ocrx_word' id='word_1_757' title='bbox 419 5270 477 5324; x_wconf 84' lang='lat' dir='ltr'><strong>Tibi</strong></span> <span class='ocrx_word' id='word_1_758' title='bbox 492 5271 587 5324; x_wconf 81' lang='lat' dir='ltr'><strong>crescit</strong></span> <span class='ocrx_word' id='word_1_759' title='bbox 602 5267 735 5339; x_wconf 82' lang='lat' dir='ltr'><strong>quidquid</strong></span> <span class='ocrx_word' id='word_1_760' title='bbox 749 5268 780 5322; x_wconf 86' lang='lat' dir='ltr'><strong>r&#39;rr</strong></span> <span class='ocrx_word' id='word_1_761' title='bbox 798 5285 933 5338; x_wconf 82' lang='lat' dir='ltr'><strong>parrperes</strong></span> <span class='ocrx_word' id='word_1_762' title='bbox 947 5271 1112 5338; x_wconf 75' lang='lat' dir='ltr'><strong>erogaveris.</strong></span> <span class='ocrx_word' id='word_1_763' title='bbox 1168 5267 1218 5323; x_wconf 88' lang='lat' dir='ltr'><strong>iila</strong></span> <span class='ocrx_word' id='word_1_764' title='bbox 1229 5273 1360 5339; x_wconf 83' lang='lat' dir='ltr'><strong>spectare</strong></span> <span class='ocrx_word' id='word_1_765' title='bbox 1373 5268 1530 5325; x_wconf 88' lang='lat' dir='ltr'><strong>credimus.</strong></span> <span class='ocrx_word' id='word_1_766' title='bbox 1548 5270 1600 5325; x_wconf 88' lang='lat' dir='ltr'><strong>Per·</strong></span> <span class='ocrx_word' id='word_1_767' title='bbox 1615 5277 1723 5340; x_wconf 76' lang='lat' dir='ltr'><strong>rpentes</strong></span> <span class='ocrx_word' id='word_1_768' title='bbox 1736 5259 1962 5334; x_wconf 71' lang='lat' dir='ltr'><strong>aaramqaartitb</strong></span> 
     </span>
     <span class='ocr_line' id='line_1_59' title="bbox 288 5337 1222 5411; baseline 0.002 -19"><span class='ocrx_word' id='word_1_769' title='bbox 288 5337 424 5410; x_wconf 74' lang='lat' dir='ltr'><strong>Serapam</strong></span> <span class='ocrx_word' id='word_1_770' title='bbox 454 5343 516 5396; x_wconf 84' lang='lat' dir='ltr'><strong>cst:</strong></span> <span class='ocrx_word' id='word_1_771' title='bbox 540 5342 593 5409; x_wconf 84' lang='lat' dir='ltr'><strong>Qai</strong></span> <span class='ocrx_word' id='word_1_772' title='bbox 616 5341 764 5395; x_wconf 62' lang='lat' dir='ltr'><strong>referretur</strong></span> <span class='ocrx_word' id='word_1_773' title='bbox 785 5342 903 5410; x_wconf 73' lang='lat' dir='ltr'><strong>pauperi</strong></span> <span class='ocrx_word' id='word_1_774' title='bbox 921 5343 1028 5411; x_wconf 63' lang='lat' dir='ltr'><strong>terreret</strong></span> <span class='ocrx_word' id='word_1_775' title='bbox 1049 5347 1112 5396; x_wconf 68' lang='lat' dir='ltr'><strong>laco.</strong></span> <span class='ocrx_word' id='word_1_776' title='bbox 1168 5345 1222 5395; x_wconf 88' lang='lat' dir='ltr'><strong>etc.</strong></span> 
     </span>
     <span class='ocr_line' id='line_1_60' title="bbox 287 5405 1961 5483; baseline -0.001 -20"><span class='ocrx_word' id='word_1_777' title='bbox 287 5409 347 5480; x_wconf 81' lang='lat' dir='ltr'><strong>lpse</strong></span> <span class='ocrx_word' id='word_1_778' title='bbox 368 5410 427 5466; x_wconf 84' lang='lat' dir='ltr'><strong>cibo</strong></span> <span class='ocrx_word' id='word_1_779' title='bbox 449 5412 480 5466; x_wconf 84' lang='lat' dir='ltr'><strong>ia</strong></span> <span class='ocrx_word' id='word_1_780' title='bbox 501 5427 622 5483; x_wconf 81' lang='lat' dir='ltr'><strong>paupere</strong></span> <span class='ocrx_word' id='word_1_781' title='bbox 642 5412 766 5483; x_wconf 76' lang='lat' dir='ltr'><strong>pascitur</strong></span> <span class='ocrx_word' id='word_1_782' title='bbox 792 5411 900 5481; x_wconf 78' lang='lat' dir='ltr'><strong>(llam,</strong></span> <span class='ocrx_word' id='word_1_783' title='bbox 926 5413 958 5466; x_wconf 85' lang='lat' dir='ltr'><strong>Te</strong></span> <span class='ocrx_word' id='word_1_784' title='bbox 972 5412 1114 5483; x_wconf 81' lang='lat' dir='ltr'><strong>itloqrrerrr</strong></span> <span class='ocrx_word' id='word_1_785' title='bbox 1204 5410 1260 5480; x_wconf 80' lang='grc'>(27)</span> <span class='ocrx_word' id='word_1_786' title='bbox 1274 5409 1338 5464; x_wconf 89' lang='lat' dir='ltr'><strong>Vet.</strong></span> <span class='ocrx_word' id='word_1_787' title='bbox 1354 5410 1422 5466; x_wconf 90' lang='lat' dir='ltr'><strong>edit.</strong></span> <span class='ocrx_word' id='word_1_788' title='bbox 1440 5414 1561 5467; x_wconf 83' lang='lat' dir='ltr'><strong>Parietes</strong></span> <span class='ocrx_word' id='word_1_789' title='bbox 1578 5413 1683 5468; x_wconf 79' lang='lat' dir='ltr'><strong>acolitis</strong></span> <span class='ocrx_word' id='word_1_790' title='bbox 1711 5425 1791 5480; x_wconf 85' lang='lat' dir='ltr'><strong>aare,</strong></span> <span class='ocrx_word' id='word_1_791' title='bbox 1806 5405 1961 5463; x_wconf 62' lang='lat' dir='ltr'><strong>seminarat·</strong></span> 
     </span>
     <span class='ocr_line' id='line_1_61' title="bbox 285 5481 1960 5555; baseline -0.007 -20"><span class='ocrx_word' id='word_1_792' title='bbox 285 5482 404 5551; x_wconf 83' lang='lat' dir='ltr'><strong>paupert</strong></span> <span class='ocrx_word' id='word_1_793' title='bbox 418 5481 533 5546; x_wconf 81' lang='lat' dir='ltr'><strong>dederis.</strong></span> <span class='ocrx_word' id='word_1_794' title='bbox 558 5484 620 5538; x_wconf 84' lang='lat' dir='ltr'><strong>ciba</strong></span> <span class='ocrx_word' id='word_1_795' title='bbox 643 5482 755 5552; x_wconf 80' lang='lat' dir='ltr'><strong>pascis),</strong></span> <span class='ocrx_word' id='word_1_796' title='bbox 779 5485 805 5537; x_wconf 86' lang='lat' dir='ltr'><strong>ct</strong></span> <span class='ocrx_word' id='word_1_797' title='bbox 828 5484 934 5553; x_wconf 72' lang='lat' dir='ltr'><strong>fractas</strong></span> <span class='ocrx_word' id='word_1_798' title='bbox 951 5483 1012 5555; x_wconf 87' lang='lat' dir='ltr'><strong>jam</strong></span> <span class='ocrx_word' id='word_1_799' title='bbox 1026 5485 1057 5538; x_wconf 84' lang='lat' dir='ltr'><strong>ia</strong></span> <span class='ocrx_word' id='word_1_800' title='bbox 1071 5484 1114 5552; x_wconf 79' lang='lat' dir='ltr'><strong>laio</strong></span> <span class='ocrx_word' id='word_1_801' title='bbox 1168 5482 1249 5537; x_wconf 81' lang='lat' dir='ltr'><strong>datas.</strong></span> <span class='ocrx_word' id='word_1_802' title='bbox 1265 5481 1350 5538; x_wconf 84' lang='lat' dir='ltr'><strong>Rom.</strong></span> <span class='ocrx_word' id='word_1_803' title='bbox 1367 5483 1437 5538; x_wconf 63' lang='lat' dir='ltr'><strong>ateste</strong></span> <span class='ocrx_word' id='word_1_804' title='bbox 1450 5483 1572 5540; x_wconf 75' lang='lat' dir='ltr'><strong>ardoris.</strong></span> <span class='ocrx_word' id='word_1_805' title='bbox 1589 5483 1644 5540; x_wconf 89' lang='lat' dir='ltr'><strong>Sed</strong></span> <span class='ocrx_word' id='word_1_806' title='bbox 1655 5481 1687 5537; x_wconf 92' lang='lat' dir='ltr'><strong>in</strong></span> <span class='ocrx_word' id='word_1_807' title='bbox 1704 5498 1777 5538; x_wconf 87' lang='lat' dir='ltr'><strong>mss.</strong></span> <span class='ocrx_word' id='word_1_808' title='bbox 1793 5491 1870 5536; x_wconf 76' lang='lat' dir='ltr'><strong>voras</strong></span> <span class='ocrx_word' id='word_1_809' title='bbox 1881 5482 1960 5528; x_wconf 78' lang='lat' dir='ltr'><strong>carro...</strong></span> 
     </span>
     <span class='ocr_line' id='line_1_62' title="bbox 288 5553 1473 5617; baseline 0.001 -10"><span class='ocrx_word' id='word_1_810' title='bbox 288 5554 329 5607; x_wconf 82' lang='lat' dir='ltr'><strong>est</strong></span> <span class='ocrx_word' id='word_1_811' title='bbox 341 5553 546 5608; x_wconf 71' lang='lat' dir='ltr'><strong>misericoraiae.</strong></span> <span class='ocrx_word' id='word_1_812' title='bbox 564 5553 734 5617; x_wconf 68' lang='lat' dir='ltr'><strong>Sarranates,</strong></span> <span class='ocrx_word' id='word_1_813' title='bbox 749 5558 802 5608; x_wconf 85' lang='lat' dir='ltr'><strong>etr.</strong></span> <span class='ocrx_word' id='word_1_814' title='bbox 1168 5561 1246 5616; x_wconf 65' lang='lat' dir='ltr'><strong>saorla,</strong></span> <span class='ocrx_word' id='word_1_815' title='bbox 1260 5553 1473 5608; x_wconf 77' lang='lat' dir='ltr'><strong>desiderantur.</strong></span> 
     </span>
    </p>

    <p class='ocr_par' dir='ltr' id='par_1_7' title="bbox 288 5617 1959 5774">
     <span class='ocr_line' id='line_1_63' title="bbox 324 5617 1959 5696; baseline 0.004 -20"><span class='ocrx_word' id='word_1_816' title='bbox 324 5622 381 5693; x_wconf 72' lang='grc'><strong>(15)</strong></span> <span class='ocrx_word' id='word_1_817' title='bbox 397 5621 451 5678; x_wconf 85' lang='lat' dir='ltr'><strong>Vrt</strong></span> <span class='ocrx_word' id='word_1_818' title='bbox 465 5625 533 5679; x_wconf 86' lang='lat' dir='ltr'><strong>odit.</strong></span> <span class='ocrx_word' id='word_1_819' title='bbox 550 5631 577 5679; x_wconf 88' lang='lat' dir='ltr'><strong>et</strong></span> <span class='ocrx_word' id='word_1_820' title='bbox 588 5625 686 5696; x_wconf 80' lang='lat' dir='ltr'><strong>plures</strong></span> <span class='ocrx_word' id='word_1_821' title='bbox 700 5641 771 5679; x_wconf 82' lang='lat' dir='ltr'><strong>nrss.</strong></span> <span class='ocrx_word' id='word_1_822' title='bbox 796 5625 890 5681; x_wconf 81' lang='lat' dir='ltr'><strong>d&#39;orrac</strong></span> <span class='ocrx_word' id='word_1_823' title='bbox 903 5627 943 5680; x_wconf 80' lang='lat' dir='ltr'><strong>sic</strong></span> <span class='ocrx_word' id='word_1_824' title='bbox 960 5629 1034 5681; x_wconf 75' lang='lat' dir='ltr'><strong>atrro</strong></span> <span class='ocrx_word' id='word_1_825' title='bbox 1049 5642 1112 5680; x_wconf 81' lang='lat' dir='ltr'><strong>corr·</strong></span> <span class='ocrx_word' id='word_1_826' title='bbox 1204 5625 1260 5696; x_wconf 68' lang='lat' dir='ltr'><strong>(Po)</strong></span> <span class='ocrx_word' id='word_1_827' title='bbox 1277 5625 1347 5682; x_wconf 80' lang='lat' dir='ltr'><strong>lltss.</strong></span> <span class='ocrx_word' id='word_1_828' title='bbox 1363 5624 1478 5682; x_wconf 83' lang='lat' dir='ltr'><strong>Thuuu.</strong></span> <span class='ocrx_word' id='word_1_829' title='bbox 1494 5625 1568 5682; x_wconf 89' lang='lat' dir='ltr'><strong>alter</strong></span> <span class='ocrx_word' id='word_1_830' title='bbox 1583 5631 1611 5683; x_wconf 88' lang='lat' dir='ltr'><strong>ot</strong></span> <span class='ocrx_word' id='word_1_831' title='bbox 1631 5625 1731 5694; x_wconf 81' lang='lat' dir='ltr'><strong>Pont,</strong></span> <span class='ocrx_word' id='word_1_832' title='bbox 1757 5625 1840 5682; x_wconf 82' lang='lat' dir='ltr'><strong>Totius</strong></span> <span class='ocrx_word' id='word_1_833' title='bbox 1860 5617 1906 5673; x_wconf 51' lang='lat' dir='ltr'><strong>avda</strong></span> <span class='ocrx_word' id='word_1_834' title='bbox 1923 5621 1959 5682; x_wconf 74' lang='lat' dir='ltr'><strong>lt·</strong></span> 
     </span>
     <span class='ocr_line' id='line_1_64' title="bbox 288 5695 1784 5774; baseline -0.001 -20"><span class='ocrx_word' id='word_1_835' title='bbox 288 5697 392 5773; x_wconf 82' lang='lat' dir='ltr'><strong>ceptor,</strong></span> <span class='ocrx_word' id='word_1_836' title='bbox 408 5697 483 5764; x_wconf 70' lang='lat' dir='ltr'><strong>eta,</strong></span> <span class='ocrx_word' id='word_1_837' title='bbox 505 5695 600 5764; x_wconf 82' lang='lat' dir='ltr'><strong>ilem,</strong></span> <span class='ocrx_word' id='word_1_838' title='bbox 620 5695 715 5754; x_wconf 79' lang='lat' dir='ltr'><strong>Nonae</strong></span> <span class='ocrx_word' id='word_1_839' title='bbox 737 5696 777 5755; x_wconf 84' lang='lat' dir='ltr'><strong>ric</strong></span> <span class='ocrx_word' id='word_1_840' title='bbox 797 5704 948 5774; x_wconf 80' lang='lat' dir='ltr'><strong>conceptas,</strong></span> <span class='ocrx_word' id='word_1_841' title='bbox 976 5702 1031 5758; x_wconf 88' lang='lat' dir='ltr'><strong>oto.</strong></span> <span class='ocrx_word' id='word_1_842' title='bbox 1057 5698 1112 5754; x_wconf 87' lang='lat' dir='ltr'><strong>Sed</strong></span> <span class='ocrx_word' id='word_1_843' title='bbox 1166 5695 1228 5772; x_wconf 79' lang='lat' dir='ltr'><strong>prati</strong></span> <span class='ocrx_word' id='word_1_844' title='bbox 1237 5699 1343 5772; x_wconf 82' lang='lat' dir='ltr'><strong>poterut</strong></span> <span class='ocrx_word' id='word_1_845' title='bbox 1358 5698 1448 5755; x_wconf 80' lang='lat' dir='ltr'><strong>oratori</strong></span> <span class='ocrx_word' id='word_1_846' title='bbox 1462 5699 1507 5756; x_wconf 84' lang='lat' dir='ltr'><strong>tat</strong></span> <span class='ocrx_word' id='word_1_847' title='bbox 1517 5713 1653 5774; x_wconf 74' lang='lat' dir='ltr'><strong>gemmam</strong></span> <span class='ocrx_word' id='word_1_848' title='bbox 1667 5713 1784 5758; x_wconf 81' lang='lat' dir='ltr'><strong>servare.</strong></span> 
     </span>
    </p>
   </div>
   <div class='ocr_carea' id='block_1_6' title="bbox 0 0 2093 6180">
    <p class='ocr_par' dir='ltr' id='par_1_8' title="bbox 0 0 2093 6180">
     <span class='ocr_line' id='line_1_65' title="bbox 0 0 2093 6180; baseline 0 0"><span class='ocrx_word' id='word_1_849' title='bbox 0 0 2093 6180; x_wconf 95' lang='lat' dir='ltr'><strong> </strong></span> 
     </span>
    </p>
   </div>
  </div>
 </body>
</html>
