4159 6184
264 344 323 407 489

989 342 1021 409 S.
1047 340 1236 410 ausaosn

1878 358 1925 428 tu

264 483 367 535 testate
384 478 469 536 babet
485 480 732 552 quemadmodum
749 478 963 554 regatdomum
979 481 1127 549 suamtA
1176 482 1296 536 ulmum
1318 488 1412 537 noetm
1438 478 1498 553 ejas
1524 480 1647 555 eeeupto
1673 481 1832 554 reformetur.
1852 487 1924 557 Quom

265 568 305 625 ita
320 570 408 625 stiam
426 586 508 627 mens
524 572 554 627 in
573 569 759 629 sermonibus
775 570 883 626 nostris
908 569 1033 640 habitat,
1060 574 1088 625 et

263 658 408 732 gubernat
422 662 509 715 verba
526 664 633 724 trustra,
651 663 679 715 et
694 659 736 715 vis
750 660 813 729 ejus
830 676 862 714 ac
886 656 1042 731 disciplina
1056 658 1086 712 in

264 764 399 805 sermone
412 749 516 804 clucet.
532 748 566 804 Ut
581 748 676 803 bonus
707 747 916 820 paterfamilias
946 764 962 802 a
991 747 1087 819 primo

264 836 408 893 vestibulo
419 839 525 893 domus
541 835 714 903 estimatur,
729 836 770 892 ita
786 837 874 892 etiam
890 837 925 891 de
944 836 1086 891 sermoni·

264 926 321 981 bus
345 926 453 981 nostris
483 942 567 979 mons
596 929 697 980 nostra
726 924 926 999 perpenditur.
956 924 1087 997 Denique

267 1014 352 1068 etiam
370 1012 498 1068 modulis
513 1013 591 1068 vocis
608 1013 705 1086 pulsat
719 1019 746 1069 et
762 1017 876 1069 revocat
891 1015 957 1084 (78).

297 1104 324 1157 3.
341 1102 414 1173 Ergo
430 1102 554 1174 quivult
571 1103 727 1174 perfectam
754 1102 959 1174 purgationem
985 1118 1087 1157 conse·

262 1192 324 1262 qui,
343 1192 494 1264 disiungat
508 1208 539 1247 se
554 1193 589 1247 ab
606 1191 652 1246 liis
671 1192 773 1257 tribus,
791 1209 807 1247 a
823 1207 952 1263 corporo,
968 1190 1088 1246 asonsi-

263 1280 319 1336 bus
335 1280 546 1353 corporalibus,
564 1298 580 1335 a
596 1297 674 1343 voco,
695 1279 724 1335 in
755 1280 863 1351 quibua
889 1284 958 1334 sunt
985 1294 1087 1335 omues

262 1371 392 1441 corporis
408 1370 562 1443 passiones
575 1375 603 1425 et
622 1368 908 1441 circumscriptiones
933 1384 1086 1435 sensuum,

262 1460 370 1532 quibus
384 1457 789 1531 decipimuretilludimur.ln
805 1457 884 1513 nullo
897 1455 1086 1513 enimhorum

261 1548 350 1604 trium
367 1548 487 1604 bonum.
498 1547 559 1601 Non
573 1547 602 1602 in
619 1563 715 1611 carne,
729 1546 862 1619 quemvis
875 1546 989 1619 Epicuri
1004 1545 1088 1601 scho-

261 1636 299 1705 la,
316 1637 446 1709 plerique
461 1635 548 1691 etiam
572 1635 745 1707 voluptuarii
772 1634 995 1707 disrumpantur
1020 1634 1083 1689 lan·

261 1726 364 1781 dantes
379 1725 509 1797 corporis
523 1723 744 1780 delectationem
762 1724 816 1795 (79)
831 1750 837 1790 ;
855 1740 950 1795 neque
966 1724 996 1778 in
1025 1739 1089 1779 sen-

1177 553 1225 607 tot
1239 568 1302 607 cum
1329 553 1379 609 itto
1402 566 1543 624 cormeum·
1571 553 1669 626 quidue
1693 559 1847 624 mooqmirm
1867 578 1925 617 eom

1175 624 1356 694 siqnificetur.
1373 628 1432 694 Quo
1462 624 1571 684 uadem
1596 631 1676 697 pacto
1701 628 1803 692 aarum
1825 632 1926 689 mimam

1176 709 1254 749 suom
1268 695 1414 766 possideat.

1176 838 1204 892 5.
1219 839 1297 893 Exiit
1319 838 1461 894 Abrohom
1488 840 1713 912 quenadmodum
1738 841 1833 897 locutus
1857 847 1931 900 cetri

1141 926 1272 983 Marinus
1288 926 1364 999 (Gen.
1381 944 1431 995 xn,
1450 928 1487 999 4).
1504 928 1578 985 Hinc
1593 929 1690 984 lerunt
1705 929 1823 1002 gentiles
1841 936 1931 1005 septen

1140 1015 1311 1088 sapientum
1327 1015 1522 1073 sententiam:
1539 1017 1665 1089 Sequere
1680 1016 1779 1086 Deum,
1800 1020 1873 1090 quasi
1896 1021 1931 1075 in·

1140 1107 1259 1159 ventum
1288 1120 1396 1172 suum;
1426 1120 1493 1160 cum
1521 1104 1607 1178 longe
1633 1106 1769 1175 anterior,
1796 1123 1849 1161 non
1873 1108 1932 1175 dico,

1140 1191 1299 1256 Abraham,
1311 1192 1361 1249 aed
1374 1196 1487 1265 Moyses
1501 1192 1588 1249 fuerit
1602 1210 1654 1265 per
1669 1210 1754 1266 quem
1768 1192 1811 1250 lex
1824 1196 1883 1251 dats
1890 1202 1932 1261 est,

1141 1280 1258 1337 dicens:
1287 1284 1352 1337 Post
1387 1284 1534 1337 Dominum
1572 1288 1658 1339 Deam
1695 1291 1771 1338 tuum
1802 1285 1933 1339 ambulatis

1141 1371 1230 1440 (veut.
1246 1386 1307 1437 aru,
1324 1370 1361 1441 t).
1377 1369 1547 1444 dxivitergo
1560 1371 1705 1427 Abrabam
1718 1373 1746 1426 in
1766 1388 1820 1443 quo
1829 1389 1878 1427 non
1887 1376 1934 1427 tem

1142 1458 1279 1529 perfectio
1303 1458 1367 1529 ejus
1391 1458 1457 1531 (82),
1473 1474 1564 1531 quam
1580 1459 1684 1515 anime
1705 1460 1768 1530 ejus
1786 1459 1895 1526 devotio,
1914 1465 1936 1515 et

1141 1545 1249 1603 mentis
1262 1545 1383 1603 libertas
1396 1546 1483 1603 exivit
1498 1547 1533 1604 de
1548 1548 1678 1621 corporis
1693 1547 1823 1613 vinculis,
1838 1548 1869 1602 de
1888 1546 1935 1602 ille·

1141 1636 1236 1692 cebris
1262 1635 1473 1693 delectationis.
1504 1636 1633 1709 Denique
1659 1637 1702 1693 sic
1724 1636 1834 1693 habes:
1859 1638 1937 1691 teitu

1140 1724 1281 1781 Abrabam
1294 1724 1523 1797 quemadmodum
1539 1725 1643 1781 meatus
1667 1730 1708 1781 est
1730 1724 1778 1781 ilii
1801 1728 1873 1781 Deus.
1894 1724 1936 1779 Su-

261 1814 418 1885 sibus,qni
437 1828 512 1885 sepe
530 1812 690 1881 luduntur;
719 1830 814 1885 noque
842 1812 870 1867 in
901 1829 972 1868 sono
994 1811 1085 1876 vocis,
1101 1812 1309 1913 Bprehabcs,
1338 1814 1400 1882 dri,
1430 1812 1537 1870 dixisse
1565 1814 1658 1870 Deum
1689 1814 1764 1886 (Gen.
1794 1831 1839 1882 xri,
1864 1813 1896 1883 1),
1914 1812 1937 1866 in

214 1964 219 1975 ,
261 1922 326 1977 quse
337 1903 421 1959 lelsis
436 1903 609 1975 plerumque
625 1902 754 1958 animam
771 1901 918 1958 demulcet
937 1901 1082 1965 cantibus,

261 1997 305 2050 est
327 1992 488 2067 perlectum
518 1990 638 2053 bonnm,
669 1990 729 2044 hec
757 1989 834 2045 enirn
863 1988 1082 2061 corruptibilia:

262 2081 339 2155 qnod
355 2084 453 2137 aarum
469 2095 535 2135 vere
548 2079 669 2141 bonnm,
693 2078 747 2134 hoc
767 2077 998 2150 incorruptibile.
1022 2078 1083 2132 Ma·

262 2170 365 2225 nitestu
382 2169 437 2240 (80)
453 2173 550 2223 autem
567 2168 649 2223 futes.
676 2166 789 2222 Mortuo
816 2167 924 2223 etenim
953 2165 1083 2234 homine,

262 2256 547 2327 oerocorrumpitur,
564 2271 670 2310 sensus
691 2260 823 2326 pereunt,
849 2272 903 2310 vox
927 2254 1083 2318 emittitur,

1140 1918 1198 1973 quo
1214 1906 1347 1974 apertum
1368 1902 1525 1975 imperinm
1545 1902 1678 1974 jubentis
1704 1918 1881 1975 expressum:
1902 1899 1939 1955 tito

1138 1989 1239 2054 babes.
1253 1992 1501 2063 quemadmodum
1516 1990 1631 2047 locutus
1646 1996 1692 2048 est
1708 1990 1751 2046 illi
1773 1990 1855 2047 Deus.
1869 1988 1938 2053 Onesi

1138 2079 1257 2151 quidam
1274 2078 1520 2136 contabulationis
1534 2079 1657 2136 affectus
1681 2077 1938 2151 comprehenditur3

1140 2168 1239 2224 omnia
1253 2169 1332 2223 enim
1349 2167 1416 2224 tecit
1431 2184 1495 2241 que
1509 2171 1619 2224 statuta
1645 2172 1728 2225 sunt.
1755 2170 1824 2223 date
1847 2164 1939 2220 iactura

1137 2256 1318 2331 igiturbeus
1333 2255 1404 2313 dicit
1418 2258 1504 2328 quasi
1524 2255 1660 2326 obnoxio,
1688 2259 1756 2329 post
1780 2257 1880 2311 tectum
1908 2252 1942 2307 lo·

187 2374 189 2381 ·
262 2350 393 2402 remanet
409 2362 492 2399 mens
506 2342 690 2408 immortalia,
704 2343 906 2417 incorpoream
925 2343 1013 2399 vitam
1039 2360 1083 2399 re·
1140 2346 1242 2419 quitur
1256 2346 1342 2418 quasi
1356 2346 1461 2403 amico.
1475 2345 1595 2403 Amicus
1611 2350 1657 2402 est
1671 2345 1753 2401 enim
1767 2344 1833 2410 Deo,
1847 2341 1891 2413 qui
1907 2341 1941 2395 la·

263 2435 385 2507 cipiens.
405 2434 484 2489 Unde
500 2434 528 2487 in
546 2431 667 2488 alteram
687 2436 794 2488 terram
821 2438 941 2489 vocatur
968 2431 1084 2504 plenam
1139 2435 1178 2489 cit
1193 2452 1257 2507 que
1272 2435 1417 2507 imperata
1431 2438 1510 2490 suut.
1527 2434 1610 2490 Unde
1625 2439 1654 2490 et
1674 2434 1707 2490 in
1732 2431 1878 2505 Evangelio
1899 2445 1942 2484 sno

262 2523 453 2587 beatitudine,
473 2521 520 2577 ubi
538 2538 594 2576 non
611 2520 684 2577 laisa
698 2538 748 2594 pro
763 2520 849 2587 veris,
875 2521 950 2579 sicut
977 2520 1006 2575 in
1030 2521 1085 2576 hac
1139 2523 1210 2579 dicit
1224 2522 1365 2580 Dominus
1379 2523 1485 2579 tosus:
1505 2524 1553 2579 i'or
1566 2525 1652 2579 amici
1665 2525 1724 2579 naci
1737 2524 1811 2590 estu,
1826 2521 1850 2576 ai
1861 2518 1941 2592 seced·

263 2613 332 2680 vita,
354 2612 403 2667 sed
432 2611 525 2665 vivam
557 2626 654 2664 rerum
685 2614 784 2665 cernat
812 2611 1020 2677 substantem
1051 2626 1084 2664 eo
1138 2614 1307 2685 tisquaeeqo
1321 2614 1455 2683 praecipio
1469 2612 1556 2668 colu.
1572 2613 1634 2668 tam
1647 2628 1710 2667 oon
1724 2611 1783 2667 dico
1804 2624 1846 2665 coa
1869 2620 1941 2663 serron

263 2700 339 2775 quod
355 2716 477 2757 excussa
492 2698 633 2769 corporis,
649 2701 677 2753 et
692 2702 889 2761 sensuanr,ot
903 2697 981 2753 vocis
997 2698 1087 2753 nebu·
1139 2701 1290 2772 (toamxv,
1313 2702 1357 2765 tt,
1387 2700 1442 2770 15).
1473 2700 1541 2765 Sed,
1571 2704 1604 2755 ut
1626 2700 1701 2767 dixi,
1729 2713 1875 2772 processus
1899 2692 1941 2747 viri

263 2790 326 2847 losa
356 2789 482 2861 quadam
512 2786 651 2859 imagine,
681 2785 898 2857 corruptibilem
928 2784 1085 2855 caliginem
1138 2787 1279 2861 sapientis
1294 2789 1462 2861 propositus
1477 2792 1522 2843 est
1535 2788 1619 2845 nobis
1634 2789 1670 2844 ad
1686 2786 1871 2854 imitandum,
1886 2781 1943 2838 scri-

263 2880 400 2950 deponat,
417 2882 443 2931 et
459 2877 585 2931 revetata
600 2874 772 2931 iaciebantur
787 2875 850 2929 vita
869 2874 991 2947 gratiam
1021 2872 1083 2929 lus·
1138 2882 1206 2951 ptus
1220 2883 1265 2935 est
1279 2878 1315 2933 ad
1334 2877 1575 2949 experimentum,
1603 2892 1669 2932 non*
1685 2875 1833 2951 perfectio.
1857 2871 1941 2931 Adbuc

262 2971 319 3022 trel
334 2966 449 3019 obtutu·
1138 2967 1216 3023 enim
1228 2966 1367 3025 reformet
1380 2982 1410 3023 se
1425 2982 1509 3022 mens
1525 2964 1554 3023 in
1570 2965 1807 3038 abrahamque
1822 2963 1849 3018 in
1863 2959 1940 3016 homi·

298 3055 325 3109 1.
342 3051 515 3119 Berredicam,
532 3050 638 3122 inquit,
656 3052 843 3121 tractoriam
868 3058 892 3107 te
917 3052 949 3106 in
977 3054 1085 3120 pentem
1138 3050 1447 3126 neprimolapsaest.
1464 3052 1573 3109 ntideo
1589 3068 1640 3125 per
1669 3053 1781 3127 gradus
1808 3054 1837 3108 et
1861 3049 1940 3105 inore·

262 3157 394 3212 moqnom
410 3139 485 3211 (den.
517 3154 567 3203 ιιι,
596 3140 633 3209 2),
664 3138 917 3195 Immortalitatem
947 3138 1082 3212 spondet,
1138 3146 1283 3199 meumes
1299 3140 1419 3214 colligit.

263 3248 329 3287 cum
346 3246 439 3302 genus
454 3227 607 3301 promittit.
620 3228 717 3284 Genus
732 3227 809 3283 enim
825 3227 990 3283 immortale
1005 3212 1121 3283 vide-C
1176 3229 1443 3286 Undeetaddidit:
1460 3230 1591 3286 Etericit
1604 3245 1715 3287 comeo
1744 3228 1876 3301 totttlen.
1901 3240 1943 3288 an,

262 3326 544 3389 turesse,psrsomc
566 3315 704 3372 mortales
732 3320 802 3372 sunt
828 3316 1022 3389 singulorum,
1053 3319 1086 3372 ut
1139 3319 1176 3390 t).
1194 3317 1248 3375 hoc
1262 3322 1316 3386 cst,
1332 3317 1497 3375 declinatio.
1512 3318 1544 3374 ld
1559 3317 1637 3375 enim
1665 3317 1794 3377 nominis
1816 3313 1944 3389 significat

262 3407 427 3476 hominum,
442 3410 475 3461 ut
488 3420 642 3476 equorum,
660 3409 692 3460 ut
713 3422 812 3477 apum.
843 3405 884 3461 De
910 3404 1017 3477 quibus
1044 3404 1086 3460 nit
1139 3406 1350 3479 interpretatio,
1367 3423 1400 3463 eo
1416 3407 1503 3481 quod,
1520 3410 1553 3463 ut
1565 3406 1680 3463 viantcs
1696 3405 1869 3481 incognitam
1892 3417 1945 3457 cer·

262 3496 401 3569 quidem:
1139 3495 1338 3567 ponteonem,
1355 3494 1469 3551 semitis
1484 3494 1632 3568 aliquibus
1650 3513 1729 3569 saepe
1753 3494 1898 3558 falluntur,
1919 3490 1946 3543 ut

1139 3584 1248 3641 directo
1264 3572 1419 3641 deflectent
1433 3584 1560 3653 tramite,
1577 3589 1605 3640 et
1623 3589 1726 3641 tamen
1751 3584 1776 3640 si
1804 3581 1946 3657 prudentes

1139 3677 1219 3743 sunt,
1236 3690 1292 3729 non
1309 3672 1435 3741 deviant,
1450 3673 1500 3730 sed
1516 3673 1716 3730 cunctabundi
1733 3672 1811 3739 licet,
1834 3666 1946 3741 regionis

1139 3762 1234 3835 ipsius
1248 3760 1381 3819 contuitu
1400 3762 1477 3817 viam
1501 3760 1663 3834 colligunt:
1696 3764 1740 3818 ita
1766 3766 1795 3817 et
1817 3756 1947 3816 Abrabam

1139 3850 1330 3906 nutabundus
1354 3848 1411 3921 (83)
1434 3850 1566 3923 quidem,
1596 3854 1697 3907 tamen
1728 3850 1872 3906 tramitem
1899 3842 1948 3897 veri

1140 3939 1327 4011 sequebatur.
1343 3938 1511 3995 Ducebatur
1524 3938 1700 4012 plerumque
1716 3938 1791 3995 falsa
1803 3935 1894 4010 specis
1907 3932 1949 3987 bo·

1140 4042 1258 4093 norum,
1274 4027 1323 4082 sed
1341 4043 1399 4082 non
1415 4024 1533 4100 penitus
1547 4026 1758 4083 inclinabatur.
1775 4023 1894 4083 Perfecti
1916 4022 1953 4075 est

1139 4115 1218 4183 enim
1229 4130 1286 4170 non
1301 4114 1462 4184 deflectere,
1478 4115 1632 4187 prudentis
1648 4132 1708 4171 non
1734 4114 1856 4188 penitus
1877 4104 1952 4164 decli·

1140 4219 1219 4259 nere.
1235 4201 1321 4258 Solus
1334 4206 1431 4259 summ
1449 4201 1498 4259 ille
1515 4219 1667 4276 nunquam
1698 4201 1839 4269 dettectit,
1851 4199 1884 4255 de
1905 4209 1953 4269 quo

537 4274 614 4333 ”5
635 4274 751 4331 CAPUT
772 4274 805 4330 Π·
1139 4289 1352 4365 scriptumest:
1369 4291 1434 4346 lirce
1448 4291 1528 4361 Virqo
1543 4293 1572 4347 iu
1587 4296 1664 4347 utero
1678 4293 1806 4363 accipiet,
1830 4292 1855 4345 et
1874 4285 1953 4359 potiti

265 4406 331 4458 Post
350 4400 498 4457 abrahami
525 4401 641 4465 scitum,
671 4400 740 4455 Deus
766 4400 811 4454 itti
838 4406 969 4471 tanquam
997 4402 1086 4456 amico
1139 4380 1403 4451 8118889111θωῦῐὸ
1417 4395 1515 4436 ’ΨΜ
1540 4380 1598 4449 titt
1624 4380 1811 4437 Emmanuel?
1837 4380 1954 4447 illitum

301 4475 428 4542 loquitar.
451 4472 523 4527 ldem
542 4472 620 4527 uobis
641 4472 806 4543 proponitur
833 4471 868 4526 ad
894 4470 1083 4539 imitandum;
1139 4478 1164 4525 et
1185 4470 1238 4525 niet
1266 4468 1455 4533 mouetucabil,
1484 4470 1647 4540 priusquam
1670 4470 1742 4525 scint
1770 4476 1819 4523 aut
1842 4463 1954 4537 proferat

403 3648 436 3696 dt
450 3659 535 3710 genus
549 3645 698 3695 immortale
712 3650 813 3695 manet.

668 3708 750 3771 (t'irg.
767 3707 784 3757 l.
799 3721 823 3757 rv
840 3706 944 3771 Georq.)

298 3858 602 3917 Tamenmuitoitlud
630 3858 736 3915 molius
765 3860 841 3931 quod
876 3862 991 3929 gentem
1023 3876 1085 3914 ma·

264 3967 353 4025 gnam
382 3949 455 4004 dixit
489 3948 622 4003 Ecclesia
662 3954 830 4021 perpetuam
873 3947 1084 4019 posteritatem.

264 4044 292 4094 et
307 4039 525 4113 generationem
541 4035 621 4093 illam
636 4053 805 4108 supernam,
824 4053 887 4107 quae
900 4052 965 4092 vere
980 4052 1087 4109 magna

262 4134 317 4196 est,
335 4132 368 4183 nt
393 4130 510 4201 peccato
535 4123 694 4181 moriamur
726 4127 781 4181 lieo
807 4124 991 4181 renascimur
1017 4125 1084 4197 (8l).

265 4594 413 4669 significat
427 4594 601 4677 prolativum
618 4600 704 4681 atque
715 4596 910 4677 ostensivum.
927 4596 988 4652 l'ox
1009 4596 1087 4651 enim
1104 4578 1126 4646 l)
1141 4590 1223 4677 ilalc.
1237 4596 1266 4648 et
1280 4591 1350 4649 odit.
1363 4594 1428 4649 Am.
1444 4596 1473 4648 et
1500 4590 1580 4658 cnr,
1606 4596 1633 4647 ct
1660 4601 1774 4675 peccato
1800 4590 1954 4647 moriamur,

264 4664 541 4738 domas‚asrmplrcr
566 4670 779 4791 signiticatrono
807 4668 842 4721 ad
874 4668 1030 4741 figuratam
1060 4671 1090 4723 et
1144 4662 1668 4735 adeor·enarccmur.ilru.,utpcccoto
1682 4679 1840 4720 mortomar
1858 4664 1883 4716 rt
1908 4660 1955 4712 Det

265 4744 341 4796 meta
364 4737 494 4792 boricam
509 4745 599 4791 extem
616 4738 682 4791 itur.
1143 4732 1431 4791 renascamur.ilom.
1448 4734 1566 4791 demum
1597 4750 1630 4790 ec
1659 4750 1716 4791 nis.
1746 4734 1846 4801 Torn.‚
1875 4733 1956 4799 ltaque

301 4756 361 4883 (itii
374 4809 460 4873 urit,
475 4807 615 4862 modulum
630 4810 701 4863 uocis
716 4810 806 4877 pulsat
819 4812 844 4865 et
859 4817 974 4865 reuocat.
998 4808 1088 4864 tidem
1141 4811 1249 4933 peccato
1264 4808 1428 4874 moriamur,
1446 4806 1498 4862 tiro
1523 4820 1712 4861 renascamur.
1741 4803 1828 4878 Atqui
1853 4800 1958 4856 videtur

266 4900 350 4949 msa,
366 4880 484 4937 nunciatis·
500 4882 579 4939 uocis,
597 4883 663 4945 eto,
687 4878 734 4933 ubi
760 4880 947 4952 subintellige
977 4880 1089 4951 passio.
1164 4877 1191 4933 ie
1206 4876 1341 4933 nonnihil
1356 4882 1407 4932 aut
1421 4876 1564 4957 pinianum
1580 4892 1645 4931 ease
1660 4882 1710 4931 aar
1726 4866 1958 4948 corruptum,aut

267 4971 330 5019 nos,
347 4967 801 5025 corpusnosensuscorporoos,
827 4967 890 5021 qum
917 4968 1006 5022 surpra
1029 4968 1088 5007 me·
1143 4949 1230 5005 ctiam
1252 4948 1326 5005 torte
1347 4947 1571 5021 transpositum.
1597 4948 1702 5005 Confer
1731 4962 1797 5019 quaa
1826 4945 1879 5001 boc
1904 4940 1958 5021 luco

267 5028 474 5088 moratesunt,
501 5038 623 5094 quaque
648 5019 776 5077 modulis
798 5020 878 5077 vocis
908 5022 1025 5077 excitari
1056 5039 1089 5079 ec
1144 5019 1214 5075 dicit
1228 5020 1264 5075 de
1279 5020 1394 5093 generis
1415 5018 1636 5075 immortalitate
1664 5034 1732 5075 cum
1760 5017 1850 5088 liujus
1875 5014 1958 5094 ipsius

267 5096 330 5151 miti
354 5097 393 5150 ari
412 5110 497 5151 necno
512 5110 569 5147 non
585 5094 741 5164 experitur.
1144 5089 1212 5146 libri
1227 5106 1289 5161 cap.
1314 5089 1430 5158 ultimo,
1445 5093 1474 5147 et
1501 5089 1705 5163 cognationem
1731 5106 1788 5145 non
1816 5084 1958 5143 minimam

303 5112 727 5238 (iiiluna.nn1.,r}m..odt.‚
754 5164 844 5219 luridis
873 5165 993 5234 corporis
1017 5165 1089 5219 drtr-
1145 5161 1370 5218 animadvertes.
1533 5230 1538 5241 ·
1786 5228 1793 5242 ἢ

268 5239 393 5293 ctotiooc.
411 5238 492 5293 Rom.
510 5252 606 5291 vocem
620 5236 710 5291 laudi<
725 5234 930 5307 pretermittit.
948 5234 1005 5290 Nos
1026 5252 1089 5291 om·
1191 5233 1238 5303 82)
1252 5232 1323 5287 Mss.
1338 5232 1423 5288 corb.
1439 5235 1468 5288 et
1491 5229 1541 5287 atn
1566 5236 1627 5287 tres
1649 5246 1718 5287 cum
1746 5230 1819 5285 edit.
1848 5227 1909 5281 Era.
1931 5232 1960 5273 ut

269 5308 350 5362 nium
368 5325 437 5363 mss.
455 5306 619 5363 auctoritati
635 5307 810 5364 eredendum
829 5305 1021 5379 putavimus.
1145 5305 1177 5359 Gi
1192 5304 1224 5371 l.‚
1238 5305 1369 5375 profectio
1378 5308 1471 5366 ,·dm.
1484 5304 1641 5375 provectio:
1664 5300 1737 5357 Cod.
1768 5300 1875 5379 Long,
1895 5293 1959 5350 Μαι.

305 5378 359 5447 (80)
378 5380 416 5431 tta
434 5395 504 5432 msa
522 5378 835 5450 supracitati,prueter
855 5378 951 5443 Corb,
978 5378 1006 5432 in
1033 5392 1090 5448 quo
1144 5376 1259 5431 stedit.
1285 5374 1381 5441 Rom,
1409 5375 1553 5447 porrectio.
1584 5374 1639 5429 Sed
1663 5372 1742 5427 banc
1770 5369 1957 5445 diversitatem

269 5447 580 5516 armamentaque,
605 5450 681 5519 quod
710 5448 864 5505 recentiori
891 5464 980 5503 manu
1005 5446 1089 5503 eddi·
1146 5462 1204 5502 non
1214 5444 1333 5501 aliunde
1345 5449 1438 5500 ortam
1449 5460 1514 5501 esse
1524 5444 1960 5519 putaverimnsqnamopnme

269 5523 332 5573 tum
346 5527 399 5571 est.
420 5519 490 5572 doit.
511 5535 586 5578 verri,
613 5520 743 5576 ‹irraotcet
765 5520 901 5586 curulibus,
924 5522 961 5575 est
984 5519 1090 5590 perfec·
1145 5516 1262 5590 syllaba
1277 5516 1505 5585 abbreviatione,
1522 5530 1610 5589 quam
1627 5513 1749 5570 altiollo
1768 5512 1855 5569 modo
1878 5512 1960 5563 inter·

270 5598 328 5645 tum
345 5590 444 5643 bonrum
459 5589 507 5641 boc
522 5591 740 5660 incorruptibile,
757 5592 918 5663 lioniseato,
933 5594 988 5645 cte.
1148 5588 1254 5663 pretsti
1270 5592 1351 5644 sunt.
1555 5648 1559 5655 ,

306 5658 361 5729 (81)
379 5658 421 5713 lta
433 5673 503 5713 nass.
516 5656 611 5725 Corb,
640 5660 742 5733 long„
771 5660 850 5718 colb.
881 5667 909 5717 et
937 5662 1010 5717 lttaz.
1032 5661 1087 5716 Sed
1182 5660 1238 5732 (83)
1253 5658 1325 5717 ltus.
1338 5656 1435 5727 corb„
1451 5656 1531 5715 Golb.
1547 5660 1577 5714 et
1593 5657 1684 5728 Man,
1698 5650 1892 5711 mutabundae.
