4159 6184
163 454 219 523 tte

803 456 855 523 att
875 454 1069 523 enatasti
1091 458 1166 523 ate.
1190 458 1215 522 1.

1805 462 1865 527 tto

162 595 341 669 1111,27).91
366 598 442 653 reete
464 592 552 653 tertie
576 592 621 652 dic
645 592 809 652 celebretur·
831 590 982 649 Trinitatis
996 590 1022 659 Α
1037 591 1129 649 Pater.
1147 592 1200 662 Qni
1222 595 1294 652 dixit
1309 613 1318 651 .·
1334 594 1406 665 Quid
1428 594 1479 663 uir,
1492 594 1541 667 fiii
1552 593 1630 670 (Gerr.
1647 592 1864 668 1111999111-

165 686 349 743 sacrificium.

194 776 237 830 70.
252 778 285 831 Et
310 776 456 848 respiciens
480 773 621 829 Abrohom
646 774 732 830 oeulis
761 772 831 827 cidit
860 771 988 826 terame

1042 686 1125 738 satur
1139 682 1413 756 pietatisvooabulis
1423 686 1536 758 patrius
1546 686 1677 754 allectus,
1688 690 1717 743 et
1727 685 1865 743 lluetibus

1043 771 1220 842 quibusdam
1235 773 1303 830 binc
1318 778 1407 847 atque
1426 776 1494 831 inde
1516 776 1660 833 tunditur.
1678 774 1768 832 Filius
1782 779 1866 832 vocat

161 864 236 933 torpe
250 864 327 933 (Gen.
345 880 415 931 xvu,
430 862 467 935 1).
485 860 613 919 Sollicite
637 860 766 933 explorat
782 860 832 933 qui
853 873 991 945 properat
1043 862 1154 931 patrem
1171 878 1179 916 t
1195 865 1278 934 pater
1301 862 1511 930 dictaretur
1530 865 1594 937 ipso
1614 865 1769 922 verborum
1795 880 1866 921 sone

161 952 290 1025 implere.
305 952 444 1018 Quamvis
455 950 578 1008 senilem
592 950 691 1008 studio
701 948 841 1006 celeraret
850 949 985 1033 gradum,

160 1046 253 1099 tamen
269 1042 437 1097 haeseram
454 1044 561 1113 putans
576 1041 758 1112 precedebat
774 1038 866 1095 oeulis
883 1057 889 1095 :
908 1039 987 1109 vige-

161 1132 230 1187 bant
251 1128 437 1203 singulorum
453 1128 549 1185 alsacia
573 1128 785 1198 membrorum,
800 1127 868 1183 lieet
883 1125 988 1184 senilia

162 1218 293 1275 membra
317 1236 375 1275 uon
399 1222 519 1291 possent
533 1216 640 1290 vigere.
657 1215 736 1273 Solet
762 1216 890 1273 hebetari
906 1215 986 1273 visus

159 1325 271 1375 senum,
288 1312 320 1363 ut
335 1308 424 1364 etiam
439 1307 603 1381 propinqua
619 1324 676 1363 nnn
693 1306 777 1363 iacile
793 1304 984 1379 conspiciant,

157 1398 208 1453 llic
224 1413 281 1453 nen
298 1395 394 1453 solum
404 1395 476 1451 vidit
487 1393 595 1463 locum,
608 1396 659 1451 sed
672 1396 760 1451 etiam
774 1393 859 1468 longe
873 1394 986 1467 positus

162 1486 284 1558 aspexit.

190 1576 237 1629 71.
253 1574 312 1629 Nec
332 1572 476 1629 dubitavit
489 1572 609 1639 vidisse,
630 1572 680 1629 sed
706 1572 747 1627 nit
771 1572 869 1645 pueris
898 1570 983 1627 suis:

163 1664 255 1721 sedere
270 1663 315 1718 bic
328 1679 389 1717 cum
412 1664 491 1719 osiae
505 1680 515 1717 :
530 1678 576 1735 epo
591 1668 683 1717 numm
696 1669 723 1717 et
743 1677 814 1733 puer
834 1661 986 1732 pertransi-

1043 965 1074 1005 se
1090 956 1278 1023 recognoscat
1294 957 1375 1025 pater
1390 970 1397 1009 ε
1413 970 1502 1026 quam
1524 953 1706 1026 impossibile
1719 958 1764 1009 est
1778 959 1811 1010 ut
1826 954 1865 1010 le·

1042 1038 1099 1094 rire
1114 1040 1215 1111 pessit,
1229 1043 1314 1113 eujus
1329 1059 1361 1099 se
1374 1042 1486 1099 vulneri
1502 1043 1647 1114 subjicere
1661 1046 1783 1115 optaret.
1800 1043 1865 1098 line

1042 1128 1161 1184 nomina
1175 1130 1239 1185 vitre
1254 1130 1349 1187 soleat
1371 1131 1485 1204 operari
1499 1132 1636 1204 gratiam,
1653 1148 1709 1187 non
1733 1131 1865 1187 ministe-

1041 1214 1117 1271 rium
1142 1219 1220 1274 neeis
1237 1237 1244 1274 :
1261 1220 1322 1275 haee
1345 1219 1488 1277 voeabula
1510 1219 1630 1276 incitare
1653 1220 1689 1275 ad
1714 1219 1864 1293 pietatem,

1040 1320 1099 1360 nen
1115 1306 1152 1361 ad
1167 1312 1291 1363 mortem
1306 1308 1409 1365 solent.

1075 1396 1121 1449 rt.
1137 1396 1257 1451 Addidit
1271 1399 1353 1453 Isaac
1375 1398 1475 1453 dicens
1491 1416 1498 1454 :
1514 1395 1580 1454 Eece
1593 1399 1681 1469 liqna,
1696 1396 1744 1452 ubi
1756 1404 1795 1453 eet
1808 1397 1864 1453 ouis

1041 1483 1072 1537 ia
1086 1482 1273 1540 holocaustem
1287 1486 1401 1557 (111111.)9
1421 1488 1456 1542 nt
1477 1486 1525 1541 hic
1549 1487 1704 1559 prophetat
1717 1501 1863 1553 sermone,

1040 1587 1099 1626 nen
1128 1573 1259 1640 scientie,
1289 1574 1357 1630 Ovis
1384 1574 1463 1629 enim
1492 1593 1509 1629 a
1538 1575 1659 1633 Domino
1686 1575 1723 1630 ad
1751 1572 1864 1629 sacriti-

1042 1660 1120 1717 eium
1148 1662 1316 1734 parabatur.
1346 1663 1506 1734 Respondit
1531 1663 1658 1735 denique
1686 1661 1823 1719 similiter
1837 1666 1865 1718 et

155 1752 449 1823 timenutensium:
465 1760 564 1807 etcum
587 1750 803 1821 adverterimus,
820 1757 988 1805 reuertemur
1040 1749 1188 1806 Abrabam
1213 1752 1310 1806 :lteris
1332 1752 1482 1822 providebit
1504 1751 1559 1807 ribi
1581 1767 1657 1807 errem
1680 1750 1716 1807 ad
1737 1752 1864 1807 hemena·

160 1842 258 1898 adeos
272 1839 351 1909 (lbid.
370 1841 409 1911 5).
422 1840 523 1895 Merito
543 1843 631 1913 typus
645 1838 674 1894 in
691 1839 784 1904 asina,
800 1839 869 1912 quia
892 1842 920 1894 et
942 1848 1003 1894 ve'
1040 1843 1122 1906 dum,
1151 1838 1194 1909 fiii
1212 1839 1304 1911 (ibid.)
1332 1837 1503 1895 inflexibilis
1532 1857 1549 1895 a
1577 1840 1675 1895 studio
1702 1839 1865 1896 devotionis

151 1932 227 1987 ritas
243 1929 272 1985 in
294 1929 374 2002 pullo
398 1929 496 1985 asinae.
514 1929 546 1985 ln
561 1928 616 1985 hee
641 1929 719 1985 caim
743 1928 891 1985 animante
904 1927 984 1999 figu-
1001 1953 1026 2018 B
1043 1928 1177 1983 minister
1194 1944 1295 1985 vocare
1317 1928 1411 1985 filium
1437 1928 1605 2000 frequenter
1627 1946 1685 1985 non
1708 1928 1808 1996 timet;
1825 1928 1865 1983 ita

158 2017 379 2091 raturpopulus
390 2017 554 2085 gentilium,
568 2022 634 2073 ante
644 2016 723 2073 oneri
735 2017 896 2089 subjectus,
909 2030 986 2071 nanc
1041 2021 1104 2073 erat
1119 2016 1289 2073 intentionis
1304 2016 1450 2073 soliditate
1465 2017 1606 2074 fundatus
1623 2036 1629 2073 :
1646 2021 1675 2072 et
1690 2017 1745 2072 hoc
1760 2033 1792 2073 se
1807 2033 1865 2073 me-

157 2108 276 2165 Gbristo
288 2107 435 2163 subditas.
450 2107 529 2163 Isaac
545 2122 613 2179 ergo
629 2105 736 2163 Christi
751 2105 867 2177 passuri
883 2108 928 2161 est
942 2108 986 2176 ty·
1040 2103 1142 2161 liorem
1158 2111 1270 2177 patrem
1294 2106 1426 2179 putabat,
1443 2106 1497 2161 hoc
1511 2106 1568 2163 sibi
1583 2106 1613 2162 in
1633 2122 1758 2179 perennc
1780 2121 1863 2160 mnn-

152 2214 221 2271 pus.
241 2194 381 2251 Venit-in
404 2194 540 2261 asina,ut
555 2194 719 2251 crediturus
744 2193 870 2267 populus
894 2194 986 2249 natio·
1040 2210 1143 2250 surum
1165 2194 1318 2265 judicabat
1342 2195 1447 2261 fllium,
1464 2194 1487 2251 si
1512 2212 1578 2251 eum
1604 2194 1771 2251 immolaret
1793 2194 1862 2250 Deo.

152 2303 228 2343 num
254 2284 478 2357 significaretur.
494 2284 619 2355 Ideoque
635 2288 663 2340 ct
687 2283 829 2340 Dominus
854 2300 921 2339 cum
947 2283 982 2337 ad
1040 2286 1102 2338 Non
1120 2282 1215 2339 solum
1231 2288 1328 2339 eutem
1343 2284 1398 2340 hoc
1413 2283 1604 2356 prophetavit,
1618 2285 1695 2356 quod
1710 2282 1809 2339 statim
1820 2299 1863 2338 ac·
1959 2361 1964 2367 .

154 2373 342 2431 subeundam
359 2388 411 2445 pro
435 2370 519 2428 nobis
543 2371 709 2445 passionem
732 2372 852 2437 veniret,
869 2370 984 2444 pullum
1040 2369 1120 2437 cidit,
1136 2372 1205 2443 quia
1219 2372 1296 2427 lleus
1311 2372 1437 2443 providit
1452 2372 1508 2427 sihi
1522 2389 1575 2445 pro
1589 2372 1670 2429 Isaac
1685 2372 1823 2438 hostiam,
1835 2376 1865 2426 et

155 2462 249 2520 asinas
264 2460 357 2527 solvit,
369 2477 456 2532 quem
480 2460 543 2532 ipse
558 2461 688 2517 consedit
712 2460 799 2517 ctiam
822 2460 924 2516 mitem
939 2466 982 2516 at·
1038 2459 1166 2513 reddidit
1188 2461 1264 2531 patri
1287 2460 1381 2516 filium
1408 2477 1415 2515 ι
1440 2478 1541 2517 verum
1565 2460 1638 2517 illud
1663 2461 1768 2535 magis,
1784 2460 1863 2533 quod

156 2566 218 2623 que
238 2552 427 2606 mansuetum
444 2548 512 2621 (58),
525 2550 587 2621 J‘am
610 2548 724 2606 Christe
740 2566 794 2604 sua
809 2553 891 2623 terga
905 2550 982 2606 899
1038 2562 1096 2603 non
1111 2546 1170 2602 hnc
1187 2547 1283 2603 hostia
1297 2548 1401 2603 divine
1423 2552 1502 2604 esset
1516 2547 1727 2620 dispositionis,
1740 2549 1791 2605 sed
1807 2547 1864 2603 alia

154 2639 336 2695 credentem.
353 2637 434 2704 Cuod
449 2642 546 2693 autem
563 2638 603 2694 ait
619 2656 625 2693 :
642 2640 697 2708 Epo
711 2642 736 2693 et
754 2654 823 2710 puer
842 2646 981 2709 pertram-
1037 2638 1115 2688 esset
1130 2632 1227 2689 bestia
1241 2651 1330 2705 quem
1346 2635 1422 2691 Deus
1445 2634 1501 2690 sibi
1515 2639 1643 2707 pararet,
1659 2639 1693 2710 pt
1708 2636 1865 2691 mundaret

151 2728 260 2783 ibimus
288 2725 569 2790 eiom,demoastrat
594 2727 671 2798 qued
701 2743 758 2781 nen
787 2727 922 2782 deficeret
950 2726 980 2781 in
1036 2721 1135 2778 orbem
1165 2727 1333 2779 terrarum:
1360 2723 1411 2780 illa
1435 2729 1514 2781 esset
1540 2724 1678 2780 omnibus
1706 2723 1862 2795 acceptior,

149 2820 238 2871 tanto
254 2818 395 2887 apparatu
410 2818 504 2885 pater,
520 2830 577 2868 non
600 2815 713 2870 eederet
726 2813 804 2871 illius
822 2833 828 2870 :
846 2820 896 2871 aut
911 2814 981 2887 quin
1035 2814 1257 2884 propterquam
1273 2811 1357 2867 malti
1378 2815 1475 2885 patres
1499 2813 1635 2869 alternent
1659 2810 1734 2867 filios
1749 2828 1819 2867 suos
1834 2825 1863 2879 et

150 2903 367 2977 pertransirent
381 2901 497 2974 pietatis
510 2902 638 2959 remedie
648 2904 723 2960 tanti
737 2903 874 2959 facinoris
887 2909 981 2959 eusta—
1036 2900 1165 2972 separari
1180 2900 1208 2955 in
1225 2901 1281 2956 boc
1301 2900 1407 2957 saeculo
1422 2918 1439 2955 a
1454 2899 1523 2957 siliis
1546 2918 1604 2957 non
1620 2902 1769 2957 timerent.
1786 2901 1860 2965 Quo·

150 2992 283 3048 ritatem.
304 2991 446 3047 Addidit:
464 2991 502 3047 Ad
524 3008 572 3047 eoa
597 3000 771 3049 reuertemur.
794 2991 981 3064 Prophetavit
1036 2988 1108 3045 tidie
1132 2990 1258 3046 oliemnt
1280 2994 1378 3062 patres
1392 2988 1468 3045 filios
1487 3007 1567 3057 suos,
1585 2994 1618 3046 ut
1644 2990 1809 3046 moriantur
1832 2990 1861 3045 in

148 3080 232 3151 quod
248 3079 403 3151 ignorabat
417 3080 473 3151 (22,
488 3096 516 3151 q.
527 3082 554 3145 2,
567 3097 629 3152 cap.
641 3081 673 3137 Si
687 3081 815 3153 quelibet
830 3080 845 3153 ξ
861 3082 978 3153 Prophe·
1035 3078 1160 3146 Christe,
1176 3082 1205 3133 et
1228 3077 1462 3151 consepeliantur
1476 3077 1505 3133 in
1531 3078 1664 3133 Domino.
1680 3078 1787 3145 Quanti
1810 3096 1860 3152 pn-

147 3169 244 3234 tanit).
257 3168 320 3239 lpse
336 3166 417 3223 solus
432 3168 605 3239 disponebat
620 3169 724 3234 redire,
735 3169 885 3225 immolata
901 3168 977 3225 tilio:
1034 3171 1105 3232 tres,
1120 3166 1223 3222 occisis
1247 3166 1386 3239 martyrio
1402 3166 1482 3234 filiis,
1496 3165 1620 3222 lectiores
1643 3166 1679 3222 ab
1694 3182 1795 3224 eorum
1812 3172 1859 3223 tu·

147 3256 205 3313 sed
220 3255 363 3311 Dominus
379 3272 466 3328 super
487 3273 520 3312 os
535 3258 598 3328 ejus
620 3257 735 3314 locutus
750 3258 887 3330 estquod
905 3274 977 3331 prae·
1035 3255 1115 3311 mulo
1130 3256 1325 3312 reverterunt!
1787 3249 1793 3266 ¹

146 3344 284 3417 parabat.
300 3344 435 3415 Captiose
450 3346 506 3415 (59)
521 3349 619 3400 autem
643 3344 817 3417 loquebatur
832 3364 897 3401 cum
914 3314 1014 3402 aar·c
1069 3346 1114 3399 75.
1130 3344 1216 3398 Venit
1230 3344 1377 3400 Abraham
1394 3345 1429 3400 ad
1445 3344 1542 3400 locum
1557 3344 1698 3401 sacrificio
1712 3344 1860 3416 predesti-

145 3431 240 3501 vulis‚
261 3449 308 3498 ne,
323 3432 440 3505 cognito
466 3434 591 3506 negotio,
616 3434 770 3506 impediret
796 3435 912 3507 aliquis,
929 3441 979 3491 arrt
1034 3437 1150 3500 natum;
1176 3435 1207 3487 Cr
1230 3434 1380 3503 aedificarit
1403 3434 1442 3490 itrr'
1464 3451 1553 3499 eram,
1578 3442 1604 3491 et
1629 3435 1759 3505 imposuit
1783 3434 1860 3505 tigno

146 3521 264 3595 gemitu
280 3522 471 3593 obstreperet,
487 3526 539 3578 aut
554 3522 633 3578 tletu.
1033 3523 1112 3591 (ibid.
1128 3522 1167 3590 9).
1180 3522 1293 3586 Quanta
1316 3521 1468 3577 molimina
1487 3521 1676 3589 immolaturi,
1698 3539 1734 3578 aa
1758 3527 1859 3595 raptus

186 3612 233 3665 72.
251 3610 356 3681 Accepit
383 3618 474 3665 aretem
503 3610 580 3680 liqna
608 3612 768 3682 holocausti,
796 3617 821 3668 et
848 3614 980 3685 imposuit
1033 3612 1107 3668 891
1126 3609 1274 3666 echitnad
1291 3609 1505 3666 immolandum
1525 3611 1858 3667 estimareturtfiteel·

144 3702 230 3755 lseoe
253 3700 311 3767 filio
340 3714 388 3753 sao
403 3716 411 3752 :
428 3701 529 3770 aceepit
544 3708 569 3755 et
594 3702 684 3770 ipnem
714 3703 770 3772 ipse
798 3702 827 3755 in
854 3706 979 3756 manaret
1033 3699 1126 3769 liparia
1150 3698 1277 3752 renonibus
1291 3714 1324 3752 ec
1342 3698 1455 3769 perlibrat
1479 3701 1554 3754 lanae
1579 3699 1634 3768 filii
1656 3702 1709 3763 rui,
1729 3700 1857 3771 imposuit

143 3786 320 3845 meehaerum
344 3786 421 3857 (Gen.
446 3804 517 3855 111111,
532 3789 570 3859 e).
595 3788 788 3845 Consecratur
810 3788 902 3844 sacris
924 3788 978 3843 ho·
1033 3803 1095 3842 eum
1109 3787 1138 3841 in
1153 3802 1229 3841 nram
1255 3803 1339 3857 errper
1365 3786 1439 3857 lipari
1456 3786 1556 3858 (thid).
1571 3786 1665 3841 Nectit
1681 3786 1740 3841 filio
1765 3786 1858 3841 mani·

144 3877 210 3932 stin
226 3874 409 3943 ministeriis,
429 3881 457 3931 et
472 3876 694 3932 commendatur
715 3876 813 3932 lutura
827 3876 894 3948 (60).
912 3878 978 3941 Qun
1034 3876 1089 3931 bus
1105 3875 1168 3930 suis
1191 3873 1308 3929 vincula
1327 3878 1423 3947 pater3
1441 3891 1476 3929 aa
1500 3874 1671 3946 refugiendo
1695 3874 1774 3929 lilius
1788 3878 1817 3928 et
1830 3874 1857 3927 vi

144 3966 272 4039 pietatis
299 3964 397 4021 bostis
425 3964 464 4037 pii
494 3970 562 4021 ante
596 3964 751 4021 ministerii
780 3970 896 4021 vectura
924 3970 977 4021 est.
1034 3962 1111 4036 ignis
1126 3963 1237 4018 excitus
1253 3968 1404 4034 peecatum
1419 3961 1590 4017 incurreret.

145 4054 246 4125 Ligna
273 4053 353 4107 lsaac
383 4052 437 4107 sibi
462 4053 549 4118 vexit,
565 4052 699 4109 Christus
729 4053 784 4109 sibi
813 4053 978 4125 patibulum
1069 4053 1113 4107 76.
1131 4054 1162 4107 m
1183 4052 1256 4107 ‹tinit
1279 4053 1417 4123 capetus:
1442 4052 1589 4117 Abraham,
1614 4049 1752 4106 Abraham
1776 4049 1854 4121 (lbid.

143 4142 250 4197 crucis
264 4140 399 4213 portavit.
416 4139 562 4197 Abrabam
584 4141 780 4197 comitabatur
802 4141 908 4208 filium,
924 4142 979 4197 Pa·
1035 4140 1090 4211 11).
1106 4138 1213 4196 'lenuit
1227 4138 1443 4211 quodammodo
1459 4154 1579 4193 manum
1600 4138 1664 4207 ejus
1680 4136 1779 4191 divina
1795 4153 1856 4202 vox,

145 4234 199 4285 ter
212 4228 371 4284 Christum.
384 4228 440 4284 Nee
455 4229 535 4285 Isaac
551 4227 643 4295 solus,
658 4246 711 4285 nco
726 4229 980 4286 terassonam·
1035 4231 1064 4283 et
1092 4227 1181 4282 ictum
1204 4226 1347 4283 vibrantis
1368 4228 1521 4299 occuparit
1547 4228 1679 4283 dextere.
1696 4226 1753 4281 Nec
1768 4223 1859 4280 semel

146 4317 243 4388 nique
260 4316 301 4371 ait
317 4333 323 4370 :
342 4316 436 4371 Solum
450 4333 493 4373 me
515 4317 688 4389 relinquetis,
703 4321 729 4372 et
743 4334 796 4373 acu
812 4334 875 4373 sirm
897 4319 979 4383 aalma,
1034 4315 1161 4381 vocavit;
1179 4332 1214 4371 ne
1238 4320 1290 4371 aut
1305 4315 1390 4387 plane
1414 4331 1471 4370 nen
1496 4314 1620 4381 audiret,
1637 4321 1688 4370 aut
1708 4313 1859 4370 lnrtuitam

145 4408 219 4477 qnia
236 4406 317 4459 Pater·
330 4420 437 4460 memrm
451 4409 490 4461 est
505 4406 594 4477 (toan.
611 4423 667 4471 rvr,
683 4405 738 4477 39).
1036 4420 1135 4460 vocem
1151 4409 1275 4473 putaret.
1295 4402 1341 4458 Sic
1367 4403 1517 4470 revocavit,
1529 4402 1778 4475 quemadmodum
1801 4402 1860 4457 im·

185 4495 232 4548 73.
250 4494 327 4548 Dixit
344 4496 434 4548 aalma
459 4496 533 4549 isone
547 4494 582 4549 od
597 4495 734 4550 Abraham
756 4502 862 4566 petrem
877 4510 981 4563 eurem,-
1038 4491 1158 4563 pererit.
1169 4490 1312 4563 Repetivit
1328 4506 1435 4559 vocent,
1448 4495 1588 4563 tanquam
1608 4492 1718 4546 veritus
1734 4507 1770 4546 ne
1785 4508 1859 4563 pree·

185 4614 242 4686 (58)
259 4613 366 4671 Omnes
396 4616 478 4679 edit,
501 4634 580 4687 quem
610 4619 666 4687 ipae
693 4619 859 4673 revertentia
887 4618 980 4672 erilem
1036 4620 1132 4672 terum
1147 4614 1374 4685 Patrumusque
1397 4616 1431 4671 ad
1453 4616 1607 4686 Augustini
1632 4621 1861 4688 temporacom·

144 4694 234 4755 etqne
256 4692 429 4742 mansuetam
448 4690 510 4759 jem
526 4688 631 4742 Christo
654 4704 704 4743 aare
729 4696 770 4743 ter
787 4706 804 4742 a
827 4674 1019 4744 credentemD
1035 4688 1134 4743 munis
1151 4688 1240 4741 l'erme
1256 4686 1353 4758 opinio
1376 4687 1473 4749 suerit,
1491 4687 1555 4742 boni
1573 4688 1698 4758 alieaq'us
1713 4687 1756 4743 vel
1773 4686 1860 4742 alltcii

143 4756 317 4813 ascenderet.
344 4758 395 4814 llis
420 4760 561 4814 accedunt
585 4758 695 4814 Theod.
714 4764 742 4814 et
767 4706 844 4815 lato.
862 4766 978 4829 excepte
1034 4774 1104 4831 ergo
1120 4759 1236 4813 mentiri
1262 4764 1413 4829 peecatum
1438 4776 1496 4813 non
1520 4759 1718 4814 asseverem
1743 4764 1860 4813 senten·

144 4828 229 4899 qued
248 4844 297 4897 pro
318 4830 471 4885 credentem
495 4830 665 4893 escenderet,
682 4830 729 4885 hic
746 4831 825 4903 legit,
842 4831 979 4887 cedentem
1034 4831 1105 4885 tiam
1121 4829 1197 4884 lianc
1213 4828 1345 4884 funditus
1361 4830 1463 4885 evertit
1482 4830 1674 4901 Augustinus,
1691 4829 1737 4883 cui
1758 4843 1861 4882 omnes

143 4896 280 4964 consedit,
297 4898 355 4963 ille,
379 4901 545 4972 praebentem
558 4902 631 4971 [ecit.
650 4901 680 4955 ln
707 4902 761 4957 hoc
786 4903 810 4955 ei
836 4904 980 4957 consentit
1035 4906 1136 4972 postea
1157 4900 1309 4972 suffragati
1325 4907 1403 4955 sunt.
1421 4902 1530 4957 'lamen
1553 4900 1739 4955 Ambrosium
1755 4898 1784 4951 in
1800 4897 1859 4968 pri-

145 4968 243 5041 Long.
257 4970 306 5039 qui
322 4976 425 5027 cetera
439 4988 504 5027 cum
522 4970 587 5027 aliis
601 4977 727 5043 quatuor
744 4972 858 5028 lectioni
873 4978 979 5028 nostre
1035 4988 1084 5025 ma
1100 4988 1155 5026 non
1173 4970 1263 5026 luisse
1279 4972 1414 5043 opinione
1438 4970 1516 5028 haud
1533 4970 1678 5026 illibenter
1692 4967 1857 5034 eredimns;

145 5039 340 5110 astipulatur.
1035 5047 1099 5097 tum
1114 5042 1184 5115 quia
1198 5040 1228 5095 id
1241 5043 1313 5099 satis
1329 5043 1439 5098 indicat
1450 5041 1631 5114 Augustinus
1643 5039 1727 5111 epist.
1738 5040 1783 5106 82,
1796 5044 1859 5093 tum

186 5112 244 5180 (59)
267 5110 401 5182 Capitone,
427 5113 456 5168 id
485 5118 538 5179 est,
564 5118 598 5168 ut
622 5118 705 5169 notat
732 5113 831 5186 glossa
859 5114 979 5177 decreti,
1036 5113 1106 5185 qaia
1127 5114 1254 5169 Sanctus
1283 5114 1345 5186 ipse
1374 5120 1472 5169 noster
1498 5127 1584 5167 omne
1613 5108 1812 5166 simulationis
1827 5126 1860 5165 ac

143 5190 238 5247 cente,
262 5183 403 5237 nimirum
433 5200 469 5238 ne
497 5185 820 5240 videaturAnrbrosius
847 5186 981 5241 docuisse
1036 5185 1178 5239 mendacii
1196 5200 1288 5249 genus
1305 5182 1519 5257 proscribitlib.
1532 5198 1581 5247 vn,
1594 5181 1623 5234 in
1636 5197 1669 5236 ca
1693 5198 1750 5236 ,1111
1765 5184 1859 5249 Luce,

142 5252 298 5334 Abraham
316 5253 454 5311 simulate
470 5261 520 5310 aut
540 5256 719 5311 mendaciter
734 5257 874 5311 locutura.
890 5257 980 5311 Fcere
1035 5259 1065 5311 ct
1087 5254 1296 5322 lib.ruOlllc.,
1327 5255 1536 5377 capiatque
1563 5251 1643 5306 alibi.
1686 5252 1742 5307 nde
1771 5253 1861 5309 etianr

144 5324 299 5394 srqurdam
316 5327 365 5397 qui
383 5326 454 5381 nihil
470 5326 550 5381 aliud
573 5326 619 5381 bis
635 5326 764 5382 Doctoris
778 5327 867 5382 nostri
884 5327 980 5383 verbis
1035 5326 1067 5381 B.
1084 5327 1139 5382 Th.
1156 5328 1214 5391 9-2,
1231 5344 1259 5397 q.
1279 5328 1338 5394 lll,
1355 5334 1409 5381 art.
1431 5325 1456 5389 l,
1498 5326 1562 5378 acet
1582 5323 1770 5380 Ambrosium
1794 5324 1861 5380 istic

144 5393 314 5466 significari
331 5398 548 5464 contenderent,
565 5396 622 5453 nisi
638 5398 668 5454 S.
685 5396 881 5470 patriarcham
898 5414 979 5453 men·
1036 5398 1209 5468 mysterium
1225 5406 1253 5450 et
1274 5397 1455 5478 prophetiam
1472 5410 1640 5467 agnoscere,
1656 5412 1715 5451 non
1739 5396 1860 5453 mendc-

145 5466 238 5521 titum
256 5470 411 5539 essequod
429 5472 530 5525 contra
546 5472 676 5525 mentem
692 5468 898 5525 dissimulandi
916 5487 982 5525 caru·
1036 5470 1126 5536 cium,
1143 5477 1194 5525 aut
1211 5467 1439 5523 siarulatronem.

143 5554 183 5592 sa
212 5535 252 5593 sit
282 5537 637 5613 locutuszprophaetasse
663 5542 859 5609 autem,quod
880 5556 980 5597 rerum
1071 5538 1339 5610 (belliss'lbeed.
1363 5537 1860 5610 etl'alc.,mpateriia,etcommen-
1965 5603 1968 5612 ¹

142 5607 256 5663 dixerit
278 5608 346 5665 licet
371 5612 514 5667 nesciens.
531 5610 582 5667 His
603 5610 742 5667 Melchior
766 5613 874 5675 Canus,
891 5611 942 5667 lib.
960 5630 980 5667 rr
1035 5610 1118 5667 detur
1136 5615 1233 5684 (11111111
1253 5611 1364 5683 pietatis
1388 5609 1476 5664 hostin
1498 5611 1541 5681 pr'i
1563 5614 1628 5666 arcte
1651 5613 1802 5669 ministerii
1815 5628 1859 5667 ue·

142 5680 185 5734 De
208 5680 263 5736 lec.
284 5680 378 5748 thret,
403 5698 427 5737 e.
454 5682 480 5750 l,
506 5681 675 5739 subscribit.
692 5682 749 5739 Nee
774 5688 870 5739 lamen
895 5687 981 5755 putes
1035 5686 1121 5739 eiuro.

140 5750 216 5807 binc
232 5750 360 5813 Abrahae
386 5752 486 5825 pietati
502 5754 660 5827 quicquam
685 5752 817 5823 detrahi;
841 5770 908 5811 cum
934 5772 980 5811 vc·
