4159 6184
132 403 192 464 rar
774 399 1044 464 auxendunum
1065 399 1141 464 ma.
1162 403 1200 464 v.
1717 373 1721 381 ’
1777 403 1837 468 aaa

134 532 382 607 emnenegotium
393 532 561 606 expeditum
571 534 681 606 putavi,
696 534 900 591 etubsolutum
912 550 958 589 me
972 534 1000 599 Α
1014 550 1077 606 qna
1093 534 1285 591 dormientem
1302 535 1337 591 de
1352 551 1455 592 somno
1471 536 1576 592 excitet
1591 535 1597 591 l
1614 537 1654 592 lla
1669 536 1746 593 enim
1776 537 1838 593 evis

133 622 255 689 credidi,
272 624 302 678 et
314 620 393 678 diem
408 621 544 694 quintum
554 627 792 679 consummatum
803 623 961 678 arbitratus
1015 623 1214 694 signaresolet
1229 624 1285 679 diei
1302 624 1451 696 surgentis
1467 629 1610 690 exortum,
1626 631 1653 681 et
1672 624 1837 682 effusiorem

133 728 200 768 sum
213 729 221 778 ;
234 710 353 767 venitin
368 711 601 767 mentemavium
612 716 801 784 naturaque
813 728 879 767 cum
890 713 962 767 eunt
1015 711 1143 767 diluculo
1159 713 1279 768 defferre
1294 711 1433 768 laetitiam.
1450 713 1559 768 Tamen
1575 713 1599 768 si
1615 711 1732 769 illorum
1742 713 1837 769 suavi·

132 800 277 866 cubitum,
297 799 382 870 quasi
394 803 510 871 peracto
533 799 605 855 lata
621 816 742 856 numere
753 800 860 855 athera
872 804 960 854 cantu
1015 803 1061 854 tas
1077 801 1168 868 deest,
1185 804 1254 856 sunt
1269 805 1418 873 gementes
1432 805 1571 871 turtures,
1588 805 1616 856 et
1626 801 1837 858 raucaeolum·

132 887 262 944 mulcere
275 892 479 943 consuerunt:
503 888 582 960 quod
595 887 675 944 velut
703 887 872 945 solemniter
899 905 962 944 sur·
1015 888 1070 953 bec,
1085 893 1149 943 tum
1167 889 1253 944 etiam
1270 889 1369 945 cornix
1398 889 1482 961 plena
1504 907 1573 945 voce
1587 889 1717 961 pluviam
1745 893 1838 946 vocat.

133 981 222 1050 gente
235 981 264 1032 et
276 975 427 1032 occidente
442 976 490 1032 die
504 976 671 1033 instaurare
694 981 896 1033 consuerunt:
928 981 961 1032 ut
1015 975 1097 1032 Unde
1125 975 1221 1032 rurale
1249 977 1391 1033 aviarium
1422 993 1555 1034 sermone
1584 995 1641 1050 quo
1670 994 1840 1050 possumus,

133 1063 301 1122 decursivel
311 1064 463 1120 adoriendi
476 1065 612 1122 nocturni
624 1067 711 1137 juxta
725 1082 759 1120 ac
774 1065 871 1121 diurni
890 1070 961 1120 tem·
1015 1065 1137 1120 scientia
1152 1082 1240 1138 quam
1256 1082 1311 1122 nos
1326 1066 1466 1122 rusticani
1493 1066 1665 1133 docuerunt,
1682 1081 1839 1138 persequa-

134 1153 328 1226 porislaudes
342 1170 397 1210 suo
414 1153 543 1210 referant
557 1155 698 1211 Creatori.
713 1158 851 1227 Magnum
871 1153 961 1226 igitur
1016 1170 1092 1209 mur.

133 1241 316 1299 incentivum
327 1241 488 1298 excitanda
505 1243 589 1298 nobis
605 1243 766 1298 devotionis
791 1242 959 1298 amiseram.
1314 1243 1432 1298 CAPUT
1461 1242 1533 1298 lilii.

132 1329 204 1393 Quis
214 1331 296 1386 enim
311 1345 432 1386 sensum
446 1330 576 1386 bominis
594 1347 699 1403 gerens
727 1347 786 1386 non
809 1332 962 1386 erubescat
1014 1315 1169 1368 mmmm
1187 1313 1367 1369 “mimihilt
1389 1315 1524 1384 ‘ttiffllt'sst't
1547 1315 1668 1384 primum
1681 1311 1714 1369 de
1727 1314 1841 1385 alcimie

129 1419 198 1474 sine
212 1417 398 1491 psalmorum
419 1418 586 1475 celebritate
612 1420 689 1475 diem
718 1418 865 1487 claudere,
893 1435 960 1474 cum
1051 1384 1752 1526 Ξζξὲξιηέὲὶἑὲθξὲἶξοῖἒάάῗέῗέααὸέἔὲξέἶΐαῧθὲη
1761 1401 1841 1527 0522

127 1507 222 1562 ‘tiam
238 1506 449 1579 minutisiimae
464 1523 533 1562 ΜΒ
546 1505 669 1563 ⁸⁰l⁰m¹¹i
685 1507 836 1562 ‘lemtim
850 1511 878 1563 0²
892 1507 962 1562 dul·
1051 1527 1185 1580 bortatur.
1203 1531 1242 1581 De
1256 1528 1352 1581 oritus
1367 1526 1553 1581 imbriumout
1570 1529 1710 1582 uentorum
1734 1541 1839 1598 praesu·

126 1594 152 1649 ci
169 1594 305 1650 carmine
318 1598 401 1651 ortus
411 1594 526 1650 dierum
543 1611 576 1651 ac
591 1595 723 1650 noctium
735 1599 959 1668 prosequantur.
1051 1598 1093 1666 ptr
1110 1614 1117 1664 ;
1132 1597 1216 1668 deque
1230 1597 1284 1667 fidu
1299 1613 1429 1652 curuum
1442 1597 1573 1652 custodia.

162 1684 215 1739 37.
230 1683 339 1739 Redeat
353 1682 538 1756 igiturnobis
553 1682 697 1739 volaticus
708 1699 815 1750 sermo,
827 1684 876 1755 qui
888 1699 961 1756 pene
1051 1685 1094 1740 til.
1112 1686 1147 1740 lit
1163 1685 1300 1756 quoniam
1327 1686 1363 1740 de
1385 1684 1566 1757 aquatilibus
1582 1683 1737 1757 reptilibus
1765 1684 1839 1741 dixi-

126 1771 230 1828 fuerat
242 1770 362 1844 elapsus
377 1789 412 1827 ex
422 1771 564 1840 oculis,et
575 1770 679 1844 aquilae
694 1772 781 1828 modo
792 1772 961 1845 altapetens
1016 1789 1094 1840 mus,
1111 1773 1237 1828 arduum
1257 1776 1348 1828 estut
1363 1773 1460 1829 subite
1489 1773 1524 1828 ad
1555 1789 1622 1828 aves
1652 1772 1715 1828 coeli
1744 1787 1840 1828 sermo

122 1860 250 1916 volatus
264 1877 333 1917 suos
347 1860 508 1916 obduxerat
524 1861 678 1922 nubibus:
694 1859 752 1916 nisi
768 1861 837 1933 quia
860 1860 960 1916 oculos
976 1894 1000 1959 B
1016 1867 1115 1917 noster
1129 1861 1278 1918 ascendat.
1295 1861 1329 1916 Et
1353 1861 1417 1916 ideo
1444 1862 1479 1918 de
1493 1861 1530 1918 iis
1546 1861 1648 1917 avibus
1663 1860 1747 1933 prius
1762 1860 1841 1917 dica·

124 1947 230 2004 abluti
257 1964 334 2020 aqua
360 1948 430 2003 dum
446 1950 482 2003 de
507 1949 625 2021 gurgite
647 1947 778 2004 levamus
793 1949 829 2004 ad
844 1948 959 2016 omium,
1016 1966 1092 2017 mus,
1110 1967 1173 2021 ques
1189 1949 1265 2006 circa
1281 1966 1372 2022 aquas
1388 1950 1480 2006 maris
1495 1950 1710 2022 fluminumque
1724 1965 1842 2006 versan-

123 2035 278 2109 speculati
291 2051 417 2092 vacuum
432 2038 509 2093 aeris
524 2035 669 2093 volatibus
684 2037 763 2109 ferri,
777 2037 813 2093 ad
833 2037 961 2092 necessi·
1015 2043 1075 2104 tur,
1091 2054 1159 2092 cum
1176 2038 1284 2110 quibus
1306 2054 1466 2110 pessumus
1491 2054 1647 2112 emergere.
1677 2039 1777 2111 ltaque
1805 2039 1842 2095 ab

123 2130 227 2181 tatem
242 2124 308 2198 styli
317 2125 486 2197 putavimus
502 2142 567 2182 esse
586 2125 792 2181 revocandum.
808 2126 896 2180 Eritis
911 2142 962 2182 voe
1015 2126 1135 2200 alcyone
1150 2143 1316 2182 sermonem
1333 2127 1511 2183 adoriamur.
1528 2129 1569 2183 lla
1583 2130 1628 2184 est
1643 2126 1705 2183 avis
1728 2126 1841 2183 mariti·

120 2213 261 2285 judices,
275 2212 324 2284 qui
341 2213 413 2269 estis
427 2229 555 2286 aucupes
567 2214 657 2279 verbi,
680 2218 780 2269 utrum
798 2214 962 2269 consultius
1017 2231 1075 2282 ma,
1092 2230 1156 2286 qua
1171 2214 1201 2269 in
1217 2213 1365 2271 littoribus
1381 2215 1455 2272 letus
1470 2233 1540 2272 sues
1553 2217 1638 2272 edere
1652 2215 1737 2282 solet,
1753 2215 1843 2272 itaut

122 2300 289 2372 evolasset,
305 2318 342 2356 an
358 2300 470 2357 utiliter
483 2301 514 2356 in
538 2306 636 2358 vestra
655 2302 728 2357 retia
755 2302 795 2357 sit
817 2301 961 2374 relapsus.
1016 2301 1161 2358 inerenis
1182 2319 1236 2358 ova
1255 2304 1381 2374 deponat
1409 2303 1505 2360 medio
1534 2305 1593 2360 lere
1621 2303 1737 2360 hiemis.
1767 2304 1841 2361 Nam

121 2390 190 2448 Neo
207 2405 309 2446 vereor
324 2405 360 2446 ne
374 2389 526 2446 fastidium
543 2390 628 2446 nobis
643 2392 763 2462 obrepat
778 2390 963 2446 involatibus
1016 2390 1047 2445 id
1061 2390 1203 2460 temporis
1227 2390 1358 2446 fovendis
1373 2391 1461 2447 babet
1486 2393 1659 2464 deputatum
1687 2393 1841 2465 partubus,

122 2477 333 2552 requirendis,
349 2479 427 2550 quod
442 2495 500 2534 non
516 2479 646 2551 obrepsit
660 2479 689 2533 in
705 2479 872 2551 gurgitibus
900 2494 964 2551 per·
1018 2478 1136 2549 quando
1151 2479 1278 2533 manime
1293 2479 1421 2551 insurgit
1437 2497 1526 2546 mare,
1544 2479 1748 2554 littoribusque
1756 2481 1842 2538 vehe-

121 2566 304 2625 scrutandis
321 2585 328 2635 ;
345 2570 397 2622 aut
412 2565 519 2639 aliquis
534 2566 619 2623 nobis
634 2567 663 2622 in
686 2567 884 2639 disputatione
912 2567 964 2622 ob·
1018 2567 1145 2622 mentior
1159 2567 1266 2622 lluctus
1281 2565 1415 2634 illiditur,
1432 2585 1490 2640 quo
1505 2569 1601 2640 magis
1611 2570 1769 2641 repentina
1780 2568 1841 2642 pla-

123 2655 275 2725 dormiat,
291 2671 358 2710 cum
374 2655 580 2728 possitavium
603 2655 738 2712 cantibus
767 2656 895 2712 excitari.
907 2655 963 2711 Sed
1019 2655 1147 2711 ciditatis
1162 2653 1347 2710 solemnitate
1376 2656 1437 2712 avis
1466 2655 1556 2727 hujus
1582 2655 1709 2712 eluceret
1736 2656 1840 2730 gratia.

122 2745 269 2818 profecto
291 2743 340 2816 qui
369 2743 446 2800 inter
474 2748 574 2800 mutos
596 2744 692 2815 pisces
706 2744 876 2818 vigilaverit,
906 2761 964 2800 non
1018 2743 1211 2816 Namqueubi
1228 2743 1376 2800 undosum
1392 2744 1479 2800 fuerit
1494 2761 1584 2812 mare,
1600 2745 1705 2818 positis
1720 2745 1781 2802 ovis
1796 2761 1843 2801 su·

123 2833 243 2890 dubito
257 2832 334 2905 quod
350 2832 427 2888 inter
441 2849 563 2888 canoras
588 2849 655 2889 aves
679 2849 827 2889 sommum
857 2832 965 2889 sentire
1019 2832 1080 2886 bito
1105 2831 1240 2900 mitescit,
1257 2848 1360 2888 omnes
1384 2833 1492 2888 cadunt
1516 2837 1668 2889 ventorum
1696 2833 1841 2907 procella,

125 2939 197 2980 non
214 2921 318 2996 pessit,
333 2937 401 2976 cum
417 2919 468 2976 tali
485 2921 521 2976 ad
536 2920 719 2995 vigilandum
730 2923 967 2995 gratiaprevoce-
1020 2920 1166 2992 llatusque
1192 2936 1331 2976 aurarum
1357 2921 1522 2992 quiescunt,
1539 2939 1572 2978 ac
1588 2921 1736 2994 placidum
1747 2921 1859 3002 ventis¹

130 3017 203 3068 tur.
216 3009 316 3082 Neque
328 2999 396 3066 vero
410 3008 464 3064 vile
478 3013 609 3082 putatur,
624 3011 702 3081 quod
717 3011 811 3082 potuit
826 3009 966 3083 praeteriri
1020 3012 1081 3064 siet
1096 3025 1185 3075 mare,
1203 3009 1293 3064 donce
1308 3025 1359 3064 ora
1379 3009 1474 3065 foveat
1488 3009 1606 3082 alcyone
1635 3028 1698 3066 sua.
1726 3011 1844 3084 Septem

130 3115 213 3155 cum
241 3097 283 3152 sit
312 3097 399 3154 tertia
427 3114 495 3170 pars
524 3098 555 3153 in
584 3099 787 3155 animantibus
815 3104 965 3155 ereatura.
1020 3096 1199 3152 autemdies
1226 3097 1303 3152 fotus
1331 3101 1410 3162 sunt,
1438 3098 1546 3170 quibus
1575 3099 1718 3167 decursis,
1747 3099 1848 3157 educit

130 3188 215 3244 Tria
227 3184 307 3241 enim
322 3201 430 3258 genera
451 3185 647 3243 animantium
663 3203 728 3243 esse
755 3203 814 3243 non
843 3189 967 3244 dubium
1020 3182 1129 3257 pullos,
1145 3184 1281 3256 letusque
1297 3185 1445 3240 absolvit:
1476 3185 1775 3261 illicoaliosqneque
1804 3204 1847 3244 so

131 3281 198 3342 est,
216 3278 376 3342 terrenum,
391 3273 517 3342 volatile,
532 3274 669 3347 aqrratile.
686 3275 816 3348 Denique
829 3276 872 3332 sie
896 3256 1004 3332 seri-C
1024 3277 1104 3346 ptem
1119 3273 1182 3329 dics
1197 3273 1342 3346 adjungit,
1359 3275 1466 3346 quibus
1482 3275 1609 3330 enutriat
1634 3279 1736 3348 partus
1764 3293 1844 3345 suos,

131 3369 231 3438 ptum
244 3366 314 3419 est:
344 3362 499 3419 Producant
519 3363 577 3436 (13)
590 3379 669 3435 apua
688 3365 799 3435 reptilia
813 3367 972 3420 animarum
1025 3361 1117 3417 donec
1132 3361 1275 3432 incipient
1290 3360 1463 3418 adolescere.
1480 3364 1538 3418 Nec
1553 3365 1669 3420 mireris
1696 3368 1756 3421 tam
1786 3363 1845 3419 exi·

133 3454 295 3510 carentium
315 3451 463 3508 ueuudum
481 3453 758 3521 penua,etuotatitiu
785 3454 972 3510 rotantium
1026 3465 1118 3521 guum
1135 3448 1285 3504 nutriendi
1311 3453 1438 3522 tempus,
1468 3467 1536 3506 cum
1561 3451 1706 3508 absolutio
1734 3453 1847 3508 letuum

133 3556 230 3614 super
253 3545 358 3596 terrum
371 3557 447 3597 secus
461 3542 666 3612 firmamentum
678 3543 741 3597 retr·
753 3543 902 3598 secundum
927 3559 972 3616 pe·
1026 3542 1086 3593 tarn
1104 3553 1263 3609 paucorum
1280 3537 1394 3592 dierum
1406 3539 1455 3594 sit.
1473 3540 1598 3595 Tantam
1613 3545 1710 3597 eutem
1724 3541 1849 3614 gratiam

135 3647 200 3686 nus
219 3628 296 3696 (een.
311 3645 333 3696 1,
346 3629 404 3698 28).
1027 3625 1195 3681 minuscula
1224 3625 1284 3681 avis
1299 3625 1440 3681 divinitus
1467 3628 1613 3684 indultam
1635 3629 1732 3698 babet,
1749 3634 1781 3686 ut
1795 3629 1849 3685 bos

175 3719 229 3774 38.
245 3717 426 3774 Revocemur
442 3719 478 3774 ad
495 3718 648 3791 superiora
663 3719 740 3775 sieut
754 3719 887 3777 obliviosi
913 3721 973 3777 via.
1027 3713 1249 3786 quatuordecim
1265 3713 1327 3769 dies
1342 3714 1452 3769 nautici
1475 3721 1658 3788 praesumpte
1686 3716 1851 3774 serenitatis

134 3815 240 3870 tores,
255 3805 305 3877 qui
322 3821 388 3861 curn
404 3805 572 3862 inconsulte
587 3807 789 3879 preterierint,
805 3808 837 3863 in
852 3826 906 3865 sua
929 3826 973 3866 re·
1027 3805 1076 3860 Μ
1093 3803 1256 3871 observent,
1273 3818 1348 3874 quos
1364 3806 1392 3857 et
1407 3801 1576 3875 alcyonides
1598 3810 1714 3874 vocant,
1739 3806 1848 3877 quibus

133 3898 294 3953 vertentes
306 3893 429 3968 vestigia
447 3894 568 3951 incuria
595 3912 654 3952 sus
683 3896 824 3952 mulctam
853 3899 974 3970 repetito
1028 3885 1125 3949 nullos
1141 3896 1238 3947 motus
1254 3890 1419 3964 procellose
1435 3893 1618 3964 tempestatis
1633 3893 1813 3950 horrescant.

133 3981 266 4042 itineris
289 3982 456 4054 (tillebere
484 3973 661 4056 sustipiunt.
677 3985 730 4039 list
758 3987 857 4041 tamen
885 3987 974 4043 etiam
1064 3982 1108 4038 tl.
1126 3983 1222 4037 Ncuuc
1235 3997 1281 4036 uos
1295 3981 1451 4052 passeribus
1464 3983 1552 4053 pluris
1566 3983 1629 4037 estis
1644 3983 1709 4046 (luc
1730 3982 1782 4054 xi),
1794 3981 1852 4054 7)‘t

134 4075 248 4130 bonus
261 4069 363 4140 detor,
380 4072 431 4143 qui
445 4071 634 4144 dispendium
649 4073 853 4145 regressionis,
869 4074 974 4147 reliqui
1029 4069 1172 4127 Dominus
1187 4070 1236 4126 ait.
1250 4069 1280 4124 Si
1295 4068 1385 4142 igitur
1397 4070 1458 4126 avis
1473 4069 1643 4127 minusculae
1673 4069 1852 4143 contempla-

136 4159 878 4232 itrneriscompendioeaceleritate,compenset,ut
903 4163 974 4219 mibi
1029 4161 1108 4216 tione
1123 4163 1152 4215 et
1172 4157 1299 4231 insurgit
1327 4175 1418 4227 mare,
1434 4163 1462 4214 et
1490 4165 1608 4232 repente
1638 4160 1853 4234 comprimitur,

138 4247 320 4305 iaciendum
336 4248 478 4305 arbitror:
492 4248 619 4304 maxime
633 4265 701 4305 eum
717 4251 752 4304 de
767 4251 869 4306 avibus
880 4269 975 4308 sermo
1031 4252 1119 4320 atque
1135 4263 1238 4319 aspera
1258 4247 1365 4302 hiemis
1394 4246 1470 4302 inter
1483 4263 1586 4320 graves
1609 4248 1753 4321 procellas
1779 4252 1853 4305 tem·

138 4341 197 4404 sit,
222 4352 288 4408 quae
302 4335 399 4392 solent
412 4336 513 4393 oculos
528 4337 682 4393 bominum
708 4336 808 4393 volatu
834 4357 975 4412 propera·
1030 4341 1217 4410 pestatesque
1228 4339 1382 4391 ventorum
1395 4335 1521 4408 detergit
1535 4336 1599 4392 eoeli
1610 4335 1721 4406 nubila,
1737 4338 1856 4393 fluctus·

137 4428 227 4482 tiore
255 4424 461 4498 perstringere.
486 4425 561 4492 Quid
577 4425 657 4481 enim
673 4427 807 4482 convenit
821 4427 857 4483 iis
872 4429 977 4485 immo·
1031 4441 1089 4498 quc
1117 4423 1265 4497 componit
1292 4423 1447 4479 elementis
1472 4424 1610 4481 omnibus
1637 4426 1734 4482 subito
1758 4426 1857 4483 inlusa

136 4513 222 4581 rari,
234 4513 265 4568 in
279 4513 387 4585 quibus
400 4512 535 4570 celeritas
550 4513 664 4587 placere
679 4515 830 4571 consuevit
844 4516 858 4571 ‘l
887 4517 977 4574 avius
1032 4512 1231 4586 tranquillitas
1246 4529 1253 4580 ;
1268 4516 1411 4583 quantum
1423 4515 1724 4584 presumeredebeas,
1735 4515 1855 4584 obemo,

136 4603 243 4676 igitur
256 4604 345 4672 atque
360 4601 523 4658 inusitatus
542 4602 573 4657 in
602 4602 654 4658 tali
679 4619 783 4676 genere
811 4606 977 4679 scriptionis
991 4603 1068 4684 Ded
1097 4601 1256 4674 imaginem
1277 4599 1857 4675 Deilactus‚agneseis;sitamenavicu·

138 4704 251 4748 sermo
263 4692 365 4746 noster
379 4690 495 4746 canoris
511 4691 614 4748 avibus
630 4696 746 4748 resonet
775 4697 860 4764 atque
888 4695 983 4752 resul.
1037 4690 1071 4746 la
1086 4689 1172 4746 istius
1185 4688 1273 4743 sidem
1290 4688 1387 4744 studio
1403 4689 1565 4746 devotionis
1580 4691 1774 4748 irniteris.llla
1784 4697 1856 4745 tem·

138 4784 207 4836 tet.
1036 4783 1164 4852 pestates
1176 4778 1277 4834 videns
1291 4778 1453 4850 insurgere,
1465 4779 1565 4836 sevire
1576 4783 1687 4845 ventos,
1712 4779 1788 4834 inter
1802 4776 1857 4848 hy-

181 4865 234 4922 39.
250 4866 306 4923 Sed
322 4868 401 4923 unde
417 4868 490 4923 mibi
506 4885 616 4941 cygnea
630 4869 771 4938 carmina,
800 4887 865 4942 quar
893 4874 981 4929 etiam
1037 4867 1119 4924 berni
1135 4873 1458 4933 suvanonrevocatur,
1486 4885 1580 4940 neque
1612 4867 1777 4932 reflectitur,
1805 4862 1857 4920 sed

136 4955 209 5012 sub
239 4955 319 5027 gravi
343 4957 448 5011 mortis
472 4957 657 5013 imminentis
677 4963 787 5013 terrere
810 4959 983 5017 delectant?
1036 4953 1206 5026 impellitur.
1224 4954 1353 5026 Denique
1381 4957 1412 5010 in
1435 4954 1532 5011 littore
1547 4973 1601 5011 sua
1616 4971 1669 5010 ova
1696 4951 1856 5008 constituit.

137 5042 238 5102 Unde
251 5042 324 5097 mibi
339 5043 407 5100 illos
434 5044 584 5101 naturales
599 5044 733 5101 modulos
757 5046 984 5120 cantilenae‚qui·
1037 5043 1087 5099 ubi
1103 5060 1137 5100 ea
1150 5042 1297 5100 relabente
1313 5043 1404 5098 ssuetu
1422 5044 1539 5100 madida
1551 5043 1647 5099 adbuc
1662 5057 1749 5096 arena
1764 5039 1858 5097 susci·

136 5135 212 5190 bus
226 5131 314 5188 etiam
330 5131 456 5204 paludes
471 5150 583 5189 sonora
598 5138 703 5190 cantus
714 5134 804 5189 edunt
819 5135 983 5192 dulcissimi
1037 5133 1098 5205 piet
1116 5149 1122 5188 :
1139 5149 1192 5188 nee
1205 5132 1394 5206 insurgentes
1410 5133 1516 5187 ductus
1543 5147 1617 5202 quos
1632 5129 1859 5186 immurmurare

136 5219 362 5278 suavitatem?
391 5220 474 5277 Unde
490 5221 562 5279 mibi
577 5238 677 5278 vocem
692 5221 821 5295 psittaci,
851 5224 983 5280 dulcedi·
1037 5219 1523 5292 atqueallabividet‚relormidat.

137 5307 982 5381 nemquemerulerum?Utinamsaltemlusciniacanat,
1072 5311 1117 5365 te.
1133 5310 1217 5365 Etne
1233 5313 1316 5380 putes
1336 5308 1413 5380 quod
1443 5322 1564 5362 ovorum
1591 5306 1726 5364 videatur
1754 5307 1861 5365 hebere

181 5476 250 5550 (13)
265 5476 336 5532 bles.
355 5477 491 5535 undecim
506 5479 618 5536 moliris
633 5483 721 5546 notre,
738 5477 864 5533 educunt.
890 5483 983 5552 Supra
1036 5481 1151 5552 repetito
1179 5477 1289 5547 itinere)
1321 5475 1441 5530 lotorem
1456 5476 1537 5545 Tres,
1572 5479 1687 5534 multum
1716 5480 1861 5551 repetitum

137 5555 256 5606 umen
271 5563 296 5603 c.
313 5549 327 5603 1
340 5553 369 5604 et
382 5551 411 5621 2,
426 5550 502 5607 sieut
525 5555 554 5607 et
567 5551 655 5621 intra,
669 5565 695 5604 e.
726 5565 789 5622 seq.
814 5555 984 5608 constanter
1036 5552 1146 5608 itineris
1161 5549 1292 5604 laborem.
1310 5545 1391 5604 Unus
1406 5546 1542 5622 denique,
1553 5551 1642 5608 multu
1657 5551 1766 5627 repetiti
1780 5551 1860 5610 iure·

137 5623 242 5696 ligas,
255 5618 418 5692 produceret.
1035 5625 1076 5684 rt't
1090 5619 1241 5700 dispendia.

184 5690 249 5778 (tt)
264 5689 335 5752 ttae.
351 5692 493 5770 quinque,
508 5694 628 5757 mutum
641 5694 751 5774 reprtrtr
765 5693 874 5756 deruit
900 5691 980 5774 (due,
