4159 6184
236 218 314 279 lest
974 216 1005 276 S.
1030 214 1218 280 eusuosn
1858 214 1926 283 {228

235 366 289 407 nos
303 345 408 420 spiritu
423 344 501 403 ssdeli
516 344 651 403 subditos
666 344 744 402 Patri
759 345 847 403 laniat
861 346 930 403 Deo.
947 346 981 402 m
994 346 1060 403 ideo
1074 346 1102 414 Α
1115 348 1213 416 nobis,
1227 352 1257 406 et
1276 350 1360 421 quasi
1388 350 1484 408 bonus
1511 351 1674 423 negotiator
1701 350 1779 409 m
1810 365 1926 413 meroem

226 452 309 494 'novo
323 438 352 493 et
364 434 509 509 protunda
523 434 646 491 consilio
660 435 816 508 Apostolus
830 435 871 493 ait
890 436 968 509 quod
993 435 1057 509 lpse
1112 454 1197 493 suam
1213 438 1323 511 proprii
1338 439 1468 512 corporis
1483 440 1622 513 passione
1636 443 1774 498 servaret.

234 524 313 583 Patri
328 524 383 582 erit
398 524 548 599 subjectus
564 524 594 580 iu
611 524 705 592 uobis,
721 542 789 582 cum
805 525 936 583 fueritin
964 524 1058 581 omui·
1150 528 1194 583 ll.
1211 526 1306 597 (Vera.
1318 527 1359 601 5.)
1374 528 1410 583 m
1422 543 1490 584 cum
1505 528 1559 585 boc
1573 529 1694 599 diceret,
1713 529 1823 587 levavit
1838 531 1929 589 oculos

233 612 457 689 busplenitudo
474 614 550 684 ssdei,
567 615 743 688 etquedam
764 613 925 673 devolionis
949 614 1058 670 unitas.
1113 620 1242 684 suns,et
1260 614 1334 671 vidit
1360 614 1430 671 hinc
1457 622 1667 689 persecutores,
1696 618 1765 675 iude
1794 619 1930 693 nequities

234 704 319 761 Nuuc
334 703 413 761 enim
429 703 559 777 quendiu
574 704 726 761 sententiis
746 704 959 777 discrepamus,
985 720 1059 776 quo·
1114 704 1264 778 spiritales
1278 704 1309 760 iu
1324 722 1417 761 uuum
1433 706 1596 774 convenire,
1611 712 1641 763 et
1654 707 1720 765 ait:
1740 732 1751 759 ι
1782 709 1930 782 Quousque

235 792 532 866 dammodorcgnum
547 792 655 850 Christi
673 793 855 849 minoramus
872 810 878 849 :
895 792 965 866 quia
988 809 1060 848 nou·
1116 794 1230 851 irruitis
1260 794 1290 849 iu
1324 794 1485 863 hominem,
1512 794 1719 853 interficientes
1747 796 1930 867 universos„

236 882 308 939 dum
324 882 349 941 ei
365 882 497 955 subjecta
512 885 582 939 suut
596 880 705 950 ouruia,
723 882 808 953 cujus
824 897 946 955 rognum
963 881 1062 937 unitas
1116 882 1171 939 hoa
1186 888 1229 940 est
1245 900 1252 939 ε
1269 884 1344 950 Ouid
1360 883 1455 940 delere
1470 899 1563 956 genus
1578 884 1724 941 festinetis
1747 885 1932 944 humanum?

236 975 283 1029 est
299 988 305 1027 :
322 994 336 1023 ιι
353 970 425 1028 Cum
441 974 538 1029 autem
554 971 686 1042 subjecta
700 969 741 1026 illi
757 971 865 1027 luerint
880 971 1062 1057 omnia,tuuc
1116 972 1273 1027 Hominem
1288 971 1409 1028 nescitis
1437 988 1484 1028 me
1497 988 1550 1044 pro
1578 973 1712 1029 omnium
1741 975 1933 1048 redemptione

237 1065 267 1117 et
279 1059 341 1135 ipse
356 1060 505 1133 subjectus
521 1060 575 1117 erit
588 1059 630 1115 illi
646 1060 697 1133 qui
725 1059 781 1116 sibi
810 1059 1062 1132 snnjncunnnin,
1116 1060 1431 1117 venisseidbtulime
1453 1078 1505 1134 pro
1533 1061 1713 1128 nunctiant
1739 1078 1840 1120 omncs
1869 1082 1934 1121 mea

236 1154 270 1207 ut
285 1149 324 1207 sit
338 1154 415 1207 Deus
429 1149 529 1207 omnia
543 1149 574 1206 iu
589 1149 726 1207 omuibus
743 1150 764 1221 (ι
781 1149 842 1205 Cor.
859 1166 903 1217 xv,
919 1150 964 1222 28)
977 1167 983 1217 ;
996 1171 1009 1200 n
1023 1148 1062 1204 si·
1117 1150 1264 1208 oblatione
1280 1153 1472 1223 protegerem.
1488 1149 1647 1207 Hominum
1661 1164 1741 1224 ergo,
1756 1156 1807 1208 aut
1818 1168 1869 1224 pro
1881 1152 1934 1209 bu·

237 1243 287 1297 cut
299 1238 443 1313 seriptum
457 1242 512 1295 est.
529 1239 612 1295 Nunc
625 1238 704 1295 enim
719 1241 862 1311 potestate
881 1254 971 1312 supra
999 1254 1063 1293 om·
1118 1256 1207 1296 muna
1220 1239 1301 1296 omni
1317 1239 1479 1311 accipimus
1494 1238 1683 1296 multitudiue
1697 1257 1705 1308 ;
1721 1244 1773 1296 aut
1787 1240 1814 1297 si
1828 1241 1865 1297 de
1881 1258 1936 1299 uuo

237 1345 291 1386 nes
305 1332 359 1397 est,
374 1328 427 1387 sed
442 1344 517 1401 opus
531 1330 576 1385 est
591 1332 622 1383 ut
637 1327 677 1385 sit
692 1327 722 1383 iu
738 1327 877 1383 omnibus
897 1325 1061 1383 voluntate:
1117 1329 1290 1401 accipimus,
1317 1329 1354 1385 de
1368 1328 1432 1402 ipso
1457 1328 1569 1385 dictum
1583 1327 1777 1402 intelligimus
1792 1347 1800 1386 ε
1817 1329 1939 1400 lmuitis,

236 1417 439 1490 volutantem,
455 1416 682 1475 eumomuiaiu
707 1415 793 1473 nohis
820 1416 987 1489 cognoverit
1016 1414 1063 1471 sui
1118 1419 1170 1475 sod
1186 1419 1215 1474 iu
1232 1418 1491 1491 homiuem3quia
1510 1434 1602 1491 supra
1627 1418 1720 1475 Deum
1743 1418 1859 1476 irruere
1885 1436 1938 1477 non

237 1506 333 1582 plena,
349 1508 378 1563 et
393 1523 484 1565 vacua
498 1505 681 1563 delictorum.
699 1504 836 1562 Nondum
848 1505 938 1579 igitur
953 1504 1064 1575 subjee·
1118 1506 1239 1580 potestis
1254 1529 1264 1576 ,·
1280 1507 1357 1565 sicut
1371 1507 1462 1564 hebes
1476 1505 1566 1562 alibi:
1595 1528 1610 1557 ι
1636 1505 1712 1572 Quid
1739 1522 1789 1563 me
1816 1508 1940 1580 queritis

236 1600 346 1655 tuaest
372 1596 451 1653 Patri
474 1594 544 1669 quia
558 1595 688 1652 nondum
704 1594 804 1651 omnia
823 1598 852 1651 et
868 1594 897 1650 iu
926 1592 1064 1649 omuibus
1119 1596 1249 1653 occidere
1264 1596 1415 1653 bominem
1430 1597 1518 1667 (loon.
1531 1610 1594 1663 vm,
1607 1594 1652 1665 td)
1669 1594 1712 1649 »t
1739 1594 1840 1668 Neque
1866 1596 1941 1654 euim

237 1683 370 1741 Christus
384 1701 394 1739 .·
408 1699 476 1739 cum
492 1685 593 1739 autem
609 1683 699 1739 luerit
714 1681 814 1739 omnia
827 1686 856 1737 et
870 1682 900 1738 iu
927 1680 1103 1777 omnibusB
1119 1684 1257 1741 diviuitas
1272 1684 1361 1741 morti
1375 1687 1562 1757 poteratesse
1577 1683 1721 1755 subjecta,
1735 1684 1788 1741 sed
1814 1684 1942 1742 humana

237 1770 656 1839 Christus,eritomniaetiu
685 1772 823 1827 omuibus
864 1770 951 1827 Deus.
982 1768 1064 1825 Uudo
1119 1773 1276 1845 susceptio.
1293 1774 1322 1829 si
1338 1789 1408 1847 ergo
1422 1772 1452 1829 iu
1469 1787 1515 1829 me
1530 1770 1655 1841 irruitis,
1669 1776 1699 1828 ct
1712 1788 1762 1828 me
1782 1770 1873 1829 vultis
1897 1790 1940 1829 oc·

238 1860 387 1935 nolligitur
409 1876 500 1917 unum
525 1875 591 1917 esse
619 1875 742 1932 rognum
769 1858 864 1915 Patris
890 1863 919 1915 et
945 1856 1020 1925 Filii,
1035 1859 1065 1912 et
1118 1862 1213 1919 cidere
1229 1862 1244 1918 t
1259 1862 1337 1919 satin
1350 1861 1490 1919 estvobis
1504 1860 1611 1917 habers
1625 1876 1715 1933 quem
1730 1860 1875 1933 queritis.
1892 1862 1942 1919 Ns-

238 1950 329 2007 etiam
344 1948 470 2023 Spiritus
484 1948 687 2021 sanoti;quia
702 1949 752 2022 qui
777 1947 884 2005 Filium
911 1945 1062 2020 receperit,
1119 1968 1176 2023 que
1189 1968 1289 2024 quaro
1304 1954 1471 2008 consortem
1486 1948 1645 2023 passionis,
1674 1949 1726 2022 qui
1755 1949 1795 2005 ad
1823 1948 1941 2007 odotem

238 2041 267 2097 et
289 2042 418 2109 Patrem,
452 2036 555 2111 recipit
579 2041 607 2095 et
635 2037 775 2111 Spiritum
807 2040 968 2105 suuntum;
994 2035 1065 2109 quia
1118 2041 1251 2097 omnium
1268 2041 1403 2112 adjutore
1418 2056 1477 2096 nou
1491 2054 1572 2112 egeo.
1585 2038 1650 2095 Nou
1665 2039 1787 2111 requiro
1808 2038 1941 2113 legatum,

238 2144 299 2187 une
312 2127 417 2201 gratia,
432 2145 490 2185 una
509 2127 639 2200 operatio
654 2126 805 2183 Trinitatis
817 2132 870 2182 est.
1119 2130 1257 2186 nuntium
1273 2146 1333 2186 non
1347 2128 1493 2202 premitto
1510 2146 1517 2197 3
1534 2127 1586 2185 sed
1600 2127 1663 2200 ipse
1679 2143 1727 2184 me
1743 2128 1871 2185 nuntias
1894 2128 1942 2185 ob·

274 2218 301 2286 9,
317 2217 478 2289 Meritoque
492 2216 605 2273 &dditlil
619 2215 760 2273 DOmissus
777 2233 783 2272 :
801 2240 814 2265 v
832 2216 876 2272 Ab
891 2215 955 2289 ipso
983 2214 1064 2271 enim
1119 2219 1173 2275 tuli
1199 2235 1257 2275 uon
1271 2218 1495 2291 quarentibus:
1520 2232 1568 2273 me
1595 2216 1703 2273 tradidi
1731 2234 1794 2274 uon
1823 2232 1946 2290 compre

239 2305 369 2365 salutare
383 2321 494 2362 menn.
511 2328 524 2355 a
554 2304 642 2370 Quasi
668 2304 801 2363 diceret:
831 2303 926 2360 Nolite
950 2302 1064 2359 turbari
1119 2308 1317 2365 renuentibus
1335 2324 1341 2362 :
1359 2309 1392 2363 ut
1405 2306 1560 2370 liberarem
1576 2322 1627 2363 ens
1642 2306 1694 2379 qni
1709 2307 1819 2363 mortis
1837 2306 1945 2378 laqsns

240 2394 384 2471 quiadixi
399 2395 526 2451 enimam
542 2410 637 2449 meum
652 2393 713 2450 lore
730 2395 785 2451 Deo
809 2392 968 2450 subditum·
994 2391 1064 2446 Ani·
1119 2398 1235 2453 fueraut
1249 2395 1463 2469 comprehensi.
1480 2395 1595 2452 irruitis
1609 2394 1699 2468 igitur
1721 2399 1870 2468 tanquam
1896 2412 1945 2468 pa·

239 2500 289 2541 ma
303 2483 358 2541 erit
372 2482 500 2553 subdita,
517 2499 581 2555 qua
596 2482 683 2539 vestri
694 2485 739 2539 ast
753 2481 847 2556 portio
859 2499 866 2551 ;
879 2480 1006 2539 salutare
1016 2498 1066 2537 au·
1119 2486 1185 2543 rieti
1200 2484 1340 2542 inclinato
1355 2490 1384 2541 et
1397 2484 1529 2541 macerie
1543 2482 1691 2557 impulse,
1705 2483 1805 2557 ignari
1820 2484 1891 2557 quia
1900 2499 1946 2540 re·

239 2576 299 2630 tem
314 2573 464 2631 mflumb
480 2572 543 2645 19⁵⁰
561 2590 568 2642 ἱ
583 2572 639 2629 11⁰0
649 2574 703 2640 θθῑι
732 2571 838 2643 (1¹¹ita
868 2572 951 2628 Pfllffl
977 2574 1006 2627 el
1034 2570 1066 2625 in
1120 2576 1151 2633 ni
1167 2592 1225 2631 nou
1241 2578 1275 2631 ut
1289 2574 1460 2631 inclinarem
1476 2573 1630 2646 parietem,
1645 2577 1675 2629 et
1698 2572 1861 2630 maceriam
1887 2572 1943 2629 im·

240 2662 325 2719 Patre
341 2677 457 2735 semper
464 2677 542 2719 sum.
554 2664 578 2715 Α
588 2663 674 2717 Putre
685 2659 763 2717 euim
778 2659 843 2719 veui
854 2658 883 2715 iu
894 2659 1065 2715 huucmun-
1120 2663 1257 2738 pallerem
1273 2682 1280 2732 ;
1296 2663 1348 2719 sed
1364 2666 1396 2719 ut
1410 2660 1563 2719 solverem.
1580 2661 1654 2719 Veni
1668 2661 1749 2718 cuim
1763 2678 1831 2734 pax,
1850 2664 1883 2718 ut
1907 2662 1947 2717 la-

239 2752 332 2823 dum;
348 2755 377 2809 et
391 2750 418 2809 si
429 2751 535 2808 videtis
555 2750 718 2822 homiuem,
734 2749 786 2807 Dei
811 2748 917 2805 Filium
946 2747 1065 2805 credite.
1121 2754 1198 2810 ciam
1213 2757 1336 2825 utraque
1355 2768 1447 2808 uuum
1465 2768 1472 2819 ;
1488 2755 1518 2806 et
1532 2750 1663 2807 medium
1683 2750 1822 2823 parietem
1848 2763 1942 2804 maes

242 2864 256 2895 «
273 2844 345 2897 Cum
359 2839 470 2899 venerit
483 2845 583 2897 autem
598 2838 765 2897 Paracletus
780 2854 866 2911 quem
882 2854 935 2911 ego
950 2836 1067 2893 mittam
1121 2844 1170 2899 rie
1186 2841 1312 2908 solvens,
1328 2840 1379 2913 qui
1395 2856 1513 2897 caruem
1529 2843 1558 2895 et
1582 2839 1716 2895 animam
1742 2838 1896 2903 dividebat,
1912 2840 1945 2891 ut

241 2929 323 2989 vobis
338 2946 355 2987 a
369 2929 452 2987 Patre
468 2945 543 2999 meo,
557 2927 685 3001 Spiritus
699 2926 839 2995 veritatis,
857 2926 907 2999 qui
936 2943 953 2982 a
980 2930 1067 2982 Patre
1121 2948 1215 2989 unum
1230 2930 1338 2987 sentire
1351 2945 1409 2985 non
1424 2932 1566 3001 possent:
1595 2930 1625 2983 et
1653 2925 1722 2983 ideo
1748 2942 1813 2983 caro
1840 2926 1945 2982 anime

241 3035 305 3077 meo
320 3017 459 3093 procedit,
476 3016 524 3075 ille
547 3015 750 3073 testimouium
778 3014 941 3089 perhibebit
955 3015 990 3071 de
1018 3032 1066 3070 me
1122 3021 1315 3094 repugnabat,
1329 3022 1358 3073 et
1372 3016 1494 3073 subdita
1508 3015 1629 3088 imperio
1644 3016 1711 3088 ejus
1731 3031 1797 3071 esse
1809 3032 1870 3071 uou
1896 3031 1945 3087 po-

244 3109 331 3183 (Jonu.
347 3124 395 3180 xv,
409 3109 465 3178 26).
483 3130 497 3157 n
513 3108 548 3163 Et
563 3104 652 3163 Filius
666 3123 684 3162 a
699 3107 781 3163 Patre
796 3104 937 3177 procedit,
954 3108 982 3159 et
1001 3078 1103 3177 Spi·C
1122 3114 1207 3179 terat,
1224 3106 1295 3181 quia
1309 3105 1415 3178 obtecti
1426 3104 1548 3178 parietis
1561 3102 1715 3161 obstaculo
1741 3102 1945 3177 gubernaculis

244 3197 319 3257 ritus
332 3196 370 3255 ab
384 3196 448 3271 ipso
463 3196 604 3269 procedit.
621 3195 662 3252 De
677 3194 789 3250 unitate
808 3209 876 3267 ergo
904 3192 1067 3250 divinitatis
1122 3200 1187 3272 ejus
1205 3212 1306 3271 parere
1320 3212 1380 3252 nou
1394 3198 1518 3267 poterat.

242 3287 416 3361 ambiguum
430 3284 514 3342 nihil.
531 3284 657 3355 Ideoque
671 3281 836 3355 concupivit
850 3282 939 3341 David
951 3283 1005 3340 hoe
1019 3301 1066 3341 sa·
1160 3288 1201 3344 le.
1218 3287 1275 3342 Lex
1290 3284 1379 3358 igitur
1393 3282 1490 3339 caruis
1503 3281 1561 3356 legi
1587 3281 1695 3338 mentis
1724 3279 1945 3339 adversabatur.

242 3375 337 3432 lutare
351 3373 402 3430 Dei
417 3372 503 3429 uobis
530 3371 594 3428 dari
619 3371 688 3445 quis
699 3372 760 3445 ipse
776 3375 821 3429 est
836 3371 896 3428 vita
909 3376 1025 3441 caterua,
1040 3374 1066 3431 si
1121 3378 1204 3433 lluuo
1219 3374 1359 3448 parietem
1373 3375 1506 3429 veterum
1521 3370 1742 3427 inimicitiarum
1776 3368 1856 3426 velut
1881 3385 1945 3425 mu·

242 3468 271 3521 et
285 3462 401 3519 Patrem
414 3476 517 3517 verum
532 3460 625 3517 Deum
649 3476 863 3535 cognoscamus
890 3464 919 3517 et
945 3459 1066 3531 Filium,
1120 3482 1187 3523 rum
1200 3460 1320 3521 sustulit
1334 3460 1476 3517 Dominus
1491 3460 1587 3528 lesus,
1602 3463 1631 3515 et
1652 3458 1772 3531 pervios
1788 3458 1857 3515 lacit
1883 3472 1948 3513 csse

242 3567 395 3625 quempro
411 3554 511 3607 nostra
538 3554 649 3607 certum
678 3554 723 3607 est
751 3549 846 3607 salute
873 3550 987 3607 venisse
1014 3551 1066 3608 sed
1120 3556 1281 3611 conventus
1297 3548 1561 3607 meutisetearuis
1577 3566 1584 3617 3
1600 3548 1789 3604 utinuuum
1810 3552 1950 3605 coeuntes

241 3657 299 3699 uon
310 3640 444 3714 rapinem
460 3639 619 3697 arbitratus
634 3644 758 3697 estesse
778 3639 965 3712 sanqualem
993 3640 1062 3696 Deo.
1120 3645 1149 3699 id
1166 3643 1317 3716 quoderat
1333 3639 1451 3712 utrique
1465 3636 1603 3704 salubre,
1619 3642 1824 3708 sequerentur.
1848 3636 1953 3692 Parias

240 3729 441 3787 assertionem
455 3746 515 3787 sua
531 3728 693 3787 divinitatis
708 3732 882 3801 sequestrat,
898 3733 927 3785 et
945 3728 1064 3802 dispeu-
1119 3748 1188 3805 argo
1204 3730 1338 3804 quedam
1354 3727 1514 3784 eminentia
1528 3724 1706 3782 delictorum
1719 3730 1772 3792 est,
1797 3722 1880 3779 Unde
1911 3723 1956 3778 ad

237 3819 360 3878 sationis
375 3819 510 3877 hnmana
527 3820 715 3892 representat
728 3816 870 3874 officium.
1119 3811 1288 3893 pontificem
1302 3817 1471 3874 iudeorum
1487 3814 1560 3871 dicit
1570 3811 1682 3870 Paulus
1699 3829 1707 3871 :
1723 3807 1902 3867 «mentera
1922 3813 1959 3865 ts

275 3910 319 3967 10.
334 3908 427 3977 (Vens.
445 3908 484 3981 3.)
501 3907 625 3979 ideoque
639 3906 774 3979 adjunxit
787 3906 935 3963 statim:«
952 3905 1064 3963 Etenim
1119 3904 1455 3981 iucipictDeus,parios
1473 3901 1606 3959 dealbate
1635 3902 1709 3975 (Act.
1735 3916 1814 3967 niu,
1843 3899 1907 3968 3);
1939 3923 1951 3951 s

239 3998 450 4071 ipseestlteus
466 4012 559 4065 meus,
578 3993 981 4067 defensormeus(3t);uou
1002 4011 1064 4051 mo·
1118 3994 1386 4071 pariesonimluto
1416 3991 1623 4064 caementisque
1648 3990 1844 4049 construitur.
1878 3988 1957 4045 Hinc

237 4086 326 4145 vehor
339 4086 477 4160 amplius.
497 4108 507 4135 ι
525 4084 591 4141 lieo
602 4083 703 4156 utique
718 4082 803 4156 quasi
819 4083 906 4140 homo
921 4081 1063 4155 loquitur,
1119 4084 1302 4142 edificabant
1315 4081 1440 4157 AEgyptii
1455 4081 1725 4152 civitates‚quaudo
1735 4077 1829 4138 iudai
1843 4076 1958 4135 lateres

239 4176 348 4249 quiain
363 4174 422 4232 Deo
438 4190 519 4247 spem
537 4176 666 4230 nostram
693 4173 834 4229 debemus
864 4188 1012 4246 reponere,
1028 4189 1064 4229 ne
1119 4173 1412 4246 lacereeogebautur.
1431 4172 1464 4227 lu
1478 4170 1600 4244 AEgvpto
1614 4167 1714 4226 lutum
1727 4167 1959 4233 conficiebatur,

237 4264 323 4323 lacile
341 4263 501 4333 labamur;
524 4278 694 4335 quanquam
722 4262 752 4318 iu
781 4278 814 4318 eo
840 4261 916 4334 quod
947 4260 1065 4318 locutus
1119 4267 1148 4321 et
1162 4261 1289 4337 populus
1301 4261 1351 4317 Dei
1365 4265 1518 4334 peecatum
1535 4258 1594 4315 illio
1607 4259 1798 4332 operabatur.
1816 4256 1887 4313 ideo
1909 4272 1961 4330 ge·

238 4358 284 4411 ast
295 4372 301 4411 ι
314 4376 328 4405 ιι
344 4353 407 4409 Nou
421 4354 559 4410 movebor
569 4351 708 4425 amplius,
720 4374 734 4401 n
746 4352 881 4408 ostendat
902 4350 1009 4406 hahere
1032 4368 1064 4407 se
1118 4354 1228 4420 mebat,
1244 4350 1309 4407 ideo
1323 4349 1479 4406 exauditus
1492 4352 1522 4405 et
1537 4347 1678 4405 liberatus
1700 4350 1746 4405 est
1771 4362 1789 4403 e
1817 4350 1962 4420 pemato.

239 4440 342 4498 divine
353 4440 481 4514 iusignia
492 4445 655 4515 potestatis.
667 4440 761 4497 ilabes
780 4440 858 4497 enim
871 4439 941 4496 alibi
965 4439 1062 4497 dicen·
1078 4442 1102 4511 Ι)
1118 4442 1185 4499 ideo
1198 4441 1245 4497 lex
1259 4440 1337 4508 data,
1354 4439 1501 4511 promisse
1523 4436 1618 4511 gratia
1634 4453 1642 4492 :
1660 4440 1694 4493 ut
1720 4435 1767 4493 lex
1794 4440 1964 4509 peecatum

237 4534 312 4589 tem.
324 4552 339 4581 ιι
349 4529 452 4587 Adhuc
464 4544 517 4603 ego
530 4528 621 4586 semel
632 4534 741 4587 terram
753 4530 872 4587 movebo
884 4529 961 4601 (App.
974 4528 1061 4601 na).
1118 4548 1153 4588 ex
1167 4534 1250 4604 parte
1266 4531 1418 4596 resecaret,
1434 4528 1530 4600 gratia
1543 4542 1630 4583 omne
1646 4526 1779 4584 donaret.

237 4618 327 4677 Movit
340 4616 461 4687 diluvio,
475 4616 594 4690 quaudo
608 4621 713 4689 prater
727 4633 825 4674 arcam
838 4618 897 4673 Noe
913 4632 979 4673 caro
999 4633 1064 4673 om·
1154 4620 1198 4674 13.
1215 4617 1308 4691 (Vera.
1324 4617 1365 4687 5,)
1380 4614 1498 4672 Etcum
1512 4615 1575 4671 hac
1589 4613 1677 4673 nobis
1700 4613 1863 4683 conterret,
1898 4614 1968 4670 hac

236 4707 283 4765 uis
298 4706 410 4767 interiit
426 4724 433 4765 ε
450 4706 550 4775 movit,
567 4722 634 4762 cum
649 4706 777 4762 Sodoma
791 4711 820 4763 et
833 4706 996 4763 Gomorrha
1013 4724 1063 4763 sa·
1118 4724 1171 4781 pro
1185 4707 1270 4763 uobis
1285 4704 1408 4772 subiret,
1424 4721 1479 4761 nos
1493 4703 1620 4777 pretium
1634 4704 1701 4776 ejus
1718 4702 1969 4776 repellebamus.

233 4813 284 4855 oro
297 4798 364 4870 igne
379 4800 562 4869 cousumpta
586 4799 666 4863 sunt.
683 4795 747 4851 Haeo
774 4810 907 4868 superus
923 4795 1063 4869 indigna·
1118 4797 1201 4854 Unde
1216 4798 1256 4852 ait
1272 4811 1278 4849 :
1297 4817 1311 4845 ιι
1327 4798 1528 4849 verumtamen
1543 4792 1672 4865 pretium
1687 4807 1787 4848 meum
1800 4792 1972 4865 cogitare·

235 4886 325 4945 tionis
339 4886 449 4945 indicia
463 4888 541 4943 suut.
559 4883 615 4941 Sed
631 4884 700 4959 quia
712 4883 1063 4957 elogitgonushominum
1118 4888 1188 4941 runt
1202 4883 1363 4957 repellere:
1382 4903 1396 4933 n
1413 4880 1675 4954 quaudopretium
1701 4879 1851 4937 referente
1882 4879 1973 4936 Juda

235 4974 378 5035 Dominus
393 4974 488 5049 magis
504 4990 619 5031 servare
635 4989 723 5045 quam
741 4974 871 5046 perdere,
886 4990 943 5030 nou
966 4990 1064 5031 move·
1118 4972 1275 5046 proditore,
1290 4970 1384 5027 iudai
1401 4970 1430 5025 iu
1446 4969 1576 5027 loculum
1592 4970 1710 5027 mittere
1724 4968 1974 5038 noluerunt,di

235 5066 314 5123 bitur
327 5063 458 5137 amplius
473 5064 509 5119 ad
524 5062 771 5136 indignationem,
788 5062 838 5133 qui
853 5062 932 5117 venit
947 5063 983 5117 ed
1009 5062 1064 5117 mi·
1118 5064 1219 5118 centos
1235 5078 1242 5116 ε
1259 5084 1273 5111 ιι
1289 5060 1352 5115 Νοιι
1368 5058 1436 5114 licet
1450 5058 1535 5115 uobis
1549 5058 1708 5116 mitterain
1722 5055 1880 5130 loculum,
1893 5058 1975 5131 quia

235 5153 425 5213 sericordiam
441 5172 448 5224 3
461 5153 540 5208 venit
554 5156 587 5208 ut
603 5151 759 5207 redimeret
775 5168 827 5207 nos
842 5166 895 5207 suo
906 5149 1062 5223 sanguine,
1119 5151 1245 5223 pretium
1259 5148 1413 5222 sauguinis
1428 5152 1472 5205 eat
1486 5147 1707 5220 (innituntur,
1720 5147 1761 5218 6).
1779 5168 1795 5196 n
1823 5145 1976 5203 Damna

236 5259 294 5299 non
309 5246 342 5299 ut
355 5246 489 5300 nostrum
506 5240 668 5299 effunderet
684 5259 690 5310 ;
707 5240 785 5297 veuit
800 5243 833 5295 ut
843 5256 874 5297 se
886 5238 1002 5295 offerret
1012 5255 1064 5311 pro
1119 5236 1342 5311 turhicjudicio
1350 5252 1404 5293 auo
1411 5235 1551 5310 proditor,
1559 5237 1611 5309 qui
1618 5234 1726 5293 reludit
1734 5234 1877 5308 prauum
1886 5234 1975 5310 quod

225 5522 230 5532 .
273 5470 428 5543 (euunrn
457 5476 540 5543 edit,
565 5476 636 5531 near
663 5489 749 5542 meus,
775 5476 800 5532 et
831 5474 963 5533 solutoris
991 5489 1078 5532 meas.
1108 5472 1155 5533 Sic
1180 5477 1209 5531 et
1238 5472 1315 5531 iutra
1343 5488 1425 5529 uum.
1455 5468 1667 5529 48.·Nimirum
1694 5466 1849 5539 exhilii,
1888 5466 1977 5545 apud

237 5542 316 5625 quod
331 5542 421 5621 legas,
436 5548 495 5606 θεός
507 5562 553 5615 pou
568 5546 610 5597 sai
622 5544 704 5615 scrip
719 5561 774 5615 pov,
791 5549 846 5605 ete,
