<?xml version="1.0" encoding="UTF-8"?>
<!DOCTYPE html PUBLIC "-//W3C//DTD XHTML 1.0 Transitional//EN"
    "http://www.w3.org/TR/xhtml1/DTD/xhtml1-transitional.dtd">
<html xmlns="http://www.w3.org/1999/xhtml" xml:lang="en" lang="en">
 <head>
  <title>
</title>
<meta http-equiv="Content-Type" content="text/html;charset=utf-8" />
  <meta name='ocr-system' content='tesseract 3.04.00' />
  <meta name='ocr-capabilities' content='ocr_page ocr_carea ocr_par ocr_line ocrx_word'/>
</head>
<body>
  <div class='ocr_page' id='page_1' title='image "./patrologiaecurs31goog_0437.png"; bbox 0 0 4159 6184; ppageno 0'>
   <div class='ocr_carea' id='block_1_1' title="bbox 109 325 1847 428">
    <p class='ocr_par' dir='ltr' id='par_1_1' title="bbox 109 325 1847 428">
     <span class='ocr_line' id='line_1_1' title="bbox 109 325 1847 428; baseline 0.003 -11"><span class='ocrx_word' id='word_1_1' title='bbox 109 359 169 428; x_wconf 73' lang='lat' dir='ltr'><strong>aa</strong></span> <span class='ocrx_word' id='word_1_2' title='bbox 518 354 570 418; x_wconf 86' lang='lat' dir='ltr'><strong>ns</strong></span> <span class='ocrx_word' id='word_1_3' title='bbox 592 353 1051 422; x_wconf 80' lang='lat' dir='ltr'><strong>1urnurnanar1ouaroe</strong></span> <span class='ocrx_word' id='word_1_4' title='bbox 1074 357 1124 418; x_wconf 87' lang='lat' dir='ltr'><strong>ur</strong></span> <span class='ocrx_word' id='word_1_5' title='bbox 1144 325 1267 416; x_wconf 82' lang='lat' dir='ltr'><strong>naun</strong></span> <span class='ocrx_word' id='word_1_6' title='bbox 1294 349 1378 414; x_wconf 83' lang='lat' dir='ltr'><strong>ma.</strong></span> <span class='ocrx_word' id='word_1_7' title='bbox 1400 353 1441 416; x_wconf 90' lang='lat' dir='ltr'><strong>u.</strong></span> <span class='ocrx_word' id='word_1_8' title='bbox 1786 357 1847 422; x_wconf 85' lang='lat' dir='ltr'><strong>eos</strong></span> 
     </span>
    </p>
   </div>
   <div class='ocr_carea' id='block_1_2' title="bbox 111 485 1854 2712">
    <p class='ocr_par' dir='ltr' id='par_1_2' title="bbox 111 485 1854 2712">
     <span class='ocr_line' id='line_1_2' title="bbox 111 485 1854 570; baseline -0.007 -13"><span class='ocrx_word' id='word_1_9' title='bbox 111 501 174 558; x_wconf 78' lang='lat' dir='ltr'><strong>eret</strong></span> <span class='ocrx_word' id='word_1_10' title='bbox 188 511 290 570; x_wconf 81' lang='lat' dir='ltr'><strong>aeque</strong></span> <span class='ocrx_word' id='word_1_11' title='bbox 305 493 344 552; x_wconf 79' lang='lat' dir='ltr'><strong>aet</strong></span> <span class='ocrx_word' id='word_1_12' title='bbox 359 507 466 559; x_wconf 70' lang='lat' dir='ltr'><strong>mam,</strong></span> <span class='ocrx_word' id='word_1_13' title='bbox 482 489 601 563; x_wconf 82' lang='lat' dir='ltr'><strong>quando</strong></span> <span class='ocrx_word' id='word_1_14' title='bbox 628 509 680 548; x_wconf 89' lang='lat' dir='ltr'><strong>nee</strong></span> <span class='ocrx_word' id='word_1_15' title='bbox 696 491 753 548; x_wconf 89' lang='lat' dir='ltr'><strong>Deo</strong></span> <span class='ocrx_word' id='word_1_16' title='bbox 782 491 864 559; x_wconf 81' lang='lat' dir='ltr'><strong>fides,</strong></span> <span class='ocrx_word' id='word_1_17' title='bbox 896 508 948 548; x_wconf 85' lang='lat' dir='ltr'><strong>nee</strong></span> <span class='ocrx_word' id='word_1_18' title='bbox 965 491 988 558; x_wconf 76' lang='grc' dir='ltr'><strong>Α</strong></span> <span class='ocrx_word' id='word_1_19' title='bbox 1008 492 1087 546; x_wconf 79' lang='lat' dir='ltr'><strong>titas</strong></span> <span class='ocrx_word' id='word_1_20' title='bbox 1101 485 1309 560; x_wconf 70' lang='lat' dir='ltr'><strong>singolorum,</strong></span> <span class='ocrx_word' id='word_1_21' title='bbox 1331 487 1466 546; x_wconf 66' lang='lat' dir='ltr'><strong>autem</strong></span> <span class='ocrx_word' id='word_1_22' title='bbox 1481 508 1565 563; x_wconf 75' lang='lat' dir='ltr'><strong>spem</strong></span> <span class='ocrx_word' id='word_1_23' title='bbox 1579 493 1742 556; x_wconf 73' lang='lat' dir='ltr'><strong>dissentia,</strong></span> <span class='ocrx_word' id='word_1_24' title='bbox 1757 490 1854 562; x_wconf 73' lang='lat' dir='ltr'><strong>eaesi·</strong></span> 
     </span>
     <span class='ocr_line' id='line_1_3' title="bbox 111 579 1845 664; baseline -0.012 -18"><span class='ocrx_word' id='word_1_25' title='bbox 111 586 213 646; x_wconf 84' lang='lat' dir='ltr'><strong>fratris</strong></span> <span class='ocrx_word' id='word_1_26' title='bbox 228 581 421 664; x_wconf 76' lang='lat' dir='ltr'><strong>germanitati</strong></span> <span class='ocrx_word' id='word_1_27' title='bbox 437 581 477 654; x_wconf 86' lang='lat'><strong>(8)</strong></span> <span class='ocrx_word' id='word_1_28' title='bbox 492 579 587 652; x_wconf 89' lang='lat' dir='ltr'><strong>pietas</strong></span> <span class='ocrx_word' id='word_1_29' title='bbox 620 584 767 639; x_wconf 87' lang='lat' dir='ltr'><strong>reservata</strong></span> <span class='ocrx_word' id='word_1_30' title='bbox 782 587 835 638; x_wconf 86' lang='lat' dir='ltr'><strong>est.</strong></span> <span class='ocrx_word' id='word_1_31' title='bbox 865 581 952 639; x_wconf 89' lang='lat' dir='ltr'><strong>Venit</strong></span> <span class='ocrx_word' id='word_1_32' title='bbox 1006 581 1141 654; x_wconf 80' lang='lat' dir='ltr'><strong>quadam</strong></span> <span class='ocrx_word' id='word_1_33' title='bbox 1157 579 1304 650; x_wconf 87' lang='lat' dir='ltr'><strong>portuum</strong></span> <span class='ocrx_word' id='word_1_34' title='bbox 1324 592 1435 649; x_wconf 83' lang='lat' dir='ltr'><strong>eoepere</strong></span> <span class='ocrx_word' id='word_1_35' title='bbox 1450 580 1757 653; x_wconf 71' lang='lat' dir='ltr'><strong>appropinquantibus</strong></span> <span class='ocrx_word' id='word_1_36' title='bbox 1780 593 1845 634; x_wconf 73' lang='lat' dir='ltr'><strong>oasa</strong></span> 
     </span>
     <span class='ocr_line' id='line_1_4' title="bbox 113 663 1846 742; baseline -0.007 -10"><span class='ocrx_word' id='word_1_37' title='bbox 113 675 259 734; x_wconf 81' lang='lat' dir='ltr'>Dominus</span> <span class='ocrx_word' id='word_1_38' title='bbox 273 673 363 732; x_wconf 78' lang='lat' dir='ltr'><strong>lesus</strong></span> <span class='ocrx_word' id='word_1_39' title='bbox 378 673 412 728; x_wconf 88' lang='lat' dir='ltr'><strong>ut</strong></span> <span class='ocrx_word' id='word_1_40' title='bbox 430 663 626 726; x_wconf 86' lang='lat' dir='ltr'><strong>resuscitaret</strong></span> <span class='ocrx_word' id='word_1_41' title='bbox 651 669 754 726; x_wconf 85' lang='lat' dir='ltr'><strong>Adam.</strong></span> <span class='ocrx_word' id='word_1_42' title='bbox 783 667 950 732; x_wconf 64' lang='lat' dir='ltr'><strong>nonanoea-</strong></span> <span class='ocrx_word' id='word_1_43' title='bbox 1005 667 1195 741; x_wconf 65' lang='lat' dir='ltr'><strong>anffmgiaw)</strong></span> <span class='ocrx_word' id='word_1_44' title='bbox 1207 682 1214 732; x_wconf 91' lang='grc'>;</span> <span class='ocrx_word' id='word_1_45' title='bbox 1226 668 1262 718; x_wconf 87' lang='lat' dir='ltr'><strong>ut</strong></span> <span class='ocrx_word' id='word_1_46' title='bbox 1278 667 1489 739; x_wconf 89' lang='lat' dir='ltr'><strong>unusquisque</strong></span> <span class='ocrx_word' id='word_1_47' title='bbox 1505 669 1655 742; x_wconf 80' lang='lat' dir='ltr'><strong>navigium</strong></span> <span class='ocrx_word' id='word_1_48' title='bbox 1671 685 1732 725; x_wconf 82' lang='lat' dir='ltr'><strong>sua</strong></span> <span class='ocrx_word' id='word_1_49' title='bbox 1761 666 1846 738; x_wconf 89' lang='lat' dir='ltr'><strong>quie·</strong></span> 
     </span>
     <span class='ocr_line' id='line_1_5' title="bbox 111 751 1845 833; baseline -0.01 -8"><span class='ocrx_word' id='word_1_50' title='bbox 111 769 161 824; x_wconf 84' lang='lat' dir='ltr'><strong>tus</strong></span> <span class='ocrx_word' id='word_1_51' title='bbox 177 770 224 824; x_wconf 88' lang='lat' dir='ltr'><strong>est</strong></span> <span class='ocrx_word' id='word_1_52' title='bbox 239 768 269 822; x_wconf 90' lang='lat' dir='ltr'><strong>et</strong></span> <span class='ocrx_word' id='word_1_53' title='bbox 283 759 367 832; x_wconf 82' lang='lat' dir='ltr'><strong>libel,</strong></span> <span class='ocrx_word' id='word_1_54' title='bbox 384 759 469 833; x_wconf 86' lang='lat' dir='ltr'><strong>cujus</strong></span> <span class='ocrx_word' id='word_1_55' title='bbox 485 771 614 813; x_wconf 81' lang='lat' dir='ltr'><strong>anunera</strong></span> <span class='ocrx_word' id='word_1_56' title='bbox 630 757 806 831; x_wconf 86' lang='lat' dir='ltr'><strong>placuerunt</strong></span> <span class='ocrx_word' id='word_1_57' title='bbox 819 758 878 816; x_wconf 89' lang='lat' dir='ltr'><strong>Deo</strong></span> <span class='ocrx_word' id='word_1_58' title='bbox 892 759 949 816; x_wconf 91' lang='lat' dir='ltr'><strong>Ob·</strong></span> <span class='ocrx_word' id='word_1_59' title='bbox 1005 759 1046 816; x_wconf 89' lang='lat' dir='ltr'><strong>tis</strong></span> <span class='ocrx_word' id='word_1_60' title='bbox 1060 758 1091 813; x_wconf 91' lang='lat' dir='ltr'><strong>in</strong></span> <span class='ocrx_word' id='word_1_61' title='bbox 1106 751 1235 830; x_wconf 82' lang='lat' dir='ltr'><strong>proximi</strong></span> <span class='ocrx_word' id='word_1_62' title='bbox 1248 757 1304 809; x_wconf 91' lang='lat' dir='ltr'><strong>aut</strong></span> <span class='ocrx_word' id='word_1_63' title='bbox 1324 753 1419 811; x_wconf 74' lang='lat' dir='ltr'><strong>fratris</strong></span> <span class='ocrx_word' id='word_1_64' title='bbox 1443 758 1603 813; x_wconf 89' lang='lat' dir='ltr'><strong>constituat</strong></span> <span class='ocrx_word' id='word_1_65' title='bbox 1618 758 1736 825; x_wconf 83' lang='lat' dir='ltr'><strong>ellectu,</strong></span> <span class='ocrx_word' id='word_1_66' title='bbox 1766 757 1795 811; x_wconf 90' lang='lat' dir='ltr'><strong>et</strong></span> <span class='ocrx_word' id='word_1_67' title='bbox 1814 754 1845 810; x_wconf 90' lang='lat' dir='ltr'><strong>in</strong></span> 
     </span>
     <span class='ocr_line' id='line_1_6' title="bbox 114 842 1744 926; baseline -0.008 -14"><span class='ocrx_word' id='word_1_68' title='bbox 114 853 184 912; x_wconf 87' lang='lat' dir='ltr'><strong>tulit</strong></span> <span class='ocrx_word' id='word_1_69' title='bbox 200 853 397 926; x_wconf 87' lang='lat' dir='ltr'><strong>semetipsum</strong></span> <span class='ocrx_word' id='word_1_70' title='bbox 413 844 557 905; x_wconf 82' lang='lat' dir='ltr'><strong>Dominus</strong></span> <span class='ocrx_word' id='word_1_71' title='bbox 572 844 674 917; x_wconf 86' lang='lat' dir='ltr'><strong>Jssus,</strong></span> <span class='ocrx_word' id='word_1_72' title='bbox 690 845 719 903; x_wconf 92' lang='lat' dir='ltr'><strong>id</strong></span> <span class='ocrx_word' id='word_1_73' title='bbox 734 847 950 921; x_wconf 66' lang='lat' dir='ltr'><strong>etprimitias</strong></span> <span class='ocrx_word' id='word_1_74' title='bbox 1005 863 1125 906; x_wconf 85' lang='lat' dir='ltr'><strong>secessu</strong></span> <span class='ocrx_word' id='word_1_75' title='bbox 1142 842 1275 917; x_wconf 89' lang='lat' dir='ltr'><strong>quodam</strong></span> <span class='ocrx_word' id='word_1_76' title='bbox 1291 842 1348 915; x_wconf 81' lang='lat' dir='ltr'><strong>pie</strong></span> <span class='ocrx_word' id='word_1_77' title='bbox 1364 845 1472 900; x_wconf 89' lang='lat' dir='ltr'><strong>mentis</strong></span> <span class='ocrx_word' id='word_1_78' title='bbox 1486 845 1596 901; x_wconf 82' lang='lat' dir='ltr'><strong>hereat</strong></span> <span class='ocrx_word' id='word_1_79' title='bbox 1610 842 1744 902; x_wconf 82' lang='lat' dir='ltr'><strong>littorati.</strong></span> 
     </span>
     <span class='ocr_line' id='line_1_7' title="bbox 116 931 1845 1018; baseline -0.007 -16"><span class='ocrx_word' id='word_1_80' title='bbox 116 944 249 1018; x_wconf 82' lang='lat' dir='ltr'><strong>corporis</strong></span> <span class='ocrx_word' id='word_1_81' title='bbox 263 942 321 1009; x_wconf 90' lang='lat' dir='ltr'><strong>sui,</strong></span> <span class='ocrx_word' id='word_1_82' title='bbox 336 940 367 996; x_wconf 91' lang='lat' dir='ltr'><strong>in</strong></span> <span class='ocrx_word' id='word_1_83' title='bbox 384 933 542 1012; x_wconf 79' lang='lat' dir='ltr'><strong>sanguinis</strong></span> <span class='ocrx_word' id='word_1_84' title='bbox 567 935 742 1008; x_wconf 89' lang='lat' dir='ltr'><strong>aspersione</strong></span> <span class='ocrx_word' id='word_1_85' title='bbox 769 931 875 994; x_wconf 80' lang='lat' dir='ltr'><strong>melius</strong></span> <span class='ocrx_word' id='word_1_86' title='bbox 904 936 949 994; x_wconf 87' lang='lat' dir='ltr'><strong>to·</strong></span> <span class='ocrx_word' id='word_1_87' title='bbox 1041 937 1087 993; x_wconf 79' lang='lat'><strong>35.</strong></span> <span class='ocrx_word' id='word_1_88' title='bbox 1104 935 1170 992; x_wconf 89' lang='lat' dir='ltr'><strong>Non</strong></span> <span class='ocrx_word' id='word_1_89' title='bbox 1185 931 1338 989; x_wconf 88' lang='lat' dir='ltr'><strong>immerito</strong></span> <span class='ocrx_word' id='word_1_90' title='bbox 1352 950 1420 1006; x_wconf 79' lang='lat' dir='ltr'><strong>ergo</strong></span> <span class='ocrx_word' id='word_1_91' title='bbox 1434 938 1577 1006; x_wconf 88' lang='lat' dir='ltr'><strong>tanquam</strong></span> <span class='ocrx_word' id='word_1_92' title='bbox 1600 937 1761 991; x_wconf 85' lang='lat' dir='ltr'><strong>renovatus</strong></span> <span class='ocrx_word' id='word_1_93' title='bbox 1785 933 1845 991; x_wconf 91' lang='lat' dir='ltr'><strong>ela-</strong></span> 
     </span>
     <span class='ocr_line' id='line_1_8' title="bbox 117 1021 1845 1107; baseline -0.01 -16"><span class='ocrx_word' id='word_1_94' title='bbox 117 1022 570 1107; x_wconf 74' lang='lat' dir='ltr'><strong>quantaquamsanguieatrol</strong></span> <span class='ocrx_word' id='word_1_95' title='bbox 597 1023 773 1083; x_wconf 87' lang='lat' dir='ltr'><strong>locutusest</strong></span> <span class='ocrx_word' id='word_1_96' title='bbox 801 1026 832 1084; x_wconf 92' lang='lat' dir='ltr'><strong>in</strong></span> <span class='ocrx_word' id='word_1_97' title='bbox 860 1030 947 1082; x_wconf 79' lang='lat' dir='ltr'><strong>terra</strong></span> <span class='ocrx_word' id='word_1_98' title='bbox 1007 1022 1280 1083; x_wconf 80' lang='lat' dir='ltr'><strong>matDavidzottt</strong></span> <span class='ocrx_word' id='word_1_99' title='bbox 1300 1021 1480 1079; x_wconf 90' lang='lat' dir='ltr'><strong>introiboad</strong></span> <span class='ocrx_word' id='word_1_100' title='bbox 1511 1022 1602 1080; x_wconf 89' lang='lat' dir='ltr'><strong>altare</strong></span> <span class='ocrx_word' id='word_1_101' title='bbox 1624 1022 1678 1079; x_wconf 88' lang='lat' dir='ltr'><strong>Dei</strong></span> <span class='ocrx_word' id='word_1_102' title='bbox 1708 1021 1777 1091; x_wconf 90' lang='lat' dir='ltr'><strong>mei,</strong></span> <span class='ocrx_word' id='word_1_103' title='bbox 1808 1026 1845 1081; x_wconf 84' lang='lat' dir='ltr'><strong>nd</strong></span> 
     </span>
     <span class='ocr_line' id='line_1_9' title="bbox 117 1109 1846 1195; baseline -0.005 -17"><span class='ocrx_word' id='word_1_104' title='bbox 117 1121 255 1195; x_wconf 75' lang='lat' dir='ltr'><strong>Respexit</strong></span> <span class='ocrx_word' id='word_1_105' title='bbox 268 1119 347 1178; x_wconf 81' lang='lat' dir='ltr'><strong>Deos</strong></span> <span class='ocrx_word' id='word_1_106' title='bbox 361 1117 392 1178; x_wconf 88' lang='lat' dir='ltr'><strong>in</strong></span> <span class='ocrx_word' id='word_1_107' title='bbox 407 1118 472 1192; x_wconf 83' lang='lat' dir='ltr'><strong>ojus</strong></span> <span class='ocrx_word' id='word_1_108' title='bbox 487 1126 627 1182; x_wconf 69' lang='lat' dir='ltr'><strong>munem.</strong></span> <span class='ocrx_word' id='word_1_109' title='bbox 644 1129 678 1178; x_wconf 73' lang='lat' dir='ltr'><strong>a!</strong></span> <span class='ocrx_word' id='word_1_110' title='bbox 692 1131 751 1188; x_wconf 77' lang='lat' dir='ltr'><strong>quo</strong></span> <span class='ocrx_word' id='word_1_111' title='bbox 764 1113 827 1189; x_wconf 87' lang='lat' dir='ltr'><strong>ipse</strong></span> <span class='ocrx_word' id='word_1_112' title='bbox 848 1131 949 1174; x_wconf 86' lang='lat' dir='ltr'><strong>recon-</strong></span> <span class='ocrx_word' id='word_1_113' title='bbox 1006 1118 1100 1171; x_wconf 88' lang='lat' dir='ltr'><strong>Deum</strong></span> <span class='ocrx_word' id='word_1_114' title='bbox 1116 1110 1169 1185; x_wconf 88' lang='lat' dir='ltr'><strong>qui</strong></span> <span class='ocrx_word' id='word_1_115' title='bbox 1183 1109 1311 1169; x_wconf 83' lang='lat' dir='ltr'><strong>laetilical</strong></span> <span class='ocrx_word' id='word_1_116' title='bbox 1322 1113 1510 1184; x_wconf 82' lang='lat' dir='ltr'><strong>juventutem</strong></span> <span class='ocrx_word' id='word_1_117' title='bbox 1531 1127 1633 1174; x_wconf 65' lang='lat' dir='ltr'><strong>meam,</strong></span> <span class='ocrx_word' id='word_1_118' title='bbox 1659 1111 1749 1183; x_wconf 84' lang='lat' dir='ltr'><strong>(Paul,</strong></span> <span class='ocrx_word' id='word_1_119' title='bbox 1777 1129 1846 1184; x_wconf 78' lang='lat' dir='ltr'><strong>anu,</strong></span> 
     </span>
     <span class='ocr_line' id='line_1_10' title="bbox 116 1198 1848 1281; baseline -0.006 -15"><span class='ocrx_word' id='word_1_120' title='bbox 116 1208 277 1270; x_wconf 68' lang='lat' dir='ltr'><strong>uitiationis</strong></span> <span class='ocrx_word' id='word_1_121' title='bbox 292 1205 530 1281; x_wconf 79' lang='lat' dir='ltr'><strong>divinegratiam</strong></span> <span class='ocrx_word' id='word_1_122' title='bbox 542 1202 635 1260; x_wconf 88' lang='lat' dir='ltr'><strong>bonis</strong></span> <span class='ocrx_word' id='word_1_123' title='bbox 644 1203 947 1278; x_wconf 77' lang='lat' dir='ltr'><strong>reliualtharedlbus.</strong></span> <span class='ocrx_word' id='word_1_124' title='bbox 1009 1203 1035 1274; x_wconf 87' lang='lat' dir='ltr'><strong>l)</strong></span> <span class='ocrx_word' id='word_1_125' title='bbox 1054 1221 1061 1271; x_wconf 80' lang='lat'>3</span> <span class='ocrx_word' id='word_1_126' title='bbox 1079 1226 1090 1255; x_wconf 76' lang='lat' dir='ltr'><strong>a</strong></span> <span class='ocrx_word' id='word_1_127' title='bbox 1109 1205 1143 1258; x_wconf 87' lang='lat' dir='ltr'><strong>ut</strong></span> <span class='ocrx_word' id='word_1_128' title='bbox 1158 1198 1213 1272; x_wconf 89' lang='lat' dir='ltr'><strong>qui</strong></span> <span class='ocrx_word' id='word_1_129' title='bbox 1229 1217 1319 1272; x_wconf 89' lang='lat' dir='ltr'><strong>supra</strong></span> <span class='ocrx_word' id='word_1_130' title='bbox 1343 1218 1374 1260; x_wconf 90' lang='lat' dir='ltr'><strong>se</strong></span> <span class='ocrx_word' id='word_1_131' title='bbox 1402 1200 1581 1256; x_wconf 69' lang='lat' dir='ltr'><strong>inveterasse</strong></span> <span class='ocrx_word' id='word_1_132' title='bbox 1601 1202 1683 1258; x_wconf 82' lang='lat' dir='ltr'><strong>inter</strong></span> <span class='ocrx_word' id='word_1_133' title='bbox 1710 1199 1848 1263; x_wconf 77' lang='lat' dir='ltr'><strong>inimicos</strong></span> 
     </span>
     <span class='ocr_line' id='line_1_11' title="bbox 117 1288 1848 1370; baseline -0.004 -12"><span class='ocrx_word' id='word_1_134' title='bbox 117 1299 208 1356; x_wconf 77' lang='lat' dir='ltr'><strong>aeas</strong></span> <span class='ocrx_word' id='word_1_135' title='bbox 219 1297 314 1370; x_wconf 75' lang='lat' dir='ltr'><strong>igitur</strong></span> <span class='ocrx_word' id='word_1_136' title='bbox 327 1299 448 1354; x_wconf 86' lang='lat' dir='ltr'><strong>sanctus</strong></span> <span class='ocrx_word' id='word_1_137' title='bbox 469 1292 574 1362; x_wconf 86' lang='lat' dir='ltr'><strong>David,</strong></span> <span class='ocrx_word' id='word_1_138' title='bbox 591 1292 680 1365; x_wconf 83' lang='lat' dir='ltr'><strong>quasi</strong></span> <span class='ocrx_word' id='word_1_139' title='bbox 694 1309 729 1352; x_wconf 87' lang='lat' dir='ltr'><strong>ea</strong></span> <span class='ocrx_word' id='word_1_140' title='bbox 752 1309 876 1366; x_wconf 84' lang='lat' dir='ltr'><strong>persona</strong></span> <span class='ocrx_word' id='word_1_141' title='bbox 904 1309 949 1349; x_wconf 85' lang='lat' dir='ltr'><strong>re-</strong></span> <span class='ocrx_word' id='word_1_142' title='bbox 1009 1308 1080 1348; x_wconf 87' lang='lat' dir='ltr'><strong>sues</strong></span> <span class='ocrx_word' id='word_1_143' title='bbox 1096 1291 1223 1357; x_wconf 78' lang='lat' dir='ltr'><strong>dixerat,</strong></span> <span class='ocrx_word' id='word_1_144' title='bbox 1241 1293 1273 1344; x_wconf 90' lang='lat' dir='ltr'><strong>nt</strong></span> <span class='ocrx_word' id='word_1_145' title='bbox 1287 1291 1316 1346; x_wconf 91' lang='lat' dir='ltr'><strong>in</strong></span> <span class='ocrx_word' id='word_1_146' title='bbox 1333 1293 1416 1345; x_wconf 79' lang='lat' dir='ltr'><strong>sexto</strong></span> <span class='ocrx_word' id='word_1_147' title='bbox 1432 1288 1560 1360; x_wconf 78' lang='lat' dir='ltr'><strong>tegimus</strong></span> <span class='ocrx_word' id='word_1_148' title='bbox 1575 1289 1697 1346; x_wconf 78' lang='lat' dir='ltr'><strong>Psalmo</strong></span> <span class='ocrx_word' id='word_1_149' title='bbox 1713 1289 1848 1366; x_wconf 61' lang='lat' dir='ltr'><strong>(tactor,</strong></span> 
     </span>
     <span class='ocr_line' id='line_1_12' title="bbox 118 1376 1850 1456; baseline -0.016 0"><span class='ocrx_word' id='word_1_150' title='bbox 118 1385 265 1445; x_wconf 58' lang='lat' dir='ltr'><strong>wilellmi</strong></span> <span class='ocrx_word' id='word_1_151' title='bbox 281 1384 413 1442; x_wconf 68' lang='lat' dir='ltr'><strong>hominis</strong></span> <span class='ocrx_word' id='word_1_152' title='bbox 426 1383 467 1440; x_wconf 87' lang='lat' dir='ltr'><strong>ait</strong></span> <span class='ocrx_word' id='word_1_153' title='bbox 483 1399 490 1438; x_wconf 70' lang='grc' dir='ltr'>ἱ</span> <span class='ocrx_word' id='word_1_154' title='bbox 507 1405 521 1432; x_wconf 85' lang='grc'><strong>«</strong></span> <span class='ocrx_word' id='word_1_155' title='bbox 539 1381 576 1439; x_wconf 73' lang='lat' dir='ltr'><strong>itt</strong></span> <span class='ocrx_word' id='word_1_156' title='bbox 593 1381 773 1442; x_wconf 78' lang='lat' dir='ltr'><strong>introibant</strong></span> <span class='ocrx_word' id='word_1_157' title='bbox 789 1381 879 1440; x_wconf 89' lang='lat' dir='ltr'><strong>altare</strong></span> <span class='ocrx_word' id='word_1_158' title='bbox 897 1379 948 1440; x_wconf 90' lang='lat' dir='ltr'><strong>Dei</strong></span> <span class='ocrx_word' id='word_1_159' title='bbox 1008 1381 1049 1452; x_wconf 86' lang='lat'><strong>8),</strong></span> <span class='ocrx_word' id='word_1_160' title='bbox 1064 1377 1112 1436; x_wconf 90' lang='lat' dir='ltr'><strong>bie</strong></span> <span class='ocrx_word' id='word_1_161' title='bbox 1128 1378 1172 1435; x_wconf 90' lang='lat' dir='ltr'><strong>ait</strong></span> <span class='ocrx_word' id='word_1_162' title='bbox 1183 1379 1372 1451; x_wconf 81' lang='lat' dir='ltr'><strong>juventutem</strong></span> <span class='ocrx_word' id='word_1_163' title='bbox 1389 1376 1444 1433; x_wconf 87' lang='lat' dir='ltr'><strong>sibi</strong></span> <span class='ocrx_word' id='word_1_164' title='bbox 1461 1395 1495 1433; x_wconf 82' lang='lat' dir='ltr'><strong>ox</strong></span> <span class='ocrx_word' id='word_1_165' title='bbox 1511 1378 1673 1436; x_wconf 84' lang='lat' dir='ltr'><strong>inveterata</strong></span> <span class='ocrx_word' id='word_1_166' title='bbox 1688 1378 1850 1456; x_wconf 75' lang='lat' dir='ltr'><strong>prolapsio.-</strong></span> 
     </span>
     <span class='ocr_line' id='line_1_13' title="bbox 117 1467 1850 1545; baseline -0.006 -12"><span class='ocrx_word' id='word_1_167' title='bbox 117 1472 343 1543; x_wconf 87' lang='lat' dir='ltr'><strong>mei,adDeum</strong></span> <span class='ocrx_word' id='word_1_168' title='bbox 359 1469 752 1545; x_wconf 79' lang='lat' dir='ltr'><strong>quitertideetJ‘uventutem</strong></span> <span class='ocrx_word' id='word_1_169' title='bbox 768 1487 906 1528; x_wconf 74' lang='lat' dir='ltr'><strong>meam.»</strong></span> <span class='ocrx_word' id='word_1_170' title='bbox 1011 1467 1059 1525; x_wconf 90' lang='lat' dir='ltr'><strong>nis</strong></span> <span class='ocrx_word' id='word_1_171' title='bbox 1087 1468 1229 1523; x_wconf 77' lang='lat' dir='ltr'><strong>humana</strong></span> <span class='ocrx_word' id='word_1_172' title='bbox 1271 1470 1422 1524; x_wconf 87' lang='lat' dir='ltr'><strong>senectute</strong></span> <span class='ocrx_word' id='word_1_173' title='bbox 1451 1470 1631 1525; x_wconf 84' lang='lat' dir='ltr'><strong>renovatam.</strong></span> <span class='ocrx_word' id='word_1_174' title='bbox 1661 1470 1850 1532; x_wconf 73' lang='lat' dir='ltr'><strong>Renovamnr</strong></span> 
     </span>
     <span class='ocr_line' id='line_1_14' title="bbox 152 1553 1851 1636; baseline -0.004 -17"><span class='ocrx_word' id='word_1_175' title='bbox 152 1563 198 1619; x_wconf 87' lang='grc'><strong>33.</strong></span> <span class='ocrx_word' id='word_1_176' title='bbox 213 1564 390 1618; x_wconf 73' lang='lat' dir='ltr'><strong>astruamus</strong></span> <span class='ocrx_word' id='word_1_177' title='bbox 405 1559 484 1615; x_wconf 91' lang='lat' dir='ltr'><strong>hunc</strong></span> <span class='ocrx_word' id='word_1_178' title='bbox 499 1557 609 1628; x_wconf 91' lang='lat' dir='ltr'><strong>locum,</strong></span> <span class='ocrx_word' id='word_1_179' title='bbox 626 1559 651 1615; x_wconf 92' lang='lat' dir='ltr'><strong>si</strong></span> <span class='ocrx_word' id='word_1_180' title='bbox 674 1575 846 1632; x_wconf 84' lang='lat' dir='ltr'><strong>possumus,</strong></span> <span class='ocrx_word' id='word_1_181' title='bbox 862 1558 950 1618; x_wconf 85' lang='lat' dir='ltr'><strong>etiem</strong></span> <span class='ocrx_word' id='word_1_182' title='bbox 1010 1556 1089 1636; x_wconf 88' lang='lat' dir='ltr'><strong>enim</strong></span> <span class='ocrx_word' id='word_1_183' title='bbox 1106 1572 1161 1629; x_wconf 87' lang='lat' dir='ltr'><strong>per</strong></span> <span class='ocrx_word' id='word_1_184' title='bbox 1177 1554 1286 1612; x_wconf 72' lang='lat' dir='ltr'><strong>lavacri</strong></span> <span class='ocrx_word' id='word_1_185' title='bbox 1302 1553 1574 1628; x_wconf 64' lang='lat' dir='ltr'><strong>regenerationem</strong></span> <span class='ocrx_word' id='word_1_186' title='bbox 1591 1573 1772 1615; x_wconf 78' lang='lat' dir='ltr'><strong>renovamur</strong></span> <span class='ocrx_word' id='word_1_187' title='bbox 1797 1579 1851 1636; x_wconf 73' lang='lat' dir='ltr'><strong>pon</strong></span> 
     </span>
     <span class='ocr_line' id='line_1_15' title="bbox 118 1642 1848 1724; baseline -0.001 -15"><span class='ocrx_word' id='word_1_188' title='bbox 118 1645 950 1724; x_wconf 79' lang='lat' dir='ltr'><strong>atteriuapropheteexempto,quemadmodumethc·</strong></span> <span class='ocrx_word' id='word_1_189' title='bbox 1010 1644 1142 1717; x_wconf 87' lang='lat' dir='ltr'><strong>Spiritus</strong></span> <span class='ocrx_word' id='word_1_190' title='bbox 1172 1645 1266 1701; x_wconf 88' lang='lat' dir='ltr'><strong>sancti</strong></span> <span class='ocrx_word' id='word_1_191' title='bbox 1297 1642 1497 1710; x_wconf 89' lang='lat' dir='ltr'><strong>ellusionrm;</strong></span> <span class='ocrx_word' id='word_1_192' title='bbox 1520 1645 1732 1710; x_wconf 77' lang='lat' dir='ltr'><strong>renovabimur</strong></span> <span class='ocrx_word' id='word_1_193' title='bbox 1758 1651 1848 1710; x_wconf 87' lang='lat' dir='ltr'><strong>etiam</strong></span> 
     </span>
     <span class='ocr_line' id='line_1_16' title="bbox 117 1729 1846 1813; baseline -0.001 -15"><span class='ocrx_word' id='word_1_194' title='bbox 117 1739 208 1798; x_wconf 87' lang='lat' dir='ltr'><strong>minis</strong></span> <span class='ocrx_word' id='word_1_195' title='bbox 221 1739 373 1796; x_wconf 80' lang='lat' dir='ltr'><strong>aversatos</strong></span> <span class='ocrx_word' id='word_1_196' title='bbox 386 1736 425 1792; x_wconf 90' lang='lat' dir='ltr'><strong>sit</strong></span> <span class='ocrx_word' id='word_1_197' title='bbox 453 1735 595 1794; x_wconf 87' lang='lat' dir='ltr'><strong>Dominus</strong></span> <span class='ocrx_word' id='word_1_198' title='bbox 623 1737 715 1812; x_wconf 88' lang='lat' dir='ltr'><strong>prius</strong></span> <span class='ocrx_word' id='word_1_199' title='bbox 742 1737 898 1807; x_wconf 89' lang='lat' dir='ltr'><strong>sacrittcia,</strong></span> <span class='ocrx_word' id='word_1_200' title='bbox 924 1740 953 1794; x_wconf 87' lang='lat' dir='ltr'><strong>at</strong></span> <span class='ocrx_word' id='word_1_201' title='bbox 1011 1751 1064 1807; x_wconf 91' lang='lat' dir='ltr'><strong>per</strong></span> <span class='ocrx_word' id='word_1_202' title='bbox 1078 1734 1339 1801; x_wconf 87' lang='lat' dir='ltr'><strong>resurrectionem,</strong></span> <span class='ocrx_word' id='word_1_203' title='bbox 1357 1730 1434 1785; x_wconf 89' lang='lat' dir='ltr'><strong>sicut</strong></span> <span class='ocrx_word' id='word_1_204' title='bbox 1450 1729 1477 1785; x_wconf 90' lang='lat' dir='ltr'><strong>in</strong></span> <span class='ocrx_word' id='word_1_205' title='bbox 1507 1734 1724 1803; x_wconf 80' lang='lat' dir='ltr'><strong>posterioribus</strong></span> <span class='ocrx_word' id='word_1_206' title='bbox 1754 1739 1846 1813; x_wconf 89' lang='lat' dir='ltr'><strong>dicit;</strong></span> 
     </span>
     <span class='ocr_line' id='line_1_17' title="bbox 117 1817 1848 1922; baseline -0.005 -33"><span class='ocrx_word' id='word_1_207' title='bbox 117 1833 221 1906; x_wconf 82' lang='lat' dir='ltr'><strong>postea</strong></span> <span class='ocrx_word' id='word_1_208' title='bbox 234 1826 273 1886; x_wconf 88' lang='lat' dir='ltr'><strong>sit</strong></span> <span class='ocrx_word' id='word_1_209' title='bbox 287 1825 383 1883; x_wconf 83' lang='lat' dir='ltr'><strong>eidem</strong></span> <span class='ocrx_word' id='word_1_210' title='bbox 398 1822 611 1884; x_wconf 78' lang='lat' dir='ltr'><strong>reconciliatus.</strong></span> <span class='ocrx_word' id='word_1_211' title='bbox 633 1827 795 1886; x_wconf 78' lang='lat' dir='ltr'><strong>Habemus</strong></span> <span class='ocrx_word' id='word_1_212' title='bbox 810 1825 840 1882; x_wconf 89' lang='lat' dir='ltr'><strong>in</strong></span> <span class='ocrx_word' id='word_1_213' title='bbox 870 1825 952 1883; x_wconf 80' lang='lat' dir='ltr'><strong>teate</strong></span> <span class='ocrx_word' id='word_1_214' title='bbox 969 1858 994 1922; x_wconf 79' lang='lat' dir='ltr'>B</span> <span class='ocrx_word' id='word_1_215' title='bbox 1011 1845 1025 1872; x_wconf 75' lang='lat' dir='ltr'><strong>r&lt;</strong></span> <span class='ocrx_word' id='word_1_216' title='bbox 1043 1821 1244 1879; x_wconf 82' lang='lat' dir='ltr'><strong>Danovabitur</strong></span> <span class='ocrx_word' id='word_1_217' title='bbox 1254 1822 1332 1878; x_wconf 89' lang='lat' dir='ltr'><strong>siout</strong></span> <span class='ocrx_word' id='word_1_218' title='bbox 1347 1817 1451 1892; x_wconf 81' lang='lat' dir='ltr'><strong>aquile</strong></span> <span class='ocrx_word' id='word_1_219' title='bbox 1463 1819 1604 1891; x_wconf 68' lang='lat' dir='ltr'><strong>juventus</strong></span> <span class='ocrx_word' id='word_1_220' title='bbox 1619 1825 1674 1882; x_wconf 88' lang='lat' dir='ltr'><strong>tua</strong></span> <span class='ocrx_word' id='word_1_221' title='bbox 1689 1823 1775 1896; x_wconf 80' lang='lat' dir='ltr'><strong>(Psoi.</strong></span> <span class='ocrx_word' id='word_1_222' title='bbox 1798 1847 1848 1900; x_wconf 83' lang='lat' dir='ltr'><strong>cn,</strong></span> 
     </span>
     <span class='ocr_line' id='line_1_18' title="bbox 117 1909 1849 1992; baseline -0.014 -15"><span class='ocrx_word' id='word_1_223' title='bbox 117 1911 652 1990; x_wconf 65' lang='lat' dir='ltr'><strong>tiuroaoraptaneieanteunnuo:</strong></span> <span class='ocrx_word' id='word_1_224' title='bbox 674 1913 954 1982; x_wconf 75' lang='lat' dir='ltr'><strong>«Quomihimul-</strong></span> <span class='ocrx_word' id='word_1_225' title='bbox 1012 1910 1053 1982; x_wconf 89' lang='grc'><strong>5).</strong></span> <span class='ocrx_word' id='word_1_226' title='bbox 1070 1933 1084 1959; x_wconf 82' lang='lat' dir='ltr'><strong>o</strong></span> <span class='ocrx_word' id='word_1_227' title='bbox 1101 1912 1255 1978; x_wconf 82' lang='lat' dir='ltr'><strong>Quomodo</strong></span> <span class='ocrx_word' id='word_1_228' title='bbox 1270 1923 1455 1976; x_wconf 87' lang='lat' dir='ltr'><strong>renovemur,</strong></span> <span class='ocrx_word' id='word_1_229' title='bbox 1469 1909 1561 1967; x_wconf 88' lang='lat' dir='ltr'><strong>audi:</strong></span> <span class='ocrx_word' id='word_1_230' title='bbox 1593 1934 1608 1962; x_wconf 75' lang='lat' dir='ltr'><strong>a</strong></span> <span class='ocrx_word' id='word_1_231' title='bbox 1639 1914 1849 1992; x_wconf 54' lang='lat' dir='ltr'><strong>Aspergffime</strong></span> 
     </span>
     <span class='ocr_line' id='line_1_19' title="bbox 116 1996 1848 2078; baseline -0.01 -12"><span class='ocrx_word' id='word_1_232' title='bbox 116 2007 274 2066; x_wconf 83' lang='lat' dir='ltr'><strong>titudinem</strong></span> <span class='ocrx_word' id='word_1_233' title='bbox 289 2002 498 2062; x_wconf 79' lang='lat' dir='ltr'><strong>merisseiorum</strong></span> <span class='ocrx_word' id='word_1_234' title='bbox 517 2005 687 2063; x_wconf 86' lang='lat' dir='ltr'><strong>vestrorum</strong></span> <span class='ocrx_word' id='word_1_235' title='bbox 704 2005 722 2062; x_wconf 78' lang='lat' dir='ltr'><strong>‘t</strong></span> <span class='ocrx_word' id='word_1_236' title='bbox 749 2004 824 2062; x_wconf 89' lang='lat' dir='ltr'><strong>dicit</strong></span> <span class='ocrx_word' id='word_1_237' title='bbox 852 2003 956 2062; x_wconf 92' lang='lat' dir='ltr'><strong>Domi·</strong></span> <span class='ocrx_word' id='word_1_238' title='bbox 1013 1998 1153 2074; x_wconf 78' lang='lat' dir='ltr'><strong>hyssopo,</strong></span> <span class='ocrx_word' id='word_1_239' title='bbox 1169 2004 1198 2058; x_wconf 91' lang='lat' dir='ltr'><strong>et</strong></span> <span class='ocrx_word' id='word_1_240' title='bbox 1215 1996 1384 2056; x_wconf 90' lang='lat' dir='ltr'><strong>mundabor</strong></span> <span class='ocrx_word' id='word_1_241' title='bbox 1399 2013 1406 2051; x_wconf 77' lang='grc' dir='ltr'>ι</span> <span class='ocrx_word' id='word_1_242' title='bbox 1423 1996 1635 2072; x_wconf 85' lang='lat' dir='ltr'><strong>lavabisme,et</strong></span> <span class='ocrx_word' id='word_1_243' title='bbox 1647 2017 1739 2078; x_wconf 69' lang='lat' dir='ltr'><strong>snper</strong></span> <span class='ocrx_word' id='word_1_244' title='bbox 1753 2005 1848 2065; x_wconf 65' lang='lat' dir='ltr'><strong>nivem</strong></span> 
     </span>
     <span class='ocr_line' id='line_1_20' title="bbox 118 2084 1847 2166; baseline -0.011 -9"><span class='ocrx_word' id='word_1_245' title='bbox 118 2116 185 2156; x_wconf 89' lang='lat' dir='ltr'><strong>nus.</strong></span> <span class='ocrx_word' id='word_1_246' title='bbox 201 2096 308 2154; x_wconf 87' lang='lat' dir='ltr'><strong>Plenus</strong></span> <span class='ocrx_word' id='word_1_247' title='bbox 324 2110 386 2150; x_wconf 81' lang='lat' dir='ltr'><strong>suro</strong></span> <span class='ocrx_word' id='word_1_248' title='bbox 401 2093 464 2166; x_wconf 87' lang='lat' dir='ltr'><strong>(tao.</strong></span> <span class='ocrx_word' id='word_1_249' title='bbox 482 2109 501 2164; x_wconf 94' lang='lat'><strong>1,</strong></span> <span class='ocrx_word' id='word_1_250' title='bbox 514 2091 559 2165; x_wconf 89' lang='lat' dir='ltr'><strong>ll)</strong></span> <span class='ocrx_word' id='word_1_251' title='bbox 576 2109 583 2148; x_wconf 77' lang='grc' dir='ltr'>ε</span> <span class='ocrx_word' id='word_1_252' title='bbox 600 2116 613 2143; x_wconf 81' lang='lat' dir='ltr'><strong>r</strong></span> <span class='ocrx_word' id='word_1_253' title='bbox 624 2093 656 2151; x_wconf 90' lang='lat' dir='ltr'><strong>id</strong></span> <span class='ocrx_word' id='word_1_254' title='bbox 677 2099 726 2152; x_wconf 88' lang='lat' dir='ltr'><strong>est</strong></span> <span class='ocrx_word' id='word_1_255' title='bbox 736 2095 859 2154; x_wconf 90' lang='lat' dir='ltr'><strong>abundo</strong></span> <span class='ocrx_word' id='word_1_256' title='bbox 870 2091 957 2150; x_wconf 84' lang='lat' dir='ltr'><strong>meis·</strong></span> <span class='ocrx_word' id='word_1_257' title='bbox 1014 2086 1175 2148; x_wconf 74' lang='lat' dir='ltr'><strong>dealbabor</strong></span> <span class='ocrx_word' id='word_1_258' title='bbox 1190 2087 1280 2162; x_wconf 80' lang='lat' dir='ltr'><strong>(Psoi.</strong></span> <span class='ocrx_word' id='word_1_259' title='bbox 1297 2103 1323 2152; x_wconf 81' lang='lat' dir='ltr'><strong>a,</strong></span> <span class='ocrx_word' id='word_1_260' title='bbox 1338 2084 1376 2153; x_wconf 86' lang='grc'><strong>9).</strong></span> <span class='ocrx_word' id='word_1_261' title='bbox 1393 2105 1407 2135; x_wconf 85' lang='lat' dir='ltr'><strong>o</strong></span> <span class='ocrx_word' id='word_1_262' title='bbox 1423 2085 1457 2141; x_wconf 85' lang='lat' dir='ltr'><strong>itt</strong></span> <span class='ocrx_word' id='word_1_263' title='bbox 1472 2085 1500 2142; x_wconf 91' lang='lat' dir='ltr'><strong>iu</strong></span> <span class='ocrx_word' id='word_1_264' title='bbox 1518 2087 1593 2146; x_wconf 84' lang='lat' dir='ltr'><strong>isaia</strong></span> <span class='ocrx_word' id='word_1_265' title='bbox 1607 2087 1650 2145; x_wconf 89' lang='lat' dir='ltr'><strong>ait</strong></span> <span class='ocrx_word' id='word_1_266' title='bbox 1667 2108 1674 2147; x_wconf 77' lang='grc' dir='ltr'>ι</span> <span class='ocrx_word' id='word_1_267' title='bbox 1695 2092 1751 2150; x_wconf 73' lang='lat' dir='ltr'><strong>«si</strong></span> <span class='ocrx_word' id='word_1_268' title='bbox 1783 2095 1847 2152; x_wconf 66' lang='lat' dir='ltr'><strong>sna.</strong></span> 
     </span>
     <span class='ocr_line' id='line_1_21' title="bbox 117 2173 1848 2258; baseline -0.01 -14"><span class='ocrx_word' id='word_1_269' title='bbox 117 2193 216 2246; x_wconf 87' lang='lat' dir='ltr'><strong>vestra</strong></span> <span class='ocrx_word' id='word_1_270' title='bbox 235 2185 294 2242; x_wconf 87' lang='lat' dir='ltr'><strong>nori</strong></span> <span class='ocrx_word' id='word_1_271' title='bbox 321 2199 419 2258; x_wconf 80' lang='lat' dir='ltr'><strong>quaro</strong></span> <span class='ocrx_word' id='word_1_272' title='bbox 449 2199 456 2238; x_wconf 91' lang='lat'>:</span> <span class='ocrx_word' id='word_1_273' title='bbox 485 2179 732 2242; x_wconf 75' lang='lat' dir='ltr'><strong>holocautomata</strong></span> <span class='ocrx_word' id='word_1_274' title='bbox 760 2183 903 2249; x_wconf 88' lang='lat' dir='ltr'><strong>arietum,</strong></span> <span class='ocrx_word' id='word_1_275' title='bbox 930 2186 960 2240; x_wconf 87' lang='lat' dir='ltr'><strong>et</strong></span> <span class='ocrx_word' id='word_1_276' title='bbox 1014 2176 1074 2230; x_wconf 90' lang='lat' dir='ltr'><strong>rint</strong></span> <span class='ocrx_word' id='word_1_277' title='bbox 1089 2182 1210 2250; x_wconf 87' lang='lat' dir='ltr'><strong>peccata</strong></span> <span class='ocrx_word' id='word_1_278' title='bbox 1224 2177 1323 2229; x_wconf 87' lang='lat' dir='ltr'><strong>vestra</strong></span> <span class='ocrx_word' id='word_1_279' title='bbox 1339 2178 1371 2230; x_wconf 90' lang='lat' dir='ltr'><strong>ut</strong></span> <span class='ocrx_word' id='word_1_280' title='bbox 1384 2173 1575 2248; x_wconf 78' lang='lat' dir='ltr'><strong>phoenicium,</strong></span> <span class='ocrx_word' id='word_1_281' title='bbox 1590 2181 1624 2234; x_wconf 88' lang='lat' dir='ltr'><strong>ut</strong></span> <span class='ocrx_word' id='word_1_282' title='bbox 1639 2179 1740 2239; x_wconf 86' lang='lat' dir='ltr'><strong>nivem</strong></span> <span class='ocrx_word' id='word_1_283' title='bbox 1768 2183 1848 2241; x_wconf 92' lang='lat' dir='ltr'><strong>deal.</strong></span> 
     </span>
     <span class='ocr_line' id='line_1_22' title="bbox 119 2260 1848 2352; baseline -0.01 -15"><span class='ocrx_word' id='word_1_284' title='bbox 119 2277 236 2352; x_wconf 84' lang='lat' dir='ltr'><strong>adipem</strong></span> <span class='ocrx_word' id='word_1_285' title='bbox 251 2288 393 2350; x_wconf 80' lang='lat' dir='ltr'><strong>agnorum</strong></span> <span class='ocrx_word' id='word_1_286' title='bbox 408 2274 437 2328; x_wconf 89' lang='lat' dir='ltr'><strong>et</strong></span> <span class='ocrx_word' id='word_1_287' title='bbox 451 2270 623 2349; x_wconf 83' lang='lat' dir='ltr'><strong>sauguinem</strong></span> <span class='ocrx_word' id='word_1_288' title='bbox 638 2275 802 2332; x_wconf 80' lang='lat' dir='ltr'><strong>taurorum</strong></span> <span class='ocrx_word' id='word_1_289' title='bbox 818 2279 848 2332; x_wconf 89' lang='lat' dir='ltr'><strong>et</strong></span> <span class='ocrx_word' id='word_1_290' title='bbox 862 2272 960 2329; x_wconf 88' lang='lat' dir='ltr'><strong>hirco·</strong></span> <span class='ocrx_word' id='word_1_291' title='bbox 1014 2264 1091 2322; x_wconf 92' lang='lat' dir='ltr'><strong>babo</strong></span> <span class='ocrx_word' id='word_1_292' title='bbox 1106 2267 1170 2338; x_wconf 80' lang='lat' dir='ltr'><strong>(tre.</strong></span> <span class='ocrx_word' id='word_1_293' title='bbox 1189 2283 1209 2334; x_wconf 89' lang='lat' dir='ltr'><strong>r,</strong></span> <span class='ocrx_word' id='word_1_294' title='bbox 1225 2261 1282 2334; x_wconf 82' lang='lat'>18).</span> <span class='ocrx_word' id='word_1_295' title='bbox 1297 2283 1311 2310; x_wconf 81' lang='lat' dir='ltr'><strong>o</strong></span> <span class='ocrx_word' id='word_1_296' title='bbox 1322 2260 1408 2321; x_wconf 82' lang='lat' dir='ltr'><strong>Recte</strong></span> <span class='ocrx_word' id='word_1_297' title='bbox 1422 2270 1586 2338; x_wconf 83' lang='lat' dir='ltr'><strong>renovatur,</strong></span> <span class='ocrx_word' id='word_1_298' title='bbox 1603 2270 1655 2342; x_wconf 92' lang='lat' dir='ltr'><strong>qui</strong></span> <span class='ocrx_word' id='word_1_299' title='bbox 1672 2263 1848 2331; x_wconf 72' lang='lat' dir='ltr'><strong>detanohria</strong></span> 
     </span>
     <span class='ocr_line' id='line_1_23' title="bbox 119 2347 1847 2438; baseline -0.005 -13"><span class='ocrx_word' id='word_1_300' title='bbox 119 2383 186 2425; x_wconf 90' lang='lat' dir='ltr'><strong>rum</strong></span> <span class='ocrx_word' id='word_1_301' title='bbox 203 2361 278 2434; x_wconf 91' lang='lat' dir='ltr'><strong>nolo,</strong></span> <span class='ocrx_word' id='word_1_302' title='bbox 296 2359 586 2422; x_wconf 86' lang='lat' dir='ltr'><strong>neosicvsniatisin</strong></span> <span class='ocrx_word' id='word_1_303' title='bbox 611 2367 810 2438; x_wconf 84' lang='lat' dir='ltr'><strong>conspectum</strong></span> <span class='ocrx_word' id='word_1_304' title='bbox 839 2377 957 2428; x_wconf 85' lang='lat' dir='ltr'><strong>meum.</strong></span> <span class='ocrx_word' id='word_1_305' title='bbox 1014 2359 1203 2426; x_wconf 87' lang='lat' dir='ltr'><strong>peecatorum</strong></span> <span class='ocrx_word' id='word_1_306' title='bbox 1221 2351 1252 2405; x_wconf 90' lang='lat' dir='ltr'><strong>iu</strong></span> <span class='ocrx_word' id='word_1_307' title='bbox 1277 2347 1372 2408; x_wconf 90' lang='lat' dir='ltr'><strong>lucem</strong></span> <span class='ocrx_word' id='word_1_308' title='bbox 1399 2353 1540 2412; x_wconf 87' lang='lat' dir='ltr'><strong>virtutum</strong></span> <span class='ocrx_word' id='word_1_309' title='bbox 1568 2350 1705 2417; x_wconf 83' lang='lat' dir='ltr'><strong>mutatur</strong></span> <span class='ocrx_word' id='word_1_310' title='bbox 1730 2364 1759 2419; x_wconf 92' lang='lat' dir='ltr'><strong>et</strong></span> <span class='ocrx_word' id='word_1_311' title='bbox 1781 2377 1847 2436; x_wconf 79' lang='lat' dir='ltr'><strong>gra-</strong></span> 
     </span>
     <span class='ocr_line' id='line_1_24' title="bbox 118 2438 1847 2530; baseline -0.014 -14"><span class='ocrx_word' id='word_1_312' title='bbox 118 2459 154 2516; x_wconf 80' lang='lat' dir='ltr'><strong>at</strong></span> <span class='ocrx_word' id='word_1_313' title='bbox 169 2453 271 2530; x_wconf 82' lang='lat' dir='ltr'><strong>ulique</strong></span> <span class='ocrx_word' id='word_1_314' title='bbox 284 2452 347 2510; x_wconf 87' lang='lat' dir='ltr'><strong>ietu</strong></span> <span class='ocrx_word' id='word_1_315' title='bbox 362 2465 500 2528; x_wconf 89' lang='lat' dir='ltr'><strong>pecorum</strong></span> <span class='ocrx_word' id='word_1_316' title='bbox 516 2445 662 2514; x_wconf 84' lang='lat' dir='ltr'><strong>obtulerat</strong></span> <span class='ocrx_word' id='word_1_317' title='bbox 677 2451 747 2508; x_wconf 83' lang='lat' dir='ltr'><strong>Abel</strong></span> <span class='ocrx_word' id='word_1_318' title='bbox 770 2449 957 2510; x_wconf 86' lang='lat' dir='ltr'><strong>sacrificium</strong></span> <span class='ocrx_word' id='word_1_319' title='bbox 1013 2443 1088 2502; x_wconf 91' lang='lat' dir='ltr'><strong>tiam</strong></span> <span class='ocrx_word' id='word_1_320' title='bbox 1106 2461 1113 2500; x_wconf 91' lang='lat'><strong>:</strong></span> <span class='ocrx_word' id='word_1_321' title='bbox 1130 2447 1164 2499; x_wconf 88' lang='lat' dir='ltr'><strong>ut</strong></span> <span class='ocrx_word' id='word_1_322' title='bbox 1177 2438 1229 2512; x_wconf 89' lang='lat' dir='ltr'><strong>qui</strong></span> <span class='ocrx_word' id='word_1_323' title='bbox 1244 2441 1321 2497; x_wconf 89' lang='lat' dir='ltr'><strong>tetra</strong></span> <span class='ocrx_word' id='word_1_324' title='bbox 1335 2443 1417 2515; x_wconf 88' lang='lat' dir='ltr'><strong>prius</strong></span> <span class='ocrx_word' id='word_1_325' title='bbox 1431 2443 1593 2503; x_wconf 85' lang='lat' dir='ltr'><strong>colluvione</strong></span> <span class='ocrx_word' id='word_1_326' title='bbox 1616 2451 1767 2522; x_wconf 88' lang='lat' dir='ltr'><strong>sordebat,</strong></span> <span class='ocrx_word' id='word_1_327' title='bbox 1796 2467 1847 2507; x_wconf 73' lang='lat' dir='ltr'><strong>nn.</strong></span> 
     </span>
     <span class='ocr_line' id='line_1_25' title="bbox 122 2524 1751 2620; baseline -0.008 -14"><span class='ocrx_word' id='word_1_328' title='bbox 122 2549 151 2606; x_wconf 91' lang='lat' dir='ltr'><strong>iu</strong></span> <span class='ocrx_word' id='word_1_329' title='bbox 167 2562 225 2620; x_wconf 90' lang='lat' dir='ltr'><strong>quo</strong></span> <span class='ocrx_word' id='word_1_330' title='bbox 240 2543 389 2618; x_wconf 88' lang='lat' dir='ltr'><strong>placuerat</strong></span> <span class='ocrx_word' id='word_1_331' title='bbox 403 2539 464 2598; x_wconf 93' lang='lat' dir='ltr'><strong>Duo</strong></span> <span class='ocrx_word' id='word_1_332' title='bbox 482 2555 488 2594; x_wconf 93' lang='lat'>:</span> <span class='ocrx_word' id='word_1_333' title='bbox 505 2537 556 2596; x_wconf 89' lang='lat' dir='ltr'><strong>scd</strong></span> <span class='ocrx_word' id='word_1_334' title='bbox 572 2541 675 2612; x_wconf 71' lang='lat' dir='ltr'><strong>typum</strong></span> <span class='ocrx_word' id='word_1_335' title='bbox 692 2557 751 2598; x_wconf 87' lang='lat' dir='ltr'><strong>uon</strong></span> <span class='ocrx_word' id='word_1_336' title='bbox 768 2542 955 2616; x_wconf 81' lang='lat' dir='ltr'><strong>requi-rebat,</strong></span> <span class='ocrx_word' id='word_1_337' title='bbox 1013 2548 1066 2605; x_wconf 87' lang='lat' dir='ltr'><strong>pra</strong></span> <span class='ocrx_word' id='word_1_338' title='bbox 1082 2532 1183 2589; x_wconf 86' lang='lat' dir='ltr'><strong>nivem</strong></span> <span class='ocrx_word' id='word_1_339' title='bbox 1200 2524 1309 2585; x_wconf 84' lang='lat' dir='ltr'><strong>albenti</strong></span> <span class='ocrx_word' id='word_1_340' title='bbox 1326 2531 1413 2590; x_wconf 90' lang='lat' dir='ltr'><strong>nimis</strong></span> <span class='ocrx_word' id='word_1_341' title='bbox 1428 2533 1538 2610; x_wconf 74' lang='lat' dir='ltr'><strong>fulgore</strong></span> <span class='ocrx_word' id='word_1_342' title='bbox 1553 2533 1751 2608; x_wconf 87' lang='lat' dir='ltr'><strong>resplendeat,</strong></span> 
     </span>
     <span class='ocr_line' id='line_1_26' title="bbox 121 2619 1516 2712; baseline -0.019 -15"><span class='ocrx_word' id='word_1_343' title='bbox 121 2637 171 2712; x_wconf 89' lang='lat' dir='ltr'><strong>qui</strong></span> <span class='ocrx_word' id='word_1_344' title='bbox 187 2631 374 2707; x_wconf 75' lang='lat' dir='ltr'><strong>exspectabat</strong></span> <span class='ocrx_word' id='word_1_345' title='bbox 388 2625 524 2686; x_wconf 73' lang='lat' dir='ltr'><strong>sacrificii</strong></span> <span class='ocrx_word' id='word_1_346' title='bbox 538 2619 701 2684; x_wconf 81' lang='lat' dir='ltr'><strong>ueritatem.</strong></span> <span class='ocrx_word' id='word_1_347' title='bbox 713 2627 956 2705; x_wconf 72' lang='lat' dir='ltr'><strong>Exspectabulur</strong></span> <span class='ocrx_word' id='word_1_348' title='bbox 1340 2649 1455 2708; x_wconf 61' lang='lat' dir='ltr'>CAPUT</span> <span class='ocrx_word' id='word_1_349' title='bbox 1483 2650 1516 2709; x_wconf 38' lang='lat' dir='ltr'><strong>x·</strong></span> 
     </span>
    </p>
   </div>
   <div class='ocr_carea' id='block_1_3' title="bbox 121 2715 1844 2960">
    <p class='ocr_par' dir='ltr' id='par_1_3' title="bbox 121 2715 1844 2960">
     <span class='ocr_line' id='line_1_27' title="bbox 121 2715 1844 2817; baseline -0.03 -32"><span class='ocrx_word' id='word_1_350' title='bbox 121 2727 199 2788; x_wconf 89' lang='lat' dir='ltr'><strong>euim</strong></span> <span class='ocrx_word' id='word_1_351' title='bbox 215 2722 314 2805; x_wconf 85' lang='lat' dir='ltr'><strong>passio</strong></span> <span class='ocrx_word' id='word_1_352' title='bbox 329 2717 445 2778; x_wconf 87' lang='lat' dir='ltr'><strong>Domini</strong></span> <span class='ocrx_word' id='word_1_353' title='bbox 462 2715 609 2817; x_wconf 75' lang='lat' dir='ltr'><strong>salutaris.</strong></span> <span class='ocrx_word' id='word_1_354' title='bbox 628 2738 642 2766; x_wconf 83' lang='lat' dir='ltr'><strong>a</strong></span> <span class='ocrx_word' id='word_1_355' title='bbox 653 2717 725 2782; x_wconf 76' lang='lat' dir='ltr'><strong>Qnts</strong></span> <span class='ocrx_word' id='word_1_356' title='bbox 740 2717 821 2776; x_wconf 70' lang='lat' dir='ltr'><strong>anim</strong></span> <span class='ocrx_word' id='word_1_357' title='bbox 839 2720 899 2778; x_wconf 62' lang='lat' dir='ltr'><strong>ista</strong></span> <span class='ocrx_word' id='word_1_358' title='bbox 910 2735 955 2776; x_wconf 64' lang='lat' dir='ltr'><strong>re.</strong></span> <span class='ocrx_word' id='word_1_359' title='bbox 1009 2740 1049 2798; x_wconf 61' lang='lat' dir='ltr'><strong>Ob</strong></span> <span class='ocrx_word' id='word_1_360' title='bbox 1062 2733 1217 2816; x_wconf 53' lang='lat' dir='ltr'><strong><em>sum-m</em></strong></span> <span class='ocrx_word' id='word_1_361' title='bbox 1232 2734 1362 2809; x_wconf 55' lang='lat' dir='ltr'><strong>mm</strong></span> <span class='ocrx_word' id='word_1_362' title='bbox 1372 2742 1518 2814; x_wconf 58' lang='lat' dir='ltr'><strong>ponimur</strong></span> <span class='ocrx_word' id='word_1_363' title='bbox 1531 2739 1621 2801; x_wconf 55' lang='lat' dir='ltr'><strong><em>David</em></strong></span> <span class='ocrx_word' id='word_1_364' title='bbox 1633 2741 1688 2800; x_wconf 57' lang='lat' dir='ltr'><strong>Deo</strong></span> <span class='ocrx_word' id='word_1_365' title='bbox 1699 2759 1728 2803; x_wconf 58' lang='lat' dir='ltr'><strong><em>w</em></strong></span> <span class='ocrx_word' id='word_1_366' title='bbox 1740 2745 1844 2815; x_wconf 58' lang='lat' dir='ltr'><strong>⁶⁰¹²!ss-</strong></span> 
     </span>
     <span class='ocr_line' id='line_1_28' title="bbox 122 2805 1842 2960; baseline -0.023 -85"><span class='ocrx_word' id='word_1_367' title='bbox 122 2814 243 2893; x_wconf 81' lang='lat' dir='ltr'><strong>quisivit</strong></span> <span class='ocrx_word' id='word_1_368' title='bbox 257 2813 292 2876; x_wconf 89' lang='lat' dir='ltr'><strong>de</strong></span> <span class='ocrx_word' id='word_1_369' title='bbox 307 2809 444 2871; x_wconf 88' lang='lat' dir='ltr'><strong>manibus</strong></span> <span class='ocrx_word' id='word_1_370' title='bbox 459 2809 561 2864; x_wconf 81' lang='lat' dir='ltr'><strong>vestris</strong></span> <span class='ocrx_word' id='word_1_371' title='bbox 572 2805 586 2861; x_wconf 81' lang='lat' dir='ltr'><strong>t</strong></span> <span class='ocrx_word' id='word_1_372' title='bbox 596 2805 713 2866; x_wconf 84' lang='lat' dir='ltr'><strong>Calcare</strong></span> <span class='ocrx_word' id='word_1_373' title='bbox 724 2810 835 2884; x_wconf 83' lang='lat' dir='ltr'><strong>reg-iam</strong></span> <span class='ocrx_word' id='word_1_374' title='bbox 850 2823 951 2867; x_wconf 90' lang='lat' dir='ltr'><strong>meam</strong></span> <span class='ocrx_word' id='word_1_375' title='bbox 1044 2824 1157 2869; x_wconf 69' lang='lat' dir='ltr'><strong>aarum</strong></span> <span class='ocrx_word' id='word_1_376' title='bbox 1171 2821 1198 2861; x_wconf 78' lang='grc' dir='ltr'><strong>ιη</strong></span> <span class='ocrx_word' id='word_1_377' title='bbox 1214 2808 1322 2870; x_wconf 63' lang='lat' dir='ltr'><strong>nonam</strong></span> <span class='ocrx_word' id='word_1_378' title='bbox 1336 2830 1345 2867; x_wconf 75' lang='grc'><em>;</em></span> <span class='ocrx_word' id='word_1_379' title='bbox 1352 2830 1413 2960; x_wconf 47' lang='grc' dir='ltr'><strong>ἅμα</strong></span> <span class='ocrx_word' id='word_1_380' title='bbox 1427 2813 1564 2871; x_wconf 55' lang='lat' dir='ltr'><strong>,cm-0„</strong></span> <span class='ocrx_word' id='word_1_381' title='bbox 1575 2827 1643 2939; x_wconf 53' lang='lat' dir='ltr'><em>W</em></span> <span class='ocrx_word' id='word_1_382' title='bbox 1656 2829 1720 2871; x_wconf 63' lang='lat' dir='ltr'><strong>cum</strong></span> <span class='ocrx_word' id='word_1_383' title='bbox 1733 2815 1842 2873; x_wconf 54' lang='lat' dir='ltr'><strong>cmm</strong></span> 
     </span>
    </p>
   </div>
   <div class='ocr_carea' id='block_1_4' title="bbox 124 2879 1926 5466">
    <p class='ocr_par' dir='ltr' id='par_1_4' title="bbox 124 2879 1926 5466">
     <span class='ocr_line' id='line_1_29' title="bbox 126 2879 1846 2980; baseline -0.023 -14"><span class='ocrx_word' id='word_1_384' title='bbox 126 2925 182 2966; x_wconf 93' lang='lat' dir='ltr'><strong>ncn</strong></span> <span class='ocrx_word' id='word_1_385' title='bbox 196 2901 350 2980; x_wconf 87' lang='lat' dir='ltr'><strong>apponetis</strong></span> <span class='ocrx_word' id='word_1_386' title='bbox 362 2897 440 2974; x_wconf 78' lang='lat' dir='ltr'><strong>(ibid.</strong></span> <span class='ocrx_word' id='word_1_387' title='bbox 459 2898 514 2968; x_wconf 83' lang='lat'>12).</span> <span class='ocrx_word' id='word_1_388' title='bbox 533 2918 543 2945; x_wconf 78' lang='lat' dir='ltr'><strong>r</strong></span> <span class='ocrx_word' id='word_1_389' title='bbox 561 2893 595 2952; x_wconf 82' lang='lat' dir='ltr'><strong>at</strong></span> <span class='ocrx_word' id='word_1_390' title='bbox 610 2894 696 2965; x_wconf 87' lang='lat' dir='ltr'><strong>intra,</strong></span> <span class='ocrx_word' id='word_1_391' title='bbox 712 2919 727 2948; x_wconf 76' lang='lat' dir='ltr'><strong>a</strong></span> <span class='ocrx_word' id='word_1_392' title='bbox 744 2897 818 2956; x_wconf 78' lang='lat' dir='ltr'><strong>cnm</strong></span> <span class='ocrx_word' id='word_1_393' title='bbox 844 2901 949 2956; x_wconf 68' lang='lat' dir='ltr'><strong>exten.</strong></span> <span class='ocrx_word' id='word_1_394' title='bbox 1042 2879 1168 2957; x_wconf 82' lang='lat' dir='ltr'><strong>corpori</strong></span> <span class='ocrx_word' id='word_1_395' title='bbox 1180 2883 1273 2968; x_wconf 65' lang='lat' dir='ltr'><strong>nostro</strong></span> <span class='ocrx_word' id='word_1_396' title='bbox 1287 2887 1351 2942; x_wconf 85' lang='lat' dir='ltr'><strong>site</strong></span> <span class='ocrx_word' id='word_1_397' title='bbox 1385 2886 1467 2957; x_wconf 80' lang='lat' dir='ltr'><strong>acar,</strong></span> <span class='ocrx_word' id='word_1_398' title='bbox 1483 2892 1508 2940; x_wconf 87' lang='lat' dir='ltr'><strong>et</strong></span> <span class='ocrx_word' id='word_1_399' title='bbox 1520 2900 1572 2958; x_wconf 76' lang='lat' dir='ltr'><strong>pue</strong></span> <span class='ocrx_word' id='word_1_400' title='bbox 1586 2883 1612 2940; x_wconf 82' lang='lat' dir='ltr'><strong>is</strong></span> <span class='ocrx_word' id='word_1_401' title='bbox 1628 2885 1792 2947; x_wconf 79' lang='lat' dir='ltr'><strong>ittartsoeas</strong></span> <span class='ocrx_word' id='word_1_402' title='bbox 1802 2885 1846 2942; x_wconf 61' lang='grc' dir='ltr'><em>(ιθ.</em></span> 
     </span>
     <span class='ocr_line' id='line_1_30' title="bbox 124 2954 1308 3058; baseline -0.027 -2"><span class='ocrx_word' id='word_1_403' title='bbox 124 2995 226 3058; x_wconf 81' lang='lat' dir='ltr'><strong>desitis</strong></span> <span class='ocrx_word' id='word_1_404' title='bbox 240 3009 346 3054; x_wconf 86' lang='lat' dir='ltr'><strong>manus</strong></span> <span class='ocrx_word' id='word_1_405' title='bbox 361 2990 394 3046; x_wconf 90' lang='lat' dir='ltr'><strong>ad</strong></span> <span class='ocrx_word' id='word_1_406' title='bbox 413 3005 469 3054; x_wconf 89' lang='lat' dir='ltr'><strong>me,</strong></span> <span class='ocrx_word' id='word_1_407' title='bbox 485 2989 612 3044; x_wconf 57' lang='lat' dir='ltr'><strong>aaronem</strong></span> <span class='ocrx_word' id='word_1_408' title='bbox 627 2983 731 3042; x_wconf 88' lang='lat' dir='ltr'><strong>taciem</strong></span> <span class='ocrx_word' id='word_1_409' title='bbox 753 3005 850 3048; x_wconf 83' lang='lat' dir='ltr'><strong>meam</strong></span> <span class='ocrx_word' id='word_1_410' title='bbox 866 3006 884 3046; x_wconf 88' lang='lat' dir='ltr'><strong>a</strong></span> <span class='ocrx_word' id='word_1_411' title='bbox 898 3004 948 3046; x_wconf 84' lang='lat' dir='ltr'><strong>vc·</strong></span> <span class='ocrx_word' id='word_1_412' title='bbox 1040 2963 1121 3025; x_wconf 64' lang='lat' dir='ltr'><strong>‘mir</strong></span> <span class='ocrx_word' id='word_1_413' title='bbox 1140 2954 1308 3027; x_wconf 55' lang='lat' dir='ltr'><strong>militatur·</strong></span> 
     </span>
     <span class='ocr_line' id='line_1_31' title="bbox 125 3069 1843 3148; baseline -0.017 13"><span class='ocrx_word' id='word_1_414' title='bbox 125 3089 205 3148; x_wconf 79' lang='lat' dir='ltr'><strong>aa...</strong></span> <span class='ocrx_word' id='word_1_415' title='bbox 221 3083 277 3141; x_wconf 74' lang='lat' dir='ltr'><strong>Sed</strong></span> <span class='ocrx_word' id='word_1_416' title='bbox 293 3077 441 3145; x_wconf 69' lang='lat' dir='ltr'><strong>lavamini·</strong></span> <span class='ocrx_word' id='word_1_417' title='bbox 456 3071 558 3134; x_wconf 77' lang='lat' dir='ltr'><strong>manu</strong></span> <span class='ocrx_word' id='word_1_418' title='bbox 573 3075 951 3142; x_wconf 69' lang='lat' dir='ltr'><strong>tatotoouserumouiam</strong></span> <span class='ocrx_word' id='word_1_419' title='bbox 1042 3069 1093 3128; x_wconf 69' lang='lat' dir='ltr'><strong>to.</strong></span> <span class='ocrx_word' id='word_1_420' title='bbox 1113 3098 1130 3123; x_wconf 84' lang='lat'>«</span> <span class='ocrx_word' id='word_1_421' title='bbox 1150 3075 1317 3136; x_wconf 76' lang='lat' dir='ltr'><strong>Cunctator</strong></span> <span class='ocrx_word' id='word_1_422' title='bbox 1330 3076 1381 3134; x_wconf 81' lang='lat' dir='ltr'><strong>uu</strong></span> <span class='ocrx_word' id='word_1_423' title='bbox 1397 3074 1428 3133; x_wconf 86' lang='lat' dir='ltr'><strong>in</strong></span> <span class='ocrx_word' id='word_1_424' title='bbox 1443 3072 1565 3141; x_wconf 73' lang='lat' dir='ltr'><strong>arcaea,</strong></span> <span class='ocrx_word' id='word_1_425' title='bbox 1577 3071 1843 3148; x_wconf 57' lang='lat' dir='ltr'><strong>consueuerat</strong></span> 
     </span>
     <span class='ocr_line' id='line_1_32' title="bbox 127 3161 1845 3238; baseline -0.026 -3"><span class='ocrx_word' id='word_1_426' title='bbox 127 3177 163 3234; x_wconf 92' lang='lat' dir='ltr'><strong>ab</strong></span> <span class='ocrx_word' id='word_1_427' title='bbox 179 3173 287 3234; x_wconf 90' lang='lat' dir='ltr'><strong>animis</strong></span> <span class='ocrx_word' id='word_1_428' title='bbox 305 3167 419 3228; x_wconf 86' lang='lat' dir='ltr'><strong>vestris.</strong></span> <span class='ocrx_word' id='word_1_429' title='bbox 435 3165 569 3224; x_wconf 81' lang='lat' dir='ltr'><strong>iudicate</strong></span> <span class='ocrx_word' id='word_1_430' title='bbox 597 3161 720 3236; x_wconf 88' lang='lat' dir='ltr'><strong>pupille,</strong></span> <span class='ocrx_word' id='word_1_431' title='bbox 736 3169 769 3222; x_wconf 90' lang='lat' dir='ltr'><strong>et</strong></span> <span class='ocrx_word' id='word_1_432' title='bbox 790 3165 954 3238; x_wconf 74' lang='lat' dir='ltr'><strong>justificato</strong></span> <span class='ocrx_word' id='word_1_433' title='bbox 1009 3176 1083 3227; x_wconf 67' lang='grc' dir='ltr'>χιιι,</span> <span class='ocrx_word' id='word_1_434' title='bbox 1099 3163 1144 3237; x_wconf 72' lang='lat' dir='ltr'><strong>a),</strong></span> <span class='ocrx_word' id='word_1_435' title='bbox 1163 3178 1178 3213; x_wconf 65' lang='lat' dir='ltr'><strong>‚a</strong></span> <span class='ocrx_word' id='word_1_436' title='bbox 1193 3163 1440 3226; x_wconf 56' lang='lat' dir='ltr'><strong>flabepcphmm</strong></span> <span class='ocrx_word' id='word_1_437' title='bbox 1456 3179 1539 3222; x_wconf 64' lang='lat' dir='ltr'><strong>mm</strong></span> <span class='ocrx_word' id='word_1_438' title='bbox 1554 3163 1654 3223; x_wconf 54' lang='lat' dir='ltr'><strong>,nima</strong></span> <span class='ocrx_word' id='word_1_439' title='bbox 1669 3163 1845 3222; x_wconf 32' lang='lat' dir='ltr'><strong>nostra-Ne,</strong></span> 
     </span>
     <span class='ocr_line' id='line_1_33' title="bbox 126 3229 1926 3332; baseline -0.008 -10"><span class='ocrx_word' id='word_1_440' title='bbox 126 3265 257 3332; x_wconf 84' lang='lat' dir='ltr'><strong>viduam,</strong></span> <span class='ocrx_word' id='word_1_441' title='bbox 272 3263 301 3320; x_wconf 88' lang='lat' dir='ltr'><strong>et</strong></span> <span class='ocrx_word' id='word_1_442' title='bbox 313 3258 418 3326; x_wconf 79' lang='lat' dir='ltr'><strong>venite,</strong></span> <span class='ocrx_word' id='word_1_443' title='bbox 436 3249 858 3330; x_wconf 87' lang='lat' dir='ltr'><strong>disputemus,dicitDominus</strong></span> <span class='ocrx_word' id='word_1_444' title='bbox 873 3254 955 3328; x_wconf 73' lang='lat' dir='ltr'><strong>(toto,</strong></span> <span class='ocrx_word' id='word_1_445' title='bbox 971 3229 993 3298; x_wconf 75' lang='lat' dir='ltr'><strong>G</strong></span> <span class='ocrx_word' id='word_1_446' title='bbox 1013 3265 1071 3322; x_wconf 89' lang='lat' dir='ltr'><strong>que</strong></span> <span class='ocrx_word' id='word_1_447' title='bbox 1082 3252 1167 3308; x_wconf 86' lang='lat' dir='ltr'><strong>enim</strong></span> <span class='ocrx_word' id='word_1_448' title='bbox 1182 3253 1429 3319; x_wconf 77' lang='lat' dir='ltr'><strong>dicerotPnntns:</strong></span> <span class='ocrx_word' id='word_1_449' title='bbox 1447 3277 1461 3306; x_wconf 83' lang='lat' dir='ltr'><strong>a</strong></span> <span class='ocrx_word' id='word_1_450' title='bbox 1477 3252 1571 3310; x_wconf 84' lang='lat' dir='ltr'><strong>orabo</strong></span> <span class='ocrx_word' id='word_1_451' title='bbox 1585 3254 1702 3326; x_wconf 88' lang='lat' dir='ltr'><strong>spiritu,</strong></span> <span class='ocrx_word' id='word_1_452' title='bbox 1718 3253 1806 3311; x_wconf 88' lang='lat' dir='ltr'><strong>orabo</strong></span> <span class='ocrx_word' id='word_1_453' title='bbox 1818 3257 1849 3310; x_wconf 87' lang='lat' dir='ltr'><strong>et</strong></span> <span class='ocrx_word' id='word_1_454' title='bbox 1923 3310 1926 3315; x_wconf 71' lang='grc'><strong>,</strong></span> 
     </span>
     <span class='ocr_line' id='line_1_34' title="bbox 130 3341 1844 3424; baseline -0.016 3"><span class='ocrx_word' id='word_1_455' title='bbox 130 3355 239 3424; x_wconf 55' lang='grc'><strong>1548)</strong></span> <span class='ocrx_word' id='word_1_456' title='bbox 256 3349 383 3408; x_wconf 58' lang='lat' dir='ltr'><strong>”clim</strong></span> <span class='ocrx_word' id='word_1_457' title='bbox 403 3341 587 3420; x_wconf 82' lang='lat' dir='ltr'><strong>igiturquod</strong></span> <span class='ocrx_word' id='word_1_458' title='bbox 615 3344 643 3398; x_wconf 63' lang='lat' dir='ltr'><strong>ei</strong></span> <span class='ocrx_word' id='word_1_459' title='bbox 672 3345 741 3406; x_wconf 68' lang='lat' dir='ltr'><strong>anio</strong></span> <span class='ocrx_word' id='word_1_460' title='bbox 770 3360 890 3402; x_wconf 79' lang='lat' dir='ltr'><strong>eversus</strong></span> <span class='ocrx_word' id='word_1_461' title='bbox 919 3344 961 3401; x_wconf 87' lang='lat' dir='ltr'><strong>sit</strong></span> <span class='ocrx_word' id='word_1_462' title='bbox 1015 3345 1116 3397; x_wconf 88' lang='lat' dir='ltr'><strong>ments</strong></span> <span class='ocrx_word' id='word_1_463' title='bbox 1135 3359 1141 3397; x_wconf 93' lang='lat'>:</span> <span class='ocrx_word' id='word_1_464' title='bbox 1160 3344 1286 3414; x_wconf 89' lang='lat' dir='ltr'><strong>psallam</strong></span> <span class='ocrx_word' id='word_1_465' title='bbox 1303 3349 1421 3422; x_wconf 86' lang='lat' dir='ltr'><strong>spiritu,</strong></span> <span class='ocrx_word' id='word_1_466' title='bbox 1438 3343 1560 3418; x_wconf 88' lang='lat' dir='ltr'><strong>psallam</strong></span> <span class='ocrx_word' id='word_1_467' title='bbox 1577 3345 1758 3418; x_wconf 85' lang='lat' dir='ltr'><strong>etmente(t</strong></span> <span class='ocrx_word' id='word_1_468' title='bbox 1784 3342 1844 3401; x_wconf 86' lang='lat' dir='ltr'><strong>Cor.</strong></span> 
     </span>
     <span class='ocr_line' id='line_1_35' title="bbox 129 3429 1848 3506; baseline -0.006 -4"><span class='ocrx_word' id='word_1_469' title='bbox 129 3443 276 3504; x_wconf 88' lang='lat' dir='ltr'><strong>Dominus</strong></span> <span class='ocrx_word' id='word_1_470' title='bbox 290 3457 307 3496; x_wconf 92' lang='lat' dir='ltr'><strong>a</strong></span> <span class='ocrx_word' id='word_1_471' title='bbox 319 3434 470 3496; x_wconf 86' lang='lat' dir='ltr'><strong>sacrificiis</strong></span> <span class='ocrx_word' id='word_1_472' title='bbox 484 3429 657 3498; x_wconf 87' lang='lat' dir='ltr'><strong>hominis‚et</strong></span> <span class='ocrx_word' id='word_1_473' title='bbox 671 3433 776 3502; x_wconf 86' lang='lat' dir='ltr'><strong>postea</strong></span> <span class='ocrx_word' id='word_1_474' title='bbox 787 3431 960 3492; x_wconf 88' lang='lat' dir='ltr'><strong>reconcilia·</strong></span> <span class='ocrx_word' id='word_1_475' title='bbox 1016 3443 1076 3493; x_wconf 78' lang='lat' dir='ltr'><strong>xcv,</strong></span> <span class='ocrx_word' id='word_1_476' title='bbox 1093 3429 1149 3500; x_wconf 75' lang='lat'><strong>15),</strong></span> <span class='ocrx_word' id='word_1_477' title='bbox 1167 3453 1179 3481; x_wconf 69' lang='grc' dir='ltr'><strong><em>ι</em></strong></span> <span class='ocrx_word' id='word_1_478' title='bbox 1197 3433 1255 3490; x_wconf 75' lang='lat' dir='ltr'><strong>nist</strong></span> <span class='ocrx_word' id='word_1_479' title='bbox 1271 3437 1393 3494; x_wconf 67' lang='lat' dir='ltr'><strong>haberat</strong></span> <span class='ocrx_word' id='word_1_480' title='bbox 1406 3434 1556 3502; x_wconf 83' lang='lat' dir='ltr'><strong>citharam,</strong></span> <span class='ocrx_word' id='word_1_481' title='bbox 1574 3449 1637 3505; x_wconf 82' lang='lat' dir='ltr'><strong>qua</strong></span> <span class='ocrx_word' id='word_1_482' title='bbox 1653 3433 1763 3506; x_wconf 87' lang='lat' dir='ltr'><strong>plectro</strong></span> <span class='ocrx_word' id='word_1_483' title='bbox 1781 3449 1848 3491; x_wconf 85' lang='lat' dir='ltr'><strong>san·</strong></span> 
     </span>
     <span class='ocr_line' id='line_1_36' title="bbox 130 3507 1847 3604; baseline -0.019 -12"><span class='ocrx_word' id='word_1_484' title='bbox 130 3541 191 3604; x_wconf 89' lang='lat' dir='ltr'><strong>tus,</strong></span> <span class='ocrx_word' id='word_1_485' title='bbox 207 3535 240 3588; x_wconf 93' lang='lat' dir='ltr'><strong>ut</strong></span> <span class='ocrx_word' id='word_1_486' title='bbox 255 3528 398 3604; x_wconf 86' lang='lat' dir='ltr'><strong>respicere</strong></span> <span class='ocrx_word' id='word_1_487' title='bbox 414 3525 444 3584; x_wconf 88' lang='lat' dir='ltr'><strong>ie</strong></span> <span class='ocrx_word' id='word_1_488' title='bbox 459 3527 562 3580; x_wconf 88' lang='lat' dir='ltr'><strong>nostra</strong></span> <span class='ocrx_word' id='word_1_489' title='bbox 576 3517 721 3604; x_wconf 85' lang='lat' dir='ltr'><strong>sacrificia</strong></span> <span class='ocrx_word' id='word_1_490' title='bbox 734 3519 917 3593; x_wconf 78' lang='lat' dir='ltr'><strong>dignaretur.</strong></span> <span class='ocrx_word' id='word_1_491' title='bbox 1018 3514 1058 3571; x_wconf 90' lang='lat' dir='ltr'><strong>cti</strong></span> <span class='ocrx_word' id='word_1_492' title='bbox 1076 3515 1209 3588; x_wconf 85' lang='lat' dir='ltr'><strong>Spiritus</strong></span> <span class='ocrx_word' id='word_1_493' title='bbox 1240 3525 1405 3582; x_wconf 62' lang='lat' dir='ltr'><strong>resultaret,</strong></span> <span class='ocrx_word' id='word_1_494' title='bbox 1436 3521 1554 3577; x_wconf 67' lang='lat' dir='ltr'><strong>cithara</strong></span> <span class='ocrx_word' id='word_1_495' title='bbox 1580 3528 1625 3578; x_wconf 65' lang='lat' dir='ltr'><strong>est</strong></span> <span class='ocrx_word' id='word_1_496' title='bbox 1651 3507 1847 3580; x_wconf 61' lang='lat' dir='ltr'><strong>caro&#39;nogtm</strong></span> 
     </span>
     <span class='ocr_line' id='line_1_37' title="bbox 166 3605 1844 3690; baseline -0.008 -10"><span class='ocrx_word' id='word_1_497' title='bbox 166 3623 212 3680; x_wconf 76' lang='grc'><strong>34.</strong></span> <span class='ocrx_word' id='word_1_498' title='bbox 230 3620 298 3678; x_wconf 90' lang='lat' dir='ltr'><strong>tdee</strong></span> <span class='ocrx_word' id='word_1_499' title='bbox 312 3631 380 3690; x_wconf 79' lang='lat' dir='ltr'><strong>erge</strong></span> <span class='ocrx_word' id='word_1_500' title='bbox 397 3629 519 3672; x_wconf 87' lang='lat' dir='ltr'><strong>securus</strong></span> <span class='ocrx_word' id='word_1_501' title='bbox 534 3610 635 3676; x_wconf 71' lang='lat' dir='ltr'><strong>inlust,</strong></span> <span class='ocrx_word' id='word_1_502' title='bbox 652 3605 701 3681; x_wconf 84' lang='lat' dir='ltr'><strong>qui</strong></span> <span class='ocrx_word' id='word_1_503' title='bbox 719 3607 755 3664; x_wconf 92' lang='lat' dir='ltr'><strong>ad</strong></span> <span class='ocrx_word' id='word_1_504' title='bbox 772 3607 890 3665; x_wconf 88' lang='lat' dir='ltr'><strong>Domini</strong></span> <span class='ocrx_word' id='word_1_505' title='bbox 918 3607 963 3666; x_wconf 92' lang='lat' dir='ltr'><strong>in·</strong></span> <span class='ocrx_word' id='word_1_506' title='bbox 1019 3605 1140 3675; x_wconf 89' lang='lat' dir='ltr'><strong>quaudo</strong></span> <span class='ocrx_word' id='word_1_507' title='bbox 1155 3616 1276 3678; x_wconf 89' lang='lat' dir='ltr'><strong>peceato</strong></span> <span class='ocrx_word' id='word_1_508' title='bbox 1292 3612 1425 3679; x_wconf 89' lang='lat' dir='ltr'><strong>moritur,</strong></span> <span class='ocrx_word' id='word_1_509' title='bbox 1443 3614 1475 3665; x_wconf 90' lang='lat' dir='ltr'><strong>ut</strong></span> <span class='ocrx_word' id='word_1_510' title='bbox 1488 3608 1546 3665; x_wconf 91' lang='lat' dir='ltr'><strong>Deo</strong></span> <span class='ocrx_word' id='word_1_511' title='bbox 1561 3611 1657 3668; x_wconf 74' lang='lat' dir='ltr'><strong>ucat:</strong></span> <span class='ocrx_word' id='word_1_512' title='bbox 1675 3611 1774 3668; x_wconf 85' lang='lat' dir='ltr'><strong>cibare</strong></span> <span class='ocrx_word' id='word_1_513' title='bbox 1789 3615 1844 3682; x_wconf 87' lang='lat' dir='ltr'><strong>est,</strong></span> 
     </span>
     <span class='ocr_line' id='line_1_38' title="bbox 133 3692 1847 3788; baseline -0.008 -18"><span class='ocrx_word' id='word_1_514' title='bbox 133 3712 267 3788; x_wconf 79' lang='lat' dir='ltr'><strong>graditur</strong></span> <span class='ocrx_word' id='word_1_515' title='bbox 279 3703 523 3766; x_wconf 84' lang='lat' dir='ltr'><strong>misericordiam.</strong></span> <span class='ocrx_word' id='word_1_516' title='bbox 540 3695 672 3770; x_wconf 85' lang='lat' dir='ltr'><strong>Denique</strong></span> <span class='ocrx_word' id='word_1_517' title='bbox 688 3695 765 3754; x_wconf 89' lang='lat' dir='ltr'><strong>bono</strong></span> <span class='ocrx_word' id='word_1_518' title='bbox 783 3713 866 3754; x_wconf 87' lang='lat' dir='ltr'><strong>servo</strong></span> <span class='ocrx_word' id='word_1_519' title='bbox 890 3697 963 3756; x_wconf 92' lang='lat' dir='ltr'><strong>dici·</strong></span> <span class='ocrx_word' id='word_1_520' title='bbox 1020 3692 1140 3766; x_wconf 88' lang='lat' dir='ltr'><strong>quande</strong></span> <span class='ocrx_word' id='word_1_521' title='bbox 1156 3697 1358 3768; x_wconf 84' lang='lat' dir='ltr'><strong>septilormem</strong></span> <span class='ocrx_word' id='word_1_522' title='bbox 1368 3698 1472 3770; x_wconf 88' lang='lat' dir='ltr'><strong>accipit</strong></span> <span class='ocrx_word' id='word_1_523' title='bbox 1485 3697 1624 3770; x_wconf 86' lang='lat' dir='ltr'><strong>Spiritum</strong></span> <span class='ocrx_word' id='word_1_524' title='bbox 1641 3699 1671 3756; x_wconf 90' lang='lat' dir='ltr'><strong>in</strong></span> <span class='ocrx_word' id='word_1_525' title='bbox 1686 3700 1847 3773; x_wconf 89' lang='lat' dir='ltr'><strong>baptisma·</strong></span> 
     </span>
     <span class='ocr_line' id='line_1_39' title="bbox 133 3781 1846 3868; baseline -0.017 -9"><span class='ocrx_word' id='word_1_526' title='bbox 133 3809 239 3859; x_wconf 79' lang='lat' dir='ltr'><strong>lanz«</strong></span> <span class='ocrx_word' id='word_1_527' title='bbox 256 3795 376 3854; x_wconf 86' lang='lat' dir='ltr'><strong>latratu</strong></span> <span class='ocrx_word' id='word_1_528' title='bbox 393 3792 535 3868; x_wconf 80' lang='lat' dir='ltr'><strong>gaudium</strong></span> <span class='ocrx_word' id='word_1_529' title='bbox 559 3784 676 3848; x_wconf 87' lang='lat' dir='ltr'><strong>Domini</strong></span> <span class='ocrx_word' id='word_1_530' title='bbox 691 3785 735 3845; x_wconf 91' lang='lat' dir='ltr'><strong>tui</strong></span> <span class='ocrx_word' id='word_1_531' title='bbox 764 3785 867 3860; x_wconf 78' lang='lat' dir='ltr'><strong>(ttattta.</strong></span> <span class='ocrx_word' id='word_1_532' title='bbox 898 3804 964 3855; x_wconf 82' lang='lat' dir='ltr'><strong>xxv,</strong></span> <span class='ocrx_word' id='word_1_533' title='bbox 1020 3781 1273 3843; x_wconf 86' lang='lat' dir='ltr'><strong>tissacrameuto.</strong></span> <span class='ocrx_word' id='word_1_534' title='bbox 1290 3785 1756 3856; x_wconf 78' lang='lat' dir='ltr'><strong>Testudoenimdumvivit,tntn</strong></span> <span class='ocrx_word' id='word_1_535' title='bbox 1772 3804 1846 3844; x_wconf 60' lang='lat' dir='ltr'><strong>mer.</strong></span> 
     </span>
     <span class='ocr_line' id='line_1_40' title="bbox 133 3870 1845 3966; baseline -0.012 -20"><span class='ocrx_word' id='word_1_536' title='bbox 133 3891 193 3966; x_wconf 78' lang='lat'><strong>21),</strong></span> <span class='ocrx_word' id='word_1_537' title='bbox 211 3913 225 3940; x_wconf 75' lang='lat' dir='ltr'><strong>a</strong></span> <span class='ocrx_word' id='word_1_538' title='bbox 246 3888 382 3946; x_wconf 76' lang='lat' dir='ltr'><strong>Deserto</strong></span> <span class='ocrx_word' id='word_1_539' title='bbox 397 3885 496 3941; x_wconf 88' lang='lat' dir='ltr'><strong>autem</strong></span> <span class='ocrx_word' id='word_1_540' title='bbox 512 3892 641 3950; x_wconf 87' lang='lat' dir='ltr'><strong>nequam</strong></span> <span class='ocrx_word' id='word_1_541' title='bbox 667 3873 775 3934; x_wconf 88' lang='lat' dir='ltr'><strong>dieitur</strong></span> <span class='ocrx_word' id='word_1_542' title='bbox 791 3891 798 3932; x_wconf 75' lang='grc' dir='ltr'><strong>ε</strong></span> <span class='ocrx_word' id='word_1_543' title='bbox 816 3898 830 3927; x_wconf 83' lang='lat' dir='ltr'><strong>a</strong></span> <span class='ocrx_word' id='word_1_544' title='bbox 859 3875 965 3936; x_wconf 75' lang='lat' dir='ltr'><strong>Tollite</strong></span> <span class='ocrx_word' id='word_1_545' title='bbox 1020 3871 1099 3944; x_wconf 80' lang='lat' dir='ltr'><strong>gitur</strong></span> <span class='ocrx_word' id='word_1_546' title='bbox 1115 3888 1122 3926; x_wconf 91' lang='lat'>:</span> <span class='ocrx_word' id='word_1_547' title='bbox 1138 3870 1188 3927; x_wconf 90' lang='lat' dir='ltr'><strong>ubi</strong></span> <span class='ocrx_word' id='word_1_548' title='bbox 1204 3881 1322 3933; x_wconf 76' lang='lat' dir='ltr'><strong>memus</strong></span> <span class='ocrx_word' id='word_1_549' title='bbox 1337 3875 1434 3945; x_wconf 87' lang='lat' dir='ltr'><strong>luerit,</strong></span> <span class='ocrx_word' id='word_1_550' title='bbox 1450 3880 1565 3950; x_wconf 83' lang='lat' dir='ltr'><strong>tegmen</strong></span> <span class='ocrx_word' id='word_1_551' title='bbox 1580 3877 1644 3949; x_wconf 78' lang='lat' dir='ltr'><strong>ejas</strong></span> <span class='ocrx_word' id='word_1_552' title='bbox 1669 3880 1787 3948; x_wconf 86' lang='lat' dir='ltr'><strong>aptatur</strong></span> <span class='ocrx_word' id='word_1_553' title='bbox 1815 3877 1845 3933; x_wconf 83' lang='lat' dir='ltr'><strong>in</strong></span> 
     </span>
     <span class='ocr_line' id='line_1_41' title="bbox 136 3962 1846 4048; baseline -0.011 -11"><span class='ocrx_word' id='word_1_554' title='bbox 136 3980 224 4048; x_wconf 87' lang='lat' dir='ltr'><strong>ittam</strong></span> <span class='ocrx_word' id='word_1_555' title='bbox 240 3973 416 4034; x_wconf 85' lang='lat' dir='ltr'><strong>tetenebrae</strong></span> <span class='ocrx_word' id='word_1_556' title='bbox 431 3967 588 4028; x_wconf 69' lang='lat' dir='ltr'><strong>exteriores</strong></span> <span class='ocrx_word' id='word_1_557' title='bbox 604 3964 682 4036; x_wconf 82' lang='lat' dir='ltr'><strong>(thid.</strong></span> <span class='ocrx_word' id='word_1_558' title='bbox 711 3964 768 4038; x_wconf 88' lang='grc'>30).</span> <span class='ocrx_word' id='word_1_559' title='bbox 799 3987 814 4016; x_wconf 76' lang='lat' dir='ltr'><strong>a</strong></span> <span class='ocrx_word' id='word_1_560' title='bbox 843 3967 910 4023; x_wconf 85' lang='lat' dir='ltr'><strong>tdoo</strong></span> <span class='ocrx_word' id='word_1_561' title='bbox 938 3970 967 4024; x_wconf 78' lang='lat' dir='ltr'><strong>at</strong></span> <span class='ocrx_word' id='word_1_562' title='bbox 1021 3976 1110 4018; x_wconf 89' lang='lat' dir='ltr'><strong>usum</strong></span> <span class='ocrx_word' id='word_1_563' title='bbox 1125 3962 1261 4033; x_wconf 89' lang='lat' dir='ltr'><strong>canendi,</strong></span> <span class='ocrx_word' id='word_1_564' title='bbox 1279 3966 1376 4039; x_wconf 80' lang='lat' dir='ltr'><strong>alpia</strong></span> <span class='ocrx_word' id='word_1_565' title='bbox 1392 3963 1846 4038; x_wconf 80' lang='lat' dir='ltr'><strong>gratiamdisciptinae3utsep·</strong></span> 
     </span>
     <span class='ocr_line' id='line_1_42' title="bbox 133 4051 1842 4139; baseline -0.011 -13"><span class='ocrx_word' id='word_1_566' title='bbox 133 4070 231 4126; x_wconf 81' lang='lat' dir='ltr'><strong>Adam</strong></span> <span class='ocrx_word' id='word_1_567' title='bbox 246 4067 376 4139; x_wconf 78' lang='lat' dir='ltr'><strong>aejectus</strong></span> <span class='ocrx_word' id='word_1_568' title='bbox 391 4062 426 4122; x_wconf 88' lang='lat' dir='ltr'><strong>dc</strong></span> <span class='ocrx_word' id='word_1_569' title='bbox 438 4057 534 4135; x_wconf 85' lang='lat' dir='ltr'><strong>patria</strong></span> <span class='ocrx_word' id='word_1_570' title='bbox 544 4054 654 4115; x_wconf 71' lang='lat' dir='ltr'><strong>coelesti</strong></span> <span class='ocrx_word' id='word_1_571' title='bbox 674 4058 702 4115; x_wconf 90' lang='lat' dir='ltr'><strong>et</strong></span> <span class='ocrx_word' id='word_1_572' title='bbox 715 4052 768 4114; x_wconf 89' lang='lat' dir='ltr'><strong>itta</strong></span> <span class='ocrx_word' id='word_1_573' title='bbox 783 4056 852 4116; x_wconf 84' lang='lat' dir='ltr'><strong>sede</strong></span> <span class='ocrx_word' id='word_1_574' title='bbox 881 4072 964 4129; x_wconf 88' lang='lat' dir='ltr'><strong>para·</strong></span> <span class='ocrx_word' id='word_1_575' title='bbox 1021 4055 1079 4108; x_wconf 89' lang='lat' dir='ltr'><strong>tem</strong></span> <span class='ocrx_word' id='word_1_576' title='bbox 1088 4065 1196 4130; x_wconf 77' lang='lat' dir='ltr'><strong>uocum</strong></span> <span class='ocrx_word' id='word_1_577' title='bbox 1210 4051 1525 4111; x_wconf 81' lang='lat' dir='ltr'><strong>discriminanumoris</strong></span> <span class='ocrx_word' id='word_1_578' title='bbox 1536 4052 1842 4110; x_wconf 86' lang='lat' dir='ltr'><strong>modulantibusobto·</strong></span> 
     </span>
     <span class='ocr_line' id='line_1_43' title="bbox 135 4139 1846 4228; baseline -0.009 -14"><span class='ocrx_word' id='word_1_579' title='bbox 135 4157 207 4224; x_wconf 88' lang='lat' dir='ltr'><strong>disi,</strong></span> <span class='ocrx_word' id='word_1_580' title='bbox 224 4157 254 4212; x_wconf 93' lang='lat' dir='ltr'><strong>in</strong></span> <span class='ocrx_word' id='word_1_581' title='bbox 270 4152 398 4212; x_wconf 90' lang='lat' dir='ltr'><strong>insulam</strong></span> <span class='ocrx_word' id='word_1_582' title='bbox 414 4147 524 4228; x_wconf 87' lang='lat' dir='ltr'><strong>peceati</strong></span> <span class='ocrx_word' id='word_1_583' title='bbox 540 4149 586 4204; x_wconf 87' lang='lat' dir='ltr'><strong>est</strong></span> <span class='ocrx_word' id='word_1_584' title='bbox 601 4143 757 4218; x_wconf 79' lang='lat' dir='ltr'><strong>relegatus.</strong></span> <span class='ocrx_word' id='word_1_585' title='bbox 785 4145 872 4204; x_wconf 83' lang='lat' dir='ltr'><strong>Docta</strong></span> <span class='ocrx_word' id='word_1_586' title='bbox 897 4161 965 4220; x_wconf 84' lang='lat' dir='ltr'><strong>ergo</strong></span> <span class='ocrx_word' id='word_1_587' title='bbox 1022 4142 1139 4214; x_wconf 81' lang='lat' dir='ltr'><strong>quatur.</strong></span> <span class='ocrx_word' id='word_1_588' title='bbox 1155 4139 1298 4200; x_wconf 79' lang='lat' dir='ltr'><strong>Similiter</strong></span> <span class='ocrx_word' id='word_1_589' title='bbox 1312 4161 1380 4201; x_wconf 89' lang='lat' dir='ltr'><strong>caro</strong></span> <span class='ocrx_word' id='word_1_590' title='bbox 1407 4147 1518 4214; x_wconf 86' lang='lat' dir='ltr'><strong>nostra,</strong></span> <span class='ocrx_word' id='word_1_591' title='bbox 1545 4143 1570 4200; x_wconf 91' lang='lat' dir='ltr'><strong>si</strong></span> <span class='ocrx_word' id='word_1_592' title='bbox 1599 4141 1676 4199; x_wconf 83' lang='lat' dir='ltr'><strong>vivat</strong></span> <span class='ocrx_word' id='word_1_593' title='bbox 1699 4141 1846 4201; x_wconf 86' lang='lat' dir='ltr'><strong>illecebris</strong></span> 
     </span>
     <span class='ocr_line' id='line_1_44' title="bbox 134 4225 1847 4316; baseline -0.012 -11"><span class='ocrx_word' id='word_1_594' title='bbox 134 4247 210 4305; x_wconf 84' lang='lat' dir='ltr'><strong>dicit</strong></span> <span class='ocrx_word' id='word_1_595' title='bbox 226 4243 399 4316; x_wconf 90' lang='lat' dir='ltr'><strong>Scriptura:</strong></span> <span class='ocrx_word' id='word_1_596' title='bbox 420 4263 430 4290; x_wconf 80' lang='lat' dir='ltr'><strong>a</strong></span> <span class='ocrx_word' id='word_1_597' title='bbox 448 4233 651 4302; x_wconf 85' lang='lat' dir='ltr'><strong>Renovamini‚</strong></span> <span class='ocrx_word' id='word_1_598' title='bbox 677 4233 780 4294; x_wconf 73' lang='lat' dir='ltr'><strong>insutas</strong></span> <span class='ocrx_word' id='word_1_599' title='bbox 814 4234 877 4307; x_wconf 81' lang='lat' dir='ltr'><strong>(tau.</strong></span> <span class='ocrx_word' id='word_1_600' title='bbox 908 4252 965 4304; x_wconf 86' lang='lat' dir='ltr'><strong>xm,</strong></span> <span class='ocrx_word' id='word_1_601' title='bbox 1021 4225 1231 4304; x_wconf 85' lang='lat' dir='ltr'><strong>corporalibus.</strong></span> <span class='ocrx_word' id='word_1_602' title='bbox 1248 4231 1278 4286; x_wconf 91' lang='lat' dir='ltr'><strong>iu</strong></span> <span class='ocrx_word' id='word_1_603' title='bbox 1295 4233 1424 4306; x_wconf 89' lang='lat' dir='ltr'><strong>quodam</strong></span> <span class='ocrx_word' id='word_1_604' title='bbox 1439 4249 1521 4290; x_wconf 87' lang='lat' dir='ltr'><strong>coene</strong></span> <span class='ocrx_word' id='word_1_605' title='bbox 1548 4233 1625 4289; x_wconf 87' lang='lat' dir='ltr'><strong>vivat</strong></span> <span class='ocrx_word' id='word_1_606' title='bbox 1653 4237 1682 4288; x_wconf 90' lang='lat' dir='ltr'><strong>et</strong></span> <span class='ocrx_word' id='word_1_607' title='bbox 1708 4231 1847 4306; x_wconf 49' lang='lat' dir='ltr'><strong>veramne</strong></span> 
     </span>
     <span class='ocr_line' id='line_1_45' title="bbox 135 4317 1847 4410; baseline -0.01 -16"><span class='ocrx_word' id='word_1_608' title='bbox 135 4323 643 4410; x_wconf 80' lang='lat' dir='ltr'><strong>t).oQuiapeccatorumtluelibus,</strong></span> <span class='ocrx_word' id='word_1_609' title='bbox 664 4324 741 4382; x_wconf 89' lang='lat' dir='ltr'><strong>sicut</strong></span> <span class='ocrx_word' id='word_1_610' title='bbox 761 4323 965 4382; x_wconf 84' lang='lat' dir='ltr'><strong>insuloeinis-</strong></span> <span class='ocrx_word' id='word_1_611' title='bbox 1021 4318 1216 4392; x_wconf 86' lang='lat' dir='ltr'><strong>voluptatum.</strong></span> <span class='ocrx_word' id='word_1_612' title='bbox 1233 4317 1403 4378; x_wconf 80' lang='lat' dir='ltr'><strong>Siluxurie</strong></span> <span class='ocrx_word' id='word_1_613' title='bbox 1432 4323 1576 4380; x_wconf 89' lang='lat' dir='ltr'><strong>moriatur</strong></span> <span class='ocrx_word' id='word_1_614' title='bbox 1607 4324 1694 4394; x_wconf 88' lang='lat' dir='ltr'><strong>atque</strong></span> <span class='ocrx_word' id='word_1_615' title='bbox 1721 4321 1847 4378; x_wconf 86' lang='lat' dir='ltr'><strong>inconti-</strong></span> 
     </span>
     <span class='ocr_line' id='line_1_46' title="bbox 136 4408 1848 4494; baseline -0.018 -11"><span class='ocrx_word' id='word_1_616' title='bbox 136 4427 201 4494; x_wconf 89' lang='lat' dir='ltr'><strong>tius</strong></span> <span class='ocrx_word' id='word_1_617' title='bbox 212 4421 315 4480; x_wconf 88' lang='lat' dir='ltr'><strong>mundi</strong></span> <span class='ocrx_word' id='word_1_618' title='bbox 326 4421 399 4478; x_wconf 85' lang='lat' dir='ltr'><strong>irato</strong></span> <span class='ocrx_word' id='word_1_619' title='bbox 411 4413 670 4478; x_wconf 86' lang='lat' dir='ltr'><strong>circumvenimur.</strong></span> <span class='ocrx_word' id='word_1_620' title='bbox 685 4413 748 4472; x_wconf 80' lang='lat' dir='ltr'><strong>tstae</strong></span> <span class='ocrx_word' id='word_1_621' title='bbox 771 4427 840 4485; x_wconf 86' lang='lat' dir='ltr'><strong>ergo</strong></span> <span class='ocrx_word' id='word_1_622' title='bbox 863 4409 966 4470; x_wconf 85' lang='lat' dir='ltr'><strong>insulas</strong></span> <span class='ocrx_word' id='word_1_623' title='bbox 1021 4408 1137 4479; x_wconf 79' lang='lat' dir='ltr'><strong>nentia,</strong></span> <span class='ocrx_word' id='word_1_624' title='bbox 1153 4411 1339 4469; x_wconf 87' lang='lat' dir='ltr'><strong>tuucveram</strong></span> <span class='ocrx_word' id='word_1_625' title='bbox 1355 4410 1445 4466; x_wconf 77' lang='lat' dir='ltr'><strong>citam</strong></span> <span class='ocrx_word' id='word_1_626' title='bbox 1463 4412 1597 4477; x_wconf 85' lang='lat' dir='ltr'><strong>resumit¹</strong></span> <span class='ocrx_word' id='word_1_627' title='bbox 1613 4414 1683 4468; x_wconf 89' lang='lat' dir='ltr'><strong>tune</strong></span> <span class='ocrx_word' id='word_1_628' title='bbox 1697 4411 1781 4468; x_wconf 75' lang='lat' dir='ltr'><strong>odone</strong></span> <span class='ocrx_word' id='word_1_629' title='bbox 1804 4411 1848 4467; x_wconf 71' lang='grc' dir='ltr'><strong>ῑῃ.</strong></span> 
     </span>
     <span class='ocr_line' id='line_1_47' title="bbox 136 4495 1848 4590; baseline -0.016 -18"><span class='ocrx_word' id='word_1_630' title='bbox 136 4513 361 4590; x_wconf 86' lang='lat' dir='ltr'><strong>peradventum</strong></span> <span class='ocrx_word' id='word_1_631' title='bbox 371 4504 488 4564; x_wconf 91' lang='lat' dir='ltr'><strong>Domini</strong></span> <span class='ocrx_word' id='word_1_632' title='bbox 499 4507 687 4580; x_wconf 86' lang='lat' dir='ltr'><strong>peecatorum</strong></span> <span class='ocrx_word' id='word_1_633' title='bbox 698 4499 871 4558; x_wconf 80' lang='lat' dir='ltr'><strong>remissione</strong></span> <span class='ocrx_word' id='word_1_634' title='bbox 883 4517 965 4558; x_wconf 90' lang='lat' dir='ltr'><strong>reuc-</strong></span> <span class='ocrx_word' id='word_1_635' title='bbox 1022 4496 1094 4571; x_wconf 89' lang='lat' dir='ltr'><strong>cipit</strong></span> <span class='ocrx_word' id='word_1_636' title='bbox 1107 4495 1252 4554; x_wconf 90' lang='lat' dir='ltr'><strong>bonerum</strong></span> <span class='ocrx_word' id='word_1_637' title='bbox 1266 4513 1388 4570; x_wconf 88' lang='lat' dir='ltr'><strong>operum</strong></span> <span class='ocrx_word' id='word_1_638' title='bbox 1405 4495 1491 4554; x_wconf 87' lang='lat' dir='ltr'><strong>dulce</strong></span> <span class='ocrx_word' id='word_1_639' title='bbox 1519 4498 1718 4556; x_wconf 79' lang='lat' dir='ltr'><strong>modulamen,</strong></span> <span class='ocrx_word' id='word_1_640' title='bbox 1748 4497 1848 4556; x_wconf 70' lang='lat' dir='ltr'><strong>Dulcis</strong></span> 
     </span>
     <span class='ocr_line' id='line_1_48' title="bbox 137 4586 1847 4674; baseline -0.009 -13"><span class='ocrx_word' id='word_1_641' title='bbox 137 4607 213 4661; x_wconf 79' lang='lat' dir='ltr'><strong>vate</strong></span> <span class='ocrx_word' id='word_1_642' title='bbox 236 4598 361 4670; x_wconf 72' lang='lat' dir='ltr'><strong>suntid</strong></span> <span class='ocrx_word' id='word_1_643' title='bbox 382 4601 437 4666; x_wconf 88' lang='lat' dir='ltr'><strong>est,</strong></span> <span class='ocrx_word' id='word_1_644' title='bbox 453 4589 765 4657; x_wconf 81' lang='lat' dir='ltr'><strong>heminesinlavacro,</strong></span> <span class='ocrx_word' id='word_1_645' title='bbox 781 4588 870 4646; x_wconf 90' lang='lat' dir='ltr'><strong>medii</strong></span> <span class='ocrx_word' id='word_1_646' title='bbox 891 4589 1005 4674; x_wconf 70' lang='lat' dir='ltr'><strong>interp</strong></span> <span class='ocrx_word' id='word_1_647' title='bbox 1022 4602 1113 4644; x_wconf 88' lang='lat' dir='ltr'><strong>senus</strong></span> <span class='ocrx_word' id='word_1_648' title='bbox 1135 4589 1176 4642; x_wconf 89' lang='lat' dir='ltr'><strong>est</strong></span> <span class='ocrx_word' id='word_1_649' title='bbox 1200 4586 1405 4644; x_wconf 80' lang='lat' dir='ltr'><strong>castimonia:</strong></span> <span class='ocrx_word' id='word_1_650' title='bbox 1435 4587 1530 4644; x_wconf 84' lang='lat' dir='ltr'><strong>dulcis</strong></span> <span class='ocrx_word' id='word_1_651' title='bbox 1559 4605 1651 4645; x_wconf 90' lang='lat' dir='ltr'><strong>sonus</strong></span> <span class='ocrx_word' id='word_1_652' title='bbox 1679 4586 1847 4645; x_wconf 87' lang='lat' dir='ltr'><strong>timentium</strong></span> 
     </span>
     <span class='ocr_line' id='line_1_49' title="bbox 138 4675 1848 4766; baseline -0.022 -16"><span class='ocrx_word' id='word_1_653' title='bbox 138 4677 965 4766; x_wconf 77' lang='lat' dir='ltr'><strong>aquasquaetinsuleconstituti,tandebantarundarum</strong></span> <span class='ocrx_word' id='word_1_654' title='bbox 1022 4675 1113 4732; x_wconf 89' lang='lat' dir='ltr'><strong>Deum</strong></span> <span class='ocrx_word' id='word_1_655' title='bbox 1131 4693 1138 4732; x_wconf 74' lang='grc' dir='ltr'><strong>ε</strong></span> <span class='ocrx_word' id='word_1_656' title='bbox 1156 4675 1294 4748; x_wconf 86' lang='lat' dir='ltr'><strong>denique,</strong></span> <span class='ocrx_word' id='word_1_657' title='bbox 1311 4697 1325 4725; x_wconf 82' lang='lat' dir='ltr'><strong>a</strong></span> <span class='ocrx_word' id='word_1_658' title='bbox 1342 4675 1372 4732; x_wconf 88' lang='lat' dir='ltr'><strong>in</strong></span> <span class='ocrx_word' id='word_1_659' title='bbox 1389 4693 1505 4734; x_wconf 69' lang='lat' dir='ltr'><strong>omnem</strong></span> <span class='ocrx_word' id='word_1_660' title='bbox 1522 4681 1629 4735; x_wconf 59' lang='lat' dir='ltr'><strong>terram</strong></span> <span class='ocrx_word' id='word_1_661' title='bbox 1644 4677 1732 4732; x_wconf 59' lang='lat' dir='ltr'><strong>exivit</strong></span> <span class='ocrx_word' id='word_1_662' title='bbox 1757 4692 1848 4732; x_wconf 60' lang='lat' dir='ltr'><strong>mus</strong></span> 
     </span>
     <span class='ocr_line' id='line_1_50' title="bbox 138 4763 1847 4850; baseline -0.021 -11"><span class='ocrx_word' id='word_1_663' title='bbox 138 4773 482 4850; x_wconf 83' lang='lat' dir='ltr'><strong>molibussicutinsuta,</strong></span> <span class='ocrx_word' id='word_1_664' title='bbox 493 4769 803 4842; x_wconf 86' lang='lat' dir='ltr'><strong>sonorispeceatcrum</strong></span> <span class='ocrx_word' id='word_1_665' title='bbox 816 4765 969 4824; x_wconf 89' lang='lat' dir='ltr'><strong>relidenti-</strong></span> <span class='ocrx_word' id='word_1_666' title='bbox 1021 4781 1122 4820; x_wconf 86' lang='lat' dir='ltr'><strong>sorum</strong></span> <span class='ocrx_word' id='word_1_667' title='bbox 1140 4765 1225 4834; x_wconf 83' lang='lat' dir='ltr'><strong>(Paul.</strong></span> <span class='ocrx_word' id='word_1_668' title='bbox 1246 4780 1326 4832; x_wconf 87' lang='lat' dir='ltr'><strong>xvru,</strong></span> <span class='ocrx_word' id='word_1_669' title='bbox 1341 4766 1370 4834; x_wconf 86' lang='lat'><strong>5)</strong></span> <span class='ocrx_word' id='word_1_670' title='bbox 1387 4782 1394 4834; x_wconf 88' lang='grc'><strong>;</strong></span> <span class='ocrx_word' id='word_1_671' title='bbox 1412 4787 1426 4815; x_wconf 84' lang='grc'><em>»</em></span> <span class='ocrx_word' id='word_1_672' title='bbox 1442 4763 1847 4838; x_wconf 63' lang='lat' dir='ltr'><strong>dnlotsn0nu203tfid01quae</strong></span> 
     </span>
     <span class='ocr_line' id='line_1_51' title="bbox 137 4851 1847 4930; baseline -0.013 -2"><span class='ocrx_word' id='word_1_673' title='bbox 137 4873 199 4928; x_wconf 89' lang='lat' dir='ltr'><strong>bus</strong></span> <span class='ocrx_word' id='word_1_674' title='bbox 211 4867 350 4926; x_wconf 84' lang='lat' dir='ltr'><strong>fluctibus</strong></span> <span class='ocrx_word' id='word_1_675' title='bbox 374 4864 450 4921; x_wconf 87' lang='lat' dir='ltr'><strong>sicut</strong></span> <span class='ocrx_word' id='word_1_676' title='bbox 476 4859 589 4929; x_wconf 81' lang='lat' dir='ltr'><strong>insule,</strong></span> <span class='ocrx_word' id='word_1_677' title='bbox 607 4859 636 4914; x_wconf 90' lang='lat' dir='ltr'><strong>iu</strong></span> <span class='ocrx_word' id='word_1_678' title='bbox 665 4857 772 4930; x_wconf 87' lang='lat' dir='ltr'><strong>quibus</strong></span> <span class='ocrx_word' id='word_1_679' title='bbox 796 4861 874 4928; x_wconf 86' lang='lat' dir='ltr'><strong>ante,</strong></span> <span class='ocrx_word' id='word_1_680' title='bbox 890 4853 969 4914; x_wconf 84' lang='lat' dir='ltr'><strong>velut</strong></span> <span class='ocrx_word' id='word_1_681' title='bbox 1023 4851 1226 4918; x_wconf 86' lang='lat' dir='ltr'><strong>annuntiatur,</strong></span> <span class='ocrx_word' id='word_1_682' title='bbox 1241 4853 1433 4926; x_wconf 77' lang='lat' dir='ltr'><strong>ut‘seriptum</strong></span> <span class='ocrx_word' id='word_1_683' title='bbox 1450 4860 1495 4911; x_wconf 89' lang='lat' dir='ltr'><strong>est</strong></span> <span class='ocrx_word' id='word_1_684' title='bbox 1509 4855 1596 4928; x_wconf 80' lang='lat' dir='ltr'><strong>(Rom,</strong></span> <span class='ocrx_word' id='word_1_685' title='bbox 1614 4871 1633 4922; x_wconf 87' lang='lat'><strong>1,</strong></span> <span class='ocrx_word' id='word_1_686' title='bbox 1645 4853 1715 4926; x_wconf 87' lang='lat' dir='ltr'><strong>8)‚in</strong></span> <span class='ocrx_word' id='word_1_687' title='bbox 1731 4852 1847 4911; x_wconf 87' lang='lat' dir='ltr'><strong>univer-</strong></span> 
     </span>
     <span class='ocr_line' id='line_1_52' title="bbox 139 4940 1847 5028; baseline -0.012 -13"><span class='ocrx_word' id='word_1_688' title='bbox 139 4957 282 5016; x_wconf 87' lang='lat' dir='ltr'><strong>sraudum</strong></span> <span class='ocrx_word' id='word_1_689' title='bbox 296 4951 436 5028; x_wconf 89' lang='lat' dir='ltr'><strong>seopulis,</strong></span> <span class='ocrx_word' id='word_1_690' title='bbox 449 4953 533 5008; x_wconf 90' lang='lat' dir='ltr'><strong>eraut</strong></span> <span class='ocrx_word' id='word_1_691' title='bbox 552 4945 737 5020; x_wconf 87' lang='lat' dir='ltr'><strong>simplicibus</strong></span> <span class='ocrx_word' id='word_1_692' title='bbox 765 4946 867 5004; x_wconf 90' lang='lat' dir='ltr'><strong>crebra</strong></span> <span class='ocrx_word' id='word_1_693' title='bbox 894 4962 968 5002; x_wconf 90' lang='lat' dir='ltr'><strong>nau·</strong></span> <span class='ocrx_word' id='word_1_694' title='bbox 1023 4961 1056 5002; x_wconf 91' lang='lat' dir='ltr'><strong>so</strong></span> <span class='ocrx_word' id='word_1_695' title='bbox 1071 4941 1191 4998; x_wconf 91' lang='lat' dir='ltr'><strong>mundo.</strong></span> <span class='ocrx_word' id='word_1_696' title='bbox 1209 4941 1260 4998; x_wconf 86' lang='lat' dir='ltr'><strong>Hic</strong></span> <span class='ocrx_word' id='word_1_697' title='bbox 1275 4959 1367 4998; x_wconf 78' lang='lat' dir='ltr'><strong>souare</strong></span> <span class='ocrx_word' id='word_1_698' title='bbox 1382 4960 1399 4999; x_wconf 90' lang='lat' dir='ltr'><strong>a</strong></span> <span class='ocrx_word' id='word_1_699' title='bbox 1415 4943 1500 5002; x_wconf 86' lang='lat' dir='ltr'><strong>nobis</strong></span> <span class='ocrx_word' id='word_1_700' title='bbox 1515 4946 1598 4999; x_wconf 80' lang='lat' dir='ltr'><strong>exeat</strong></span> <span class='ocrx_word' id='word_1_701' title='bbox 1612 4940 1648 4996; x_wconf 90' lang='lat' dir='ltr'><strong>ad</strong></span> <span class='ocrx_word' id='word_1_702' title='bbox 1675 4941 1778 5007; x_wconf 83' lang='lat' dir='ltr'><strong>Deum,</strong></span> <span class='ocrx_word' id='word_1_703' title='bbox 1804 4940 1847 4996; x_wconf 90' lang='lat' dir='ltr'><strong>si-</strong></span> 
     </span>
     <span class='ocr_line' id='line_1_53' title="bbox 141 5028 1845 5121; baseline -0.014 -15"><span class='ocrx_word' id='word_1_704' title='bbox 141 5047 239 5121; x_wconf 69' lang='lat' dir='ltr'><strong>fragia</strong></span> <span class='ocrx_word' id='word_1_705' title='bbox 254 5063 262 5116; x_wconf 88' lang='lat'>;</span> <span class='ocrx_word' id='word_1_706' title='bbox 278 5044 350 5119; x_wconf 91' lang='lat' dir='ltr'><strong>quia</strong></span> <span class='ocrx_word' id='word_1_707' title='bbox 364 5040 527 5100; x_wconf 77' lang='lat' dir='ltr'><strong>deluserat</strong></span> <span class='ocrx_word' id='word_1_708' title='bbox 541 5037 570 5093; x_wconf 90' lang='lat' dir='ltr'><strong>in</strong></span> <span class='ocrx_word' id='word_1_709' title='bbox 586 5037 682 5106; x_wconf 87' lang='lat' dir='ltr'><strong>corde,</strong></span> <span class='ocrx_word' id='word_1_710' title='bbox 695 5035 725 5092; x_wconf 90' lang='lat' dir='ltr'><strong>iu</strong></span> <span class='ocrx_word' id='word_1_711' title='bbox 741 5051 790 5097; x_wconf 81' lang='lat' dir='ltr'><strong>ore</strong></span> <span class='ocrx_word' id='word_1_712' title='bbox 805 5035 965 5093; x_wconf 74' lang='lat' dir='ltr'><strong>blanditiae.</strong></span> <span class='ocrx_word' id='word_1_713' title='bbox 1023 5037 1073 5088; x_wconf 92' lang='lat' dir='ltr'><strong>cut</strong></span> <span class='ocrx_word' id='word_1_714' title='bbox 1088 5031 1176 5087; x_wconf 83' lang='lat' dir='ltr'><strong>exirit</strong></span> <span class='ocrx_word' id='word_1_715' title='bbox 1189 5030 1627 5089; x_wconf 83' lang='lat' dir='ltr'><strong>etiamaTbessatonicensibus</strong></span> <span class='ocrx_word' id='word_1_716' title='bbox 1643 5028 1667 5100; x_wconf 86' lang='lat' dir='ltr'><strong>(t</strong></span> <span class='ocrx_word' id='word_1_717' title='bbox 1681 5028 1755 5084; x_wconf 83' lang='lat' dir='ltr'><strong>Tbea.</strong></span> <span class='ocrx_word' id='word_1_718' title='bbox 1774 5029 1845 5102; x_wconf 88' lang='lat'><strong>1,8);</strong></span> 
     </span>
     <span class='ocr_line' id='line_1_54' title="bbox 140 5118 1845 5208; baseline -0.011 -16"><span class='ocrx_word' id='word_1_719' title='bbox 140 5141 264 5193; x_wconf 78' lang='lat' dir='ltr'><strong>atvero</strong></span> <span class='ocrx_word' id='word_1_720' title='bbox 279 5139 382 5208; x_wconf 69' lang='lat' dir='ltr'><strong>postca,</strong></span> <span class='ocrx_word' id='word_1_721' title='bbox 397 5146 485 5206; x_wconf 73' lang='lat' dir='ltr'><strong>quam</strong></span> <span class='ocrx_word' id='word_1_722' title='bbox 502 5126 645 5186; x_wconf 75' lang='lat' dir='ltr'><strong>DOfflinus</strong></span> <span class='ocrx_word' id='word_1_723' title='bbox 660 5124 737 5186; x_wconf 71' lang='lat'><strong>⁰62</strong></span> <span class='ocrx_word' id='word_1_724' title='bbox 751 5124 840 5182; x_wconf 83' lang='lat' dir='ltr'><strong>tosus</strong></span> <span class='ocrx_word' id='word_1_725' title='bbox 855 5123 886 5180; x_wconf 93' lang='lat' dir='ltr'><strong>in</strong></span> <span class='ocrx_word' id='word_1_726' title='bbox 909 5139 969 5196; x_wconf 91' lang='lat' dir='ltr'><strong>quo</strong></span> <span class='ocrx_word' id='word_1_727' title='bbox 1023 5125 1057 5177; x_wconf 92' lang='lat' dir='ltr'><strong>ut</strong></span> <span class='ocrx_word' id='word_1_728' title='bbox 1071 5121 1158 5178; x_wconf 88' lang='lat' dir='ltr'><strong>etiam</strong></span> <span class='ocrx_word' id='word_1_729' title='bbox 1174 5137 1232 5177; x_wconf 91' lang='lat' dir='ltr'><strong>non</strong></span> <span class='ocrx_word' id='word_1_730' title='bbox 1247 5125 1385 5178; x_wconf 86' lang='lat' dir='ltr'><strong>canentes</strong></span> <span class='ocrx_word' id='word_1_731' title='bbox 1400 5136 1552 5189; x_wconf 88' lang='lat' dir='ltr'><strong>canamus,</strong></span> <span class='ocrx_word' id='word_1_732' title='bbox 1568 5122 1596 5174; x_wconf 89' lang='lat' dir='ltr'><strong>et</strong></span> <span class='ocrx_word' id='word_1_733' title='bbox 1611 5118 1756 5173; x_wconf 86' lang='lat' dir='ltr'><strong>bonorum</strong></span> <span class='ocrx_word' id='word_1_734' title='bbox 1776 5134 1845 5176; x_wconf 88' lang='lat' dir='ltr'><strong>con-</strong></span> 
     </span>
     <span class='ocr_line' id='line_1_55' title="bbox 140 5203 1846 5291; baseline -0.013 -7"><span class='ocrx_word' id='word_1_735' title='bbox 140 5223 233 5284; x_wconf 91' lang='lat' dir='ltr'><strong>dolus</strong></span> <span class='ocrx_word' id='word_1_736' title='bbox 247 5240 306 5280; x_wconf 89' lang='lat' dir='ltr'><strong>uon</strong></span> <span class='ocrx_word' id='word_1_737' title='bbox 323 5226 379 5291; x_wconf 91' lang='lat' dir='ltr'><strong>est,</strong></span> <span class='ocrx_word' id='word_1_738' title='bbox 394 5217 552 5278; x_wconf 88' lang='lat' dir='ltr'><strong>adveniens</strong></span> <span class='ocrx_word' id='word_1_739' title='bbox 567 5215 597 5270; x_wconf 92' lang='lat' dir='ltr'><strong>in</strong></span> <span class='ocrx_word' id='word_1_740' title='bbox 612 5203 691 5270; x_wconf 88' lang='lat' dir='ltr'><strong>huno</strong></span> <span class='ocrx_word' id='word_1_741' title='bbox 707 5212 862 5282; x_wconf 89' lang='lat' dir='ltr'><strong>mundum,</strong></span> <span class='ocrx_word' id='word_1_742' title='bbox 887 5211 968 5268; x_wconf 81' lang='lat' dir='ltr'><strong>caele-</strong></span> <span class='ocrx_word' id='word_1_743' title='bbox 1023 5214 1111 5266; x_wconf 90' lang='lat' dir='ltr'><strong>centu</strong></span> <span class='ocrx_word' id='word_1_744' title='bbox 1126 5225 1249 5282; x_wconf 88' lang='lat' dir='ltr'><strong>operum</strong></span> <span class='ocrx_word' id='word_1_745' title='bbox 1266 5208 1423 5266; x_wconf 91' lang='lat' dir='ltr'><strong>Dominum</strong></span> <span class='ocrx_word' id='word_1_746' title='bbox 1439 5207 1642 5282; x_wconf 77' lang='lat' dir='ltr'><strong>predicemus,</strong></span> <span class='ocrx_word' id='word_1_747' title='bbox 1660 5206 1706 5261; x_wconf 90' lang='lat' dir='ltr'><strong>eni</strong></span> <span class='ocrx_word' id='word_1_748' title='bbox 1722 5210 1767 5262; x_wconf 88' lang='lat' dir='ltr'><strong>est</strong></span> <span class='ocrx_word' id='word_1_749' title='bbox 1788 5206 1846 5262; x_wconf 92' lang='lat' dir='ltr'><strong>bo·</strong></span> 
     </span>
     <span class='ocr_line' id='line_1_56' title="bbox 142 5294 1846 5387; baseline -0.011 -15"><span class='ocrx_word' id='word_1_750' title='bbox 142 5315 201 5372; x_wconf 88' lang='lat' dir='ltr'><strong>stis</strong></span> <span class='ocrx_word' id='word_1_751' title='bbox 230 5311 410 5387; x_wconf 84' lang='lat' dir='ltr'><strong>expositione</strong></span> <span class='ocrx_word' id='word_1_752' title='bbox 435 5305 572 5368; x_wconf 85' lang='lat' dir='ltr'><strong>doctrine</strong></span> <span class='ocrx_word' id='word_1_753' title='bbox 601 5303 800 5362; x_wconf 84' lang='lat' dir='ltr'><strong>humanarum</strong></span> <span class='ocrx_word' id='word_1_754' title='bbox 824 5299 970 5373; x_wconf 76' lang='lat' dir='ltr'><strong>profunda</strong></span> <span class='ocrx_word' id='word_1_755' title='bbox 1023 5317 1088 5367; x_wconf 88' lang='lat' dir='ltr'><strong>nor,</strong></span> <span class='ocrx_word' id='word_1_756' title='bbox 1103 5298 1206 5373; x_wconf 78' lang='lat' dir='ltr'><strong>gloria,</strong></span> <span class='ocrx_word' id='word_1_757' title='bbox 1222 5297 1403 5370; x_wconf 85' lang='lat' dir='ltr'><strong>perpetuitas</strong></span> <span class='ocrx_word' id='word_1_758' title='bbox 1416 5315 1434 5353; x_wconf 89' lang='lat' dir='ltr'><strong>a</strong></span> <span class='ocrx_word' id='word_1_759' title='bbox 1448 5294 1573 5365; x_wconf 83' lang='lat' dir='ltr'><strong>seculis,</strong></span> <span class='ocrx_word' id='word_1_760' title='bbox 1588 5299 1617 5351; x_wconf 90' lang='lat' dir='ltr'><strong>et</strong></span> <span class='ocrx_word' id='word_1_761' title='bbox 1633 5311 1711 5352; x_wconf 89' lang='lat' dir='ltr'><strong>nune</strong></span> <span class='ocrx_word' id='word_1_762' title='bbox 1724 5298 1755 5354; x_wconf 88' lang='lat' dir='ltr'><strong>et</strong></span> <span class='ocrx_word' id='word_1_763' title='bbox 1768 5312 1846 5354; x_wconf 88' lang='lat' dir='ltr'><strong>sem·</strong></span> 
     </span>
     <span class='ocr_line' id='line_1_57' title="bbox 142 5383 1720 5466; baseline -0.015 -5"><span class='ocrx_word' id='word_1_764' title='bbox 142 5402 292 5460; x_wconf 89' lang='lat' dir='ltr'><strong>mentium</strong></span> <span class='ocrx_word' id='word_1_765' title='bbox 304 5397 458 5466; x_wconf 77' lang='lat' dir='ltr'><strong>serenavit,</strong></span> <span class='ocrx_word' id='word_1_766' title='bbox 471 5401 500 5454; x_wconf 86' lang='lat' dir='ltr'><strong>st</strong></span> <span class='ocrx_word' id='word_1_767' title='bbox 510 5390 751 5466; x_wconf 84' lang='lat' dir='ltr'><strong>tranquillitatem</strong></span> <span class='ocrx_word' id='word_1_768' title='bbox 764 5389 872 5447; x_wconf 73' lang='lat' dir='ltr'><strong>resumi</strong></span> <span class='ocrx_word' id='word_1_769' title='bbox 885 5389 970 5446; x_wconf 77' lang='lat' dir='ltr'><strong>allec·</strong></span> <span class='ocrx_word' id='word_1_770' title='bbox 1024 5405 1076 5462; x_wconf 90' lang='lat' dir='ltr'><strong>per</strong></span> <span class='ocrx_word' id='word_1_771' title='bbox 1089 5392 1119 5445; x_wconf 91' lang='lat' dir='ltr'><strong>et</strong></span> <span class='ocrx_word' id='word_1_772' title='bbox 1132 5388 1163 5444; x_wconf 93' lang='lat' dir='ltr'><strong>in</strong></span> <span class='ocrx_word' id='word_1_773' title='bbox 1179 5385 1281 5442; x_wconf 89' lang='lat' dir='ltr'><strong>omnia</strong></span> <span class='ocrx_word' id='word_1_774' title='bbox 1294 5383 1401 5445; x_wconf 77' lang='lat' dir='ltr'><strong>secula</strong></span> <span class='ocrx_word' id='word_1_775' title='bbox 1414 5383 1601 5453; x_wconf 72' lang='lat' dir='ltr'><strong>secutorum,</strong></span> <span class='ocrx_word' id='word_1_776' title='bbox 1618 5386 1720 5442; x_wconf 79' lang='lat' dir='ltr'><strong>Amen.</strong></span> 
     </span>
    </p>
   </div>
   <div class='ocr_carea' id='block_1_5' title="bbox 140 5616 1844 5786">
    <p class='ocr_par' dir='ltr' id='par_1_5' title="bbox 140 5616 1844 5786">
     <span class='ocr_line' id='line_1_58' title="bbox 181 5616 1844 5766; baseline -0.011 -73"><span class='ocrx_word' id='word_1_777' title='bbox 181 5639 223 5708; x_wconf 87' lang='grc'><strong>(8)</strong></span> <span class='ocrx_word' id='word_1_778' title='bbox 238 5635 325 5703; x_wconf 78' lang='lat' dir='ltr'><strong>lidii,</strong></span> <span class='ocrx_word' id='word_1_779' title='bbox 338 5649 386 5691; x_wconf 86' lang='lat' dir='ltr'><strong>oee</strong></span> <span class='ocrx_word' id='word_1_780' title='bbox 399 5631 484 5707; x_wconf 70' lang='lat' dir='ltr'><strong>{ratri</strong></span> <span class='ocrx_word' id='word_1_781' title='bbox 496 5625 686 5703; x_wconf 69' lang='lat' dir='ltr'><strong>paraenitice</strong></span> <span class='ocrx_word' id='word_1_782' title='bbox 697 5623 787 5698; x_wconf 82' lang='lat' dir='ltr'><strong>pietas</strong></span> <span class='ocrx_word' id='word_1_783' title='bbox 796 5639 807 5686; x_wconf 88' lang='lat'><strong>‚·</strong></span> <span class='ocrx_word' id='word_1_784' title='bbox 820 5639 904 5694; x_wconf 83' lang='lat' dir='ltr'><strong>rusa,</strong></span> <span class='ocrx_word' id='word_1_785' title='bbox 919 5637 969 5698; x_wconf 77' lang='lat' dir='ltr'><strong>uec</strong></span> <span class='ocrx_word' id='word_1_786' title='bbox 1056 5621 1100 5766; x_wconf 41' lang='lat' dir='ltr'><strong>ht)</strong></span> <span class='ocrx_word' id='word_1_787' title='bbox 1114 5617 1201 5704; x_wconf 68' lang='lat' dir='ltr'><strong>tlflit,</strong></span> <span class='ocrx_word' id='word_1_788' title='bbox 1218 5616 1502 5692; x_wconf 75' lang='lat' dir='ltr'><strong>appropinquantibus</strong></span> <span class='ocrx_word' id='word_1_789' title='bbox 1515 5632 1572 5674; x_wconf 78' lang='lat' dir='ltr'><strong>erse</strong></span> <span class='ocrx_word' id='word_1_790' title='bbox 1590 5616 1733 5693; x_wconf 55' lang='grc' dir='ltr'><strong>ψοίας</strong></span> <span class='ocrx_word' id='word_1_791' title='bbox 1759 5629 1844 5694; x_wconf 69' lang='lat' dir='ltr'><strong>mes,</strong></span> 
     </span>
     <span class='ocr_line' id='line_1_59' title="bbox 140 5704 1168 5786; baseline -0.019 -16"><span class='ocrx_word' id='word_1_792' title='bbox 140 5709 246 5786; x_wconf 71' lang='lat' dir='ltr'><strong>sociob</strong></span> <span class='ocrx_word' id='word_1_793' title='bbox 260 5704 447 5784; x_wconf 67' lang='lat' dir='ltr'><strong>permanenti,</strong></span> <span class='ocrx_word' id='word_1_794' title='bbox 463 5707 515 5762; x_wconf 89' lang='lat' dir='ltr'><strong>eto.</strong></span> <span class='ocrx_word' id='word_1_795' title='bbox 1022 5709 1057 5754; x_wconf 80' lang='lat' dir='ltr'><strong>aa</strong></span> <span class='ocrx_word' id='word_1_796' title='bbox 1077 5707 1168 5764; x_wconf 73' lang='lat' dir='ltr'><strong>rapto.</strong></span> 
     </span>
    </p>
   </div>
   <div class='ocr_carea' id='block_1_6' title="bbox 0 0 2107 6180">
    <p class='ocr_par' dir='ltr' id='par_1_6' title="bbox 0 0 2107 6180">
     <span class='ocr_line' id='line_1_60' title="bbox 0 0 2107 6180; baseline 0 0"><span class='ocrx_word' id='word_1_797' title='bbox 0 0 2107 6180; x_wconf 95' lang='lat' dir='ltr'><strong> </strong></span> 
     </span>
    </p>
   </div>
  </div>
 </body>
</html>
