4159 6184
194 325 198 330 1
228 231 287 301 stt
957 229 992 297 S.
1013 231 1204 300 suanostt
1450 255 1453 260 ·
1870 234 1930 300 181

252 380 362 429 ‘strena
392 366 528 429 nonnulla
562 364 595 428 de
629 380 715 444 mana
749 365 776 426 a
803 364 899 428 nuda
929 368 1047 442 sutton·
1062 366 1225 452 Aloribus,
1239 381 1297 442 quo
1312 363 1460 442 puriorem
1484 381 1580 429 serem
1595 366 1652 445 (31)
1667 365 1698 428 id
1718 367 1861 445 temporis
1884 372 1930 427 at·

226 448 340 514 tumr·
1101 457 1223 514 trabunt
1236 455 1352 530 spiritu,
1367 473 1400 516 eo
1413 462 1516 517 cantus
1531 462 1670 518 resonant
1694 452 1856 529 clarioresl
1871 459 1930 516 Neo

261 549 306 605 73.
333 548 558 606 Consideremus
591 565 668 606 nuno
693 547 763 621 quid
788 547 835 619 sit,
862 547 940 619 quod
970 547 1011 604 uit
1039 563 1047 602 :
1102 547 1391 619 apesipseInsuave
1411 548 1554 620 quiddam
1581 546 1931 617 canunt3habentenim

225 637 380 695 Producant
403 655 485 712 aquae
513 640 623 711 reptilia
647 639 806 693 animarum
829 638 979 693 uiuentium
1006 652 1048 692 se·
1102 635 1567 708 gratamtnraucoillovooissue
1577 653 1728 694 murmure
1743 638 1932 706 suavitatem,

224 728 345 784 eundum
363 744 459 800 penus,
482 735 507 783 et
534 726 659 781 volatilia
685 725 808 781 volantia
834 742 917 796 super
945 729 1049 780 terram
1103 739 1193 796 quum
1207 740 1261 780 nos
1276 725 1367 781 tracto
1382 726 1535 782 turbarum
1558 726 1656 784 sonitu
1678 726 1787 784 lentius
1801 727 1933 800 priunum

224 816 374 872 seeundum
402 831 486 886 pennu
510 829 585 869 secus
612 798 816 884 firmonremam
842 814 906 869 coeli
931 812 1049 884 (Gen.1,
1102 812 1236 868 videmur
1249 811 1369 882 imitari,
1386 829 1444 886 quo
1460 814 1573 888 crepitu
1586 815 1622 872 sd
1634 815 1805 872 excitandos
1815 815 1931 872 aninrc

223 905 280 978 20).
305 905 363 962 Cur
384 920 466 975 super
487 911 589 957 umam
613 901 727 969 dixerit,
753 906 865 957 certum
889 906 956 957 est:
979 901 1049 973 quia
1102 901 1133 956 in
1148 900 1277 973 vigorem
1297 901 1369 958 nibil
1399 899 1497 974 aptius
1520 903 1692 960 estImutur.
1720 905 1755 961 ut
1782 903 1844 960 hec
1872 903 1933 960 illis

222 994 332 1049 victum
360 993 395 1047 de
424 996 501 1047 tarra
520 995 664 1062 querunt.
680 990 764 1045 Serus
778 990 983 1059 finnamentum
997 1007 1049 1044 au·
1102 989 1196 1061 gralia
1211 990 1392 1056 mancipum
1404 991 1574 1063 pulmonem
1586 991 1809 1065 respirandique
1820 1008 1932 1048 munus

223 1085 280 1138 tem
297 1081 360 1136 eoeli
374 1079 530 1152 quomodo,
548 1096 615 1135 cunr
632 1078 735 1150 aquito
751 1078 828 1134 ultra
842 1084 961 1134 caeteras
981 1094 1049 1134 aves
1103 1081 1191 1149 atque
1212 1095 1300 1134 usum
1323 1095 1510 1151 nequaquem
1535 1080 1643 1137 babere
1671 1082 1852 1154 prodantur;
1879 1080 1932 1136 sed

221 1169 326 1237 volent,
358 1173 386 1224 et
415 1173 515 1223 tamen
540 1167 610 1239 ipse
635 1184 693 1223 non
716 1184 801 1223 secus
828 1167 1049 1222 firmamentum
1103 1165 1181 1222 aerio
1195 1166 1271 1223 vesci
1288 1166 1457 1239 spirantium
1473 1167 1605 1241 Denique
1620 1169 1644 1226 si
1660 1168 1728 1242 quis
1752 1185 1802 1225 eas
1826 1185 1931 1242 super-

221 1258 306 1315 coelit
329 1257 384 1313 Sed
413 1258 483 1329 quia
506 1256 602 1313 Gracc
623 1264 725 1329 οὐρανὸς
749 1255 865 1321 dicitnr,
892 1255 969 1327 quod
993 1255 1049 1309 La·
1103 1255 1205 1312 tundat
1218 1255 1274 1328 (37)
1291 1255 1364 1326 oleo,
1392 1273 1512 1329 propere
1535 1261 1692 1326 necantur,
1718 1273 1752 1314 eo
1776 1257 1854 1330 quod
1878 1257 1932 1313 ob·

220 1347 281 1403 tius
309 1345 417 1402 caelum
443 1344 627 1417 appellamus
654 1363 661 1400 :
684 1352 786 1417 οὐρανὸς
816 1349 914 1400 autem
942 1351 1049 1399 ἀπὸτοῦ
1102 1343 1440 1416 structisporisaerium
1460 1345 1609 1417 spiramen
1634 1344 1706 1401 illud
1730 1345 1849 1402 baurIre
1871 1362 1932 1401 non

218 1443 330 1509 ὁρᾶσθαι,
346 1433 436 1490 idest
464 1450 482 1488 a
509 1433 643 1500 videndo,
659 1433 724 1489 ideo
751 1433 830 1505 quad
861 1447 910 1488 aer
934 1429 1047 1504 perspi·
1103 1431 1239 1505 possint:
1257 1432 1454 1506 contiuuoque
1478 1433 1503 1490 si
1527 1433 1594 1507 quis
1620 1436 1737 1490 acetum
1757 1432 1804 1490 bis
1828 1450 1932 1506 super-

220 1540 293 1580 auus
315 1523 364 1588 sit,
380 1522 417 1578 ad
444 1521 605 1577 videndum
636 1521 746 1594 purior,
775 1521 805 1575 in
832 1536 897 1576 aare
924 1518 1048 1575 volitan·
1102 1519 1297 1576 tundatillico
1312 1521 1498 1588 reviviscunt,
1515 1537 1548 1578 so
1565 1523 1643 1596 quod
1658 1521 1703 1579 vis
1718 1521 1789 1579 aceti
1815 1521 1872 1580 cito
1896 1521 1934 1578 il-

219 1613 262 1668 tia
275 1627 384 1685 genera
399 1610 472 1666 dixit
487 1610 694 1666 animantium.
719 1610 754 1664 at
779 1627 813 1666 ne
842 1614 956 1664 moveat
970 1607 1048 1679 quod
1102 1607 1146 1664 los
1168 1608 1331 1681 poros,qui
1354 1609 1539 1672 concretione
1569 1610 1624 1666 olei
1654 1610 1859 1680 obstruuntur,
1875 1609 1933 1667 bu-

219 1701 270 1769 ait,
296 1717 372 1757 seem
394 1699 599 1770 firmamentum
623 1700 696 1766 eali,
722 1714 780 1754 non
804 1697 920 1773 proprie
951 1697 1050 1751 firma·
1103 1712 1183 1752 more
1198 1697 1308 1752 teratur
1321 1697 1435 1770 aperire
1447 1698 1515 1770 (38).

220 1791 352 1845 mentum
374 1787 422 1842 hic
444 1787 553 1859 posuit,
580 1787 631 1843 sed
656 1786 775 1843 abusive
792 1802 798 1841 :
815 1801 848 1842 eo
865 1785 941 1857 qaod
967 1755 1086 1840 com·B
1400 1785 1517 1842 CAPUT
1535 1784 1633 1842 xxttt.

220 1875 371 1950 paratione
397 1875 511 1930 etherei
538 1874 618 1931 illins
645 1875 775 1948 corporis
800 1873 888 1930 etiam
911 1873 967 1929 iste
994 1888 1045 1929 aer
1096 1856 1134 1912 ⁰0
1148 1871 1237 1911 ”time
1259 1855 1360 1923 Indico,
1385 1855 1591 1924 ⁶l²⁰mael⁶⁰⁷l²⁶2
1621 1857 1711 1929 l⁶1²⁰?ss
1732 1873 1764 1913 αὖ
1784 1857 1931 1930 ΡΜῑθθι·

219 1980 307 2037 auem
345 1979 505 2038 possumus
541 1962 635 2020 oenus
670 1962 928 2036 comprehendere,
957 1960 1043 2034 quast
1131 1926 1234 2054 ,iffi
1245 1925 1934 2070 primmffrfqtetffssgwwffirffireffi

219 2053 345 2111 crassior
359 2057 389 2109 et
402 2051 521 2109 densior
534 2052 628 2108 vicem
643 2050 751 2107 babeat
766 2050 954 2107 firmamenti.
1132 2077 1216 2125 mm
1229 2067 1265 2124 ad
1278 2069 1412 2125 „pionem
1433 2069 1559 2126 divinam
1582 2070 1787 2142 wewam
1802 2072 1931 2128 minim,

252 2143 298 2198 rt.
314 2142 398 2197 Nunc
412 2139 482 2212 quia
493 2138 622 2195 dlximus
647 2155 712 2211 quae
737 2137 877 2204 volatilia,
892 2154 981 2210 quam
997 2153 1046 2193 na·
1133 2141 1185 2208 rio,
1201 2154 1264 2210 quse
1276 2144 1370 2198 tarsen
1385 2157 1403 2196 a
1416 2141 1578 2197 seleuciam
1590 2141 1752 2198 devoratur.

218 2234 317 2287 turam
332 2228 502 2286 habeantet
516 2229 651 2301 gratiam,
667 2232 696 2284 et
709 2244 744 2283 ea
758 2243 852 2299 pauca
866 2227 902 2282 de
918 2224 1020 2282 multis
1036 2243 1043 2281 :
1132 2228 1177 2283 77.
1193 2227 1228 2282 ut
1243 2227 1360 2300 quiade
1374 2226 1546 2285 volatilibus
1562 2227 1701 2296 diotmus,
1719 2231 1934 2302 conputamus

218 2336 314 2393 neque
337 2317 415 2374 enirn
439 2322 524 2373 vacat
548 2317 685 2373 universa
709 2315 884 2383 describere,
901 2331 968 2371 cum
984 2314 1046 2370 siat
1099 2313 1229 2371 alienum
1244 2332 1278 2372 eu
1293 2315 1446 2388 complecti
1462 2331 1526 2388 quae
1552 2315 1587 2372 de
1610 2333 1708 2373 verme
1723 2316 1821 2374 Indico
1841 2318 1935 2374 tradit

219 2407 328 2465 similia
355 2411 442 2478 atque
470 2405 604 2476 ejusdem
632 2404 748 2477 generIs
777 2408 877 2459 tamen
893 2403 1044 2474 avesipsea
1098 2403 1231 2470 historia,
1254 2403 1299 2460 vel
1326 2419 1427 2460 eorum
1450 2402 1552 2460 relatio
1568 2404 1618 2476 qui
1641 2403 1739 2461 videre
1758 2408 1929 2478 potuerunt.

219 2513 308 2570 quam
323 2496 399 2550 inter
414 2511 445 2550 se
459 2492 658 2549 diversitatem
673 2491 801 2548 habeant
814 2491 1044 2547 consideremus.
1100 2491 1203 2547 Fertur
1228 2490 1276 2547 hic
1301 2490 1436 2565 corniger
1457 2492 1635 2565 vermisque)
1651 2493 1779 2550 converti
1797 2493 1930 2565 prImum

218 2584 387 2642 Invenimus
408 2581 487 2638 enim
511 2581 635 2637 cornicis
650 2581 739 2653 pedes
762 2579 843 2635 velut
866 2579 1045 2652 quibusdam
1099 2579 1271 2652 inspeciem
1288 2578 1384 2636 caulis
1397 2580 1467 2651 (tc),
1484 2579 1615 2652 atquem
1631 2597 1696 2636 eam
1718 2581 1823 2638 mutari
1837 2585 1928 2638 natu-

218 2673 318 2745 digitis
334 2671 513 2727 distantibus
533 2673 681 2741 separatos
705 2672 793 2740 atque
807 2667 926 2736 divisos,
942 2684 1044 2723 corvo·
1100 2683 1179 2737 ram;
1198 2668 1265 2725 iude
1281 2683 1419 2741 processu
1436 2669 1564 2740 quodam
1587 2668 1649 2725 lieri
1671 2668 1855 2741 bombylius,
1872 2685 1929 2726 nac

217 2777 284 2817 rum
297 2774 411 2832 quoque
427 2763 516 2830 atque
531 2755 678 2830 pullorum
694 2757 778 2812 aliter
792 2756 879 2812 etiam
904 2757 1045 2812 formatos
1100 2773 1166 2812 eam
1181 2759 1280 2812 tamen
1296 2757 1433 2823 termam,
1448 2757 1633 2830 figuramque
1648 2758 1843 2826 custodit,sed
1853 2756 1931 2814 laxis

217 2867 236 2906 a
249 2852 355 2905 natura
369 2848 458 2920 pedes
475 2862 481 2901 ε
498 2846 596 2901 avium
612 2862 676 2918 quae
692 2861 778 2901 carne
790 2848 959 2912 vescuntur,
981 2860 1046 2900 cer·
1101 2848 1130 2900 et
1144 2844 1297 2902 latioribus
1313 2844 1390 2902 l'oliis
1405 2845 1520 2901 videtur
1533 2861 1646 2918 pennas
1661 2846 1865 2903 assumereblx
1880 2845 1928 2903 bis

217 2938 317 2993 nimus
344 2934 427 3009 quasi
458 2935 594 2990 incurvos
623 2938 710 3006 atque
737 2933 882 2999 sinuatos,
907 2949 940 2988 ac
967 2932 1047 2988 velut
1101 2932 1179 2988 loliis
1194 2932 1251 3004 (ll)
1267 2932 1367 2989 mollia
1390 2931 1442 2989 illa
1465 2934 1549 2990 Seres
1560 2934 1717 3007 depectunt
1730 2933 1848 3001 vellera,
1864 2951 1930 3007 qum

219 3024 256 3081 ad
285 3024 414 3096 prodam
443 3025 570 3095 paratos.
587 3023 632 3076 un
661 3037 729 3078 vero
754 3037 819 3093 quaa
843 3019 966 3076 natandi
993 3019 1045 3076 ba·
1101 3022 1137 3077 ad
1154 3037 1226 3077 usus
1242 3021 1298 3078 sibi
1314 3021 1448 3094 proprios
1463 3021 1577 3090 divites,
1593 3022 1785 3080 vindicarunt
1805 3023 1887 3080 Unde
1901 3029 1932 3080 ct

218 3114 290 3169 bant
304 3128 392 3168 usum
408 3115 437 3167 et
452 3110 704 3179 consuetudinem,
727 3109 802 3166 latos
822 3109 931 3165 habent
942 3109 1043 3181 pedes,
1059 3113 1080 3182 c
1099 3109 1242 3166 Dominus
1257 3111 1298 3165 ait
1314 3125 1321 3166 ι
1339 3110 1409 3179 Quid
1424 3111 1520 3166 exutis
1536 3112 1566 3165 tn
1589 3111 1725 3168 meatum
1750 3111 1863 3169 uideret
1877 3112 1929 3168 bo·

218 3206 247 3259 ct
267 3202 440 3258 membrana
465 3199 594 3272 quadam
622 3197 688 3255 illos
717 3197 825 3270 digitos
852 3197 960 3270 pedum
986 3196 1043 3253 sibi
1098 3199 1200 3254 minem
1213 3199 1342 3254 mollibus
1356 3200 1525 3255 uestimentis
1540 3199 1684 3256 indutum?
1698 3202 1769 3257 Eece
1788 3203 1838 3273 qui
1858 3201 1927 3266 mol-

218 3290 368 3363 ccpulatos
397 3295 485 3361 atque
511 3289 692 3360 conjunctos.
716 3285 749 3341 ln
778 3302 836 3358 quo
861 3284 1044 3342 admirabitis
1097 3288 1338 3343 libusuestiuntur
1362 3288 1393 3342 in
1415 3286 1540 3344 domibus
1562 3304 1658 3359 repam
1675 3288 1858 3361 suat(IIuttb.
1888 3307 1928 3358 11,

218 3384 298 3454 patet
312 3379 385 3436 ratic
401 3382 529 3444 naturae3
547 3382 579 3431 ut
593 3380 622 3432 et
636 3374 686 3430 ille
701 3376 737 3430 ad
758 3374 916 3430 volandum
939 3371 984 3429 vel
1006 3373 1043 3429 ad
1097 3377 1135 3448 8).
1145 3375 1327 3431 Chamaeleon
1341 3391 1458 3448 quoque
1471 3374 1602 3433 diversas
1617 3379 1729 3450 species
1744 3377 1926 3436 lerturvario

218 3468 391 3542 rapiendum
415 3467 515 3522 eibum
540 3482 597 3521 usu
619 3463 806 3520 accommodo
831 3462 1045 3529 traiciantunet
1098 3462 1193 3520 colore
1222 3463 1350 3520 mentiri,
1380 3464 1505 3537 Lepores
1533 3469 1619 3535 certe,
1636 3466 1714 3538 quod
1737 3465 1772 3522 de
1792 3467 1926 3539 proximo

216 3559 326 3615 istead
342 3556 502 3614 natandum
518 3552 1043 3628 adjumentababeantcompetentia,
1097 3550 1182 3607 facile
1208 3549 1409 3624 cognovimus,
1434 3551 1538 3625 hyeme
1572 3550 1730 3620 albescere,
1760 3557 1861 3610 estate
1896 3553 1926 3610 ln

218 3664 276 3720 quo
289 3646 395 3704 melius
410 3645 496 3717 aquIs
509 3637 623 3716 possint
637 3645 839 3715 supernatare,
856 3645 885 3696 et
899 3640 984 3713 quasi
998 3655 1043 3695 re-
1098 3655 1186 3696 suum
1203 3638 1329 3696 colorem
1345 3639 1440 3696 redire
1455 3656 1514 3697 non
1529 3639 1653 3697 dubium
1668 3646 1723 3698 est.

217 3736 275 3792 mIs
292 3733 479 3808 quibusdam,
495 3734 535 3788 lta
550 3731 675 3805 pedibus
690 3730 753 3786 suls
769 3729 947 3786 membrana
963 3728 1045 3784 illius
1132 3729 1179 3783 78.
1196 3727 1261 3783 lieo
1276 3727 1340 3784 ideo
1353 3727 1451 3795 libavi,
1465 3725 1503 3784 'ut
1516 3729 1553 3785 ad
1567 3730 1807 3786 commutationis
1824 3730 1926 3804 fidem,

217 3823 385 3880 extensione
395 3821 549 3879 latioribus
564 3836 708 3893 aquarum
724 3819 838 3873 'fluenta
861 3816 1043 3890 propulsent.
1099 3833 1162 3889 que
1179 3816 1208 3871 in
1224 3815 1436 3873 resurrectione
1451 3817 1551 3874 lutura
1568 3821 1622 3886 est,
1639 3818 1727 3874 etlam
1750 3817 1808 3876 ista
1830 3835 1932 3876 exem·

252 3911 299 3969 75.
315 3910 432 3983 Cygnus
455 3924 573 3982 quoque
595 3924 647 3964 cur
670 3905 832 3980 proceriore
852 3903 926 3960 collo
945 3908 1046 3961 utatur
1099 3903 1149 3978 pla
1163 3920 1216 3960 nos
1230 3907 1385 3976 provocent
1400 3921 1407 3960 a
1425 3906 1476 3960 sed
1498 3903 1540 3960 ita
1563 3909 1595 3960 ut
1614 3907 1875 3964 commutatIonem
1891 3907 1927 3963 il-

216 4001 398 4073 impremptu
413 4004 459 4054 est
475 4015 481 4052 :
499 4001 531 4053 ut
546 3996 616 4069 qula
630 3997 675 4051 est
689 3993 843 4067 paululum
854 3992 972 4065 negator
985 4008 1046 4049 cor·
1098 3990 1158 4049 lam
1174 3992 1318 4061 dicamus,
1335 4008 1424 4065 quam
1439 3993 1596 4066 Apostolus
1611 3994 1771 4052 evidenter
1782 3985 1930 4068 expressit

217 4104 296 4161 pore,
313 4085 463 4143 neoiacile
479 4089 733 4158 potestaquarum
753 4080 889 4137 interiora
913 4084 1046 4152 penetra·
1100 4081 1201 4137 dicens
1228 4097 1235 4136 :
1264 4081 1362 4138 Omnes
1388 4083 1498 4154 quidem
1520 4097 1692 4154 resurpemus
1717 4101 1727 4138 .·
1753 4099 1809 4140 non
1836 4100 1931 4142 omna

217 4193 258 4244 re,
275 4177 352 4233 m
367 4173 508 4231 cervicem
525 4172 662 4228 extendat
682 4170 717 4226 ad
740 4169 868 4242 predam
884 4184 948 4240 quae
960 4168 1044 4242 quasi
1100 4173 1193 4225 autem
1207 4169 1418 4226 immutabimur
1439 4171 1465 4242 (l
1486 4169 1546 4227 Cor.
1570 4187 1617 4238 xv,
1641 4171 1699 4244 5t).
1715 4173 1750 4227 ut
1770 4171 1849 4228 intra
1863 4173 1930 4230 ait:

217 4265 324 4335 praevIa
339 4262 444 4334 reliqui
459 4260 589 4334 corporis
604 4275 702 4316 eseam
718 4273 807 4331 quam
823 4257 977 4324 iuvenerit,
999 4274 1045 4313 ra·
1101 4262 1134 4314 st
1148 4259 1407 4327 mortuiresurpeat
1422 4260 1584 4332 interrupit,
1600 4267 1688 4316 etuas
1709 4260 1931 4318 immutabimur.
1983 4313 1991 4330 ,

218 4355 288 4424 piat,
306 4356 393 4423 utque
406 4357 519 4407 oruata
538 4347 694 4422 protunda.
711 4347 794 4402 Adde
816 4349 845 4401 et
868 4345 954 4414 illud,
975 4345 1047 4418 quia
1102 4347 1209 4419 Oportet
1223 4346 1297 4402 enim
1311 4346 1490 4420 corruptibile
1505 4347 1554 4404 boe
1567 4347 1682 4404 iuduere
1697 4349 1931 4421 incorruptelam,

218 4439 335 4495 suavIor
349 4442 378 4494 et
392 4439 485 4511 magis
501 4454 626 4494 canorus
636 4453 689 4509 per
704 4451 824 4508 procera
838 4433 978 4490 modulus
989 4434 1047 4490 eol·
1062 4480 1086 4546 D
1101 4438 1127 4491 et
1156 4435 1271 4490 mortale
1298 4433 1347 4490 laec
1373 4433 1489 4491 induere
1517 4437 1753 4493 immortalitatem
1771 4436 1852 4509 (ibid.
1882 4439 1932 4506 52,

218 4527 248 4584 la
275 4527 478 4599 dIstinguitur,
499 4532 528 4583 at
555 4525 687 4597 longiore
715 4523 920 4580 exercitatione
947 4522 1049 4595 purior
1103 4521 1306 4596 saturarique
1319 4521 1398 4580 enim
1414 4523 1652 4580 commutationIs
1667 4539 1762 4597 genus
1775 4529 1805 4582 et
1818 4525 1933 4584 lormas

217 4615 304 4688 louge
319 4614 451 4672 resultat.
1101 4628 1175 4684 quas
1190 4628 1248 4668 uon
1261 4615 1442 4683 acceperant,
1458 4611 1640 4685 interpretati
1655 4613 1724 4684 (12),
1739 4629 1931 4686 nequaquam

255 4707 298 4762 76.
315 4705 409 4772 Quam
425 4700 521 4759 dulcis
534 4701 622 4759 etiam
637 4701 667 4756 iu
682 4699 786 4775 enIguo
807 4700 915 4756 cicadis
929 4703 1047 4773 gutture
1101 4699 1339 4774 presumptionis
1354 4702 1430 4757 110
1457 4700 1592 4758 Indebitra
1621 4701 1782 4776 iucongrua
1806 4718 1934 4776 usurpa·

218 4791 377 4861 cantilena,
402 4807 528 4864 quarum
550 4789 684 4847 cundbus
708 4787 804 4845 medio
828 4791 900 4844 estu
926 4788 1049 4845 arbusta
1100 4790 1180 4847 tione
1195 4793 1362 4846 caruerunt.

218 4885 410 4955 rumpuntur,
425 4897 459 4936 eo
472 4880 550 4954 quod
567 4877 662 4952 magis
677 4893 789 4934 canora
805 4875 1046 4934 merIdianis'ca-
1135 4878 1181 4933 79.
1198 4877 1319 4933 Pboenix
1333 4892 1450 4950 quoque
1464 4877 1526 4935 avis
1549 4878 1579 4936 in
1600 4878 1672 4937 locis
1695 4879 1807 4937 brebie
1826 4879 1933 4952 perbi-

241 4999 311 5081 Ι(36)
327 4997 398 5054 biss.
412 4995 535 5080 aliquot,
552 4999 579 5050 et
592 5010 644 5067 qao
657 4994 802 5064 puriorem
815 5008 878 5048 aere
897 4992 925 5047 id
946 4997 1048 5066 tempo·
1101 4996 1158 5051 ins
1178 4994 1262 5050 eumn
1275 5009 1335 5048 aum
1353 4991 1497 5049 ae.Procul
1514 4993 1604 5050 dubio
1618 4997 1736 5068 propter
1751 4993 1823 5050 illud
1839 4993 1931 5050 Basil.

218 5070 415 5126 ruattralrunt
429 5070 568 5140 spiratum.
1103 5064 1134 5125 ὣς
1148 5010 1180 5120 af<
1195 5064 1325 5145 superque
1355 5061 1440 5129 πρῶτα
1454 5063 1609 5127 prestatur.
1676 5135 1682 5146 ·
1898 5137 1904 5146 '

255 5139 312 5212 (bt)
326 5141 397 5197 ldss.
414 5139 558 5207 nonnulli,
575 5139 675 5209 siquis
694 5151 740 5190 eas
763 5135 806 5191 oet
831 5136 908 5206 susos
927 5140 1047 5208 pertun·
1136 5135 1194 5208 (tt)
1206 5135 1282 5190 uuit.
1299 5134 1383 5218 Rom.
1399 5139 1444 5219 tiu
1456 5134 1538 5260 lippus
1552 5136 1618 5208 filis.
1637 5135 1708 5191 Aba
1731 5152 1832 5238 omues
1857 5135 1930 5192 edat.

220 5209 275 5263 dat.
1101 5212 1130 5263 et
1149 5205 1451 5277 mss.,auaus0an,
1492 5222 1546 5280 rrg.
1564 5205 1750 5280 Georq.l.n.

256 5281 311 5362 (38)
326 5281 395 5336 (iod.
419 5281 530 5353 aliquot
554 5279 682 5336 mellaris
705 5279 790 5344 note,
813 5280 864 5359 qui
881 5280 1047 5335 emeretiare
1194 5310 1350 5375 Veflmqu,
1366 5314 1396 5361 u,
1409 5311 1480 5362 som,
1494 5311 1638 5377 demunt
1653 5313 1747 5363 tenui,
1759 5309 1835 5364 gem,

219 5350 273 5405 aler
286 5353 466 5406 obstruuntur
480 5354 602 5419 tumore,
617 5354 726 5422 teratur
739 5363 858 5420 aperire.

268 5421 313 5491 39)
328 5421 447 5491 aliquot
463 5439 533 5502 mss.
550 5425 647 5477 Fertur
661 5421 706 5502 bie
719 5422 799 5491 nipsr
813 5421 924 5475 remis.
1137 5419 1194 5546 (lig
1210 5415 1648 5502 Mss.aliquot.,iulerpretuntur,
1671 5421 1721 5490 qui
1748 5433 1931 5493 nequaquam,

269 5491 313 5562 tu)
328 5492 370 5547 lta
383 5500 481 5547 cuneta
497 5509 567 5549 mss.
585 5499 613 5547 et
631 5493 701 5549 edit.
727 5495 847 5563 excepta
870 5491 966 5557 Rom,
983 5507 1046 5563 que
1101 5495 1156 5548 otc.
1195 5507 1264 5557 cen,
1281 5493 1505 5562 interpretatione
1520 5490 1637 5564 quadam
1649 5490 1873 5564 presumptionis
1888 5489 1933 5544 ia·

221 5561 301 5642 legit,
318 5564 478 5636 inspeciem
491 5578 590 5622 eruces.
604 5563 736 5620 Latmius
751 5563 907 5636 legendum
918 5563 1046 5634 condcit,
1101 5561 1207 5633 debite,
1224 5563 1379 5634 incuuaruu
1393 5563 1572 5637 usupatione
1586 5565 1751 5621 mertemcnt.
