4159 6184
138 329 180 402 93
675 327 726 397 llll
749 325 845 398 atus
864 323 1107 395 rormsluuu
1128 321 1314 396 89919919.
1804 335 1844 402 st

140 463 249 525 latest
260 465 410 540 sumit).
422 464 504 526 Certe
518 464 638 540 quidem
647 464 741 524 sancti
753 463 844 540 hujus
862 479 968 522 meror
980 467 1009 536 Α
1023 477 1159 550 separare
1187 478 1204 521 a
1238 463 1454 525 communionis
1479 483 1535 526 usu
1564 465 1667 528 merito
1695 465 1842 544 patulam

139 560 272 631 quantus
286 555 384 628 luerit,
399 556 493 614 cuivis
502 555 636 630 judicare
651 555 818 629 expeditum
828 555 889 622 est;
905 552 969 626 ipse
1023 554 1111 624 atque
1125 553 1197 610 adeo
1211 554 1400 614 verisimilius
1414 561 1460 616 est
1473 561 1607 616 sanctum
1621 558 1774 631 presulem
1791 575 1845 618 nec

140 649 243 703 umen
271 646 361 702 variis
386 642 460 702 locis
474 662 540 702 eam
566 644 720 717 expromit,
746 649 818 717 puta
838 641 869 698 in
893 638 967 715 psal.
1021 639 1118 696 eidem
1133 645 1255 713 tyranno
1272 644 1299 699 in
1317 644 1408 702 saeris
1427 663 1557 719 unquam
1581 653 1745 706 consortem
1770 648 1843 720 fieri,

138 751 187 792 am
197 734 389 807 expositione,
403 734 433 790 in
449 751 509 806 qua
521 733 645 790 virtutos
660 731 804 790 interlecti
825 727 968 804 principis
1021 743 1077 784 nec
1088 727 1409 802 aliquoadversuseum
1419 736 1844 808 temperamentoutivoluisse.

141 830 278 881 menter
291 821 404 889 laudat,
428 821 622 878 interfectoris
635 838 702 877 vero
717 819 870 893 pertidiam
894 815 967 874 acri·
1057 817 1103 873 60.
1118 819 1290 876 Ambrosius
1302 822 1457 881 Mediolani
1472 825 1574 893 redux,
1585 825 1762 900 episcopalia
1777 843 1845 884 mu·

139 911 359 984 tarvituperat.
388 911 444 968 Sed
464 911 606 966 exstincto
621 914 723 982 postea
746 909 835 965 etiam
863 905 968 962 Valen-
1022 905 1072 961 nia
1087 907 1219 978 repetiit:
1248 910 1437 984 egregiosque
1462 912 1529 969 illos
1551 929 1701 972 sermones
1726 931 1761 972 ex
1780 916 1845 990 qui·

141 998 267 1068 tiniano,
282 998 392 1057 doloris
413 999 534 1055 niodum
545 999 609 1070 jam
623 997 671 1053 vix
697 997 810 1053 babuit.
835 996 969 1066 Namque
1022 993 1079 1050 bus
1092 993 1160 1050 libri
1183 997 1221 1053 De
1244 999 1470 1071 interpretatione
1482 1001 1530 1058 lot
1544 1009 1570 1059 et
1584 1003 1671 1059 David
1692 1004 1845 1078 compositi

143 1089 176 1144 in
190 1087 345 1161 questibus
361 1091 520 1160 utrumque
533 1103 707 1160 germanum
731 1083 822 1142 simul
845 1084 968 1156 conjun·
1022 1087 1104 1150 aunt,
1116 1085 1151 1140 ab
1162 1102 1195 1141 eo
1206 1088 1409 1158 pronuntiatos
1420 1090 1632 1148 existimamus.
1652 1092 1847 1152 Conveniebat

140 1193 227 1251 gens,
243 1176 274 1233 in
289 1176 327 1234 lis
341 1175 441 1234 oculos
455 1175 535 1234 velut
546 1175 602 1232 sibi
618 1175 739 1232 effossos
754 1190 818 1232 asso
831 1173 967 1239 dellebat,
1022 1170 1128 1228 iisdem
1143 1175 1327 1248 temporibus
1341 1177 1395 1234 boc
1411 1183 1617 1252 argumentum
1632 1199 1638 1249 ;
1663 1180 1702 1238 ibi
1719 1181 1844 1255 (Admau.

141 1283 176 1324 ac
189 1265 313 1324 Davidis
329 1282 409 1324 mora
431 1265 471 1322 ita
493 1265 687 1338 querebatur:
707 1265 827 1332 Utinam,
840 1263 903 1336 tilii,
916 1277 968 1334 pro
1022 1260 1054 1314 in
1067 1260 1138 1317 eoad.
1155 1262 1215 1336 lit).
1233 1265 1342 1340 quippe
1356 1265 1454 1340 egitur
1473 1269 1509 1325 de
1530 1268 1722 1341 querimoniis
1737 1271 1845 1342 qulbus

139 1355 217 1412 mtis
232 1357 354 1413 ἰίειιὺοοι
369 1355 444 1412 tanc
466 1356 598 1427 spiritam
610 1354 749 1426 sundere!
770 1352 969 1424 compendium
1023 1351 1147 1422 uterque
1160 1351 1265 1410 borum
1281 1361 1449 1412 sanctorum
1465 1356 1529 1413 vitas
1544 1357 1679 1415 bumana
1696 1358 1845 1416 calamita·

139 1444 248 1502 doloris
263 1445 433 1508 inermem,
447 1447 474 1500 et
487 1444 633 1516 gloriosius
646 1444 717 1499 mitt
729 1445 822 1514 suerat
833 1457 884 1514 pro
903 1445 968 1495 tan·
1022 1441 1068 1492 tes
1080 1441 1140 1494 tam
1156 1457 1309 1514 corporeas
1323 1459 1412 1516 quam
1429 1444 1574 1518 spiritales
1598 1445 1845 1504 lamentabantur.

139 1536 178 1590 tis
191 1534 272 1590 obire
295 1534 461 1606 pignoribus
486 1532 564 1603 (itid.
581 1548 664 1588 num.
680 1531 736 1603 39).
758 1534 968 1587 Verumtamen
1023 1525 1135 1584 Ibidem
1150 1530 1238 1587 etiam
1268 1531 1467 1590 discutiuntur
1490 1533 1547 1589 illes
1575 1534 1710 1606 querele,
1729 1551 1804 1608 quas
1819 1541 1849 1592 et

140 1639 201 1679 non
214 1626 372 1694 tantopere
386 1639 440 1680 sua
464 1620 693 1687 causadolebat,
707 1635 797 1694 quam
822 1617 967 1682 scelests,
1021 1614 1222 1688 improborum
1239 1623 1417 1695 prosperitas
1430 1624 1628 1681 etadversitas
1642 1624 1784 1681 bonorum
1800 1640 1848 1680 so·

140 1729 207 1786 quas
222 1709 349 1768 immani
362 1710 481 1766 vnlnere
495 1709 685 1767 sentiebatur
698 1707 809 1765 crudeli
825 1709 902 1764 cade
915 1707 969 1762 bn·
1022 1703 1084 1761 lent
1098 1706 1211 1766 elicere.
1228 1711 1397 1768 Tractanda
1418 1728 1504 1785 porro
1525 1713 1757 1786 exornandeque
1778 1712 1847 1770 buin

136 1802 190 1874 jus
204 1799 361 1874 principis,
376 1816 463 1873 quem
478 1815 514 1856 ex
528 1796 626 1855 indole
640 1798 735 1872 ipsius
749 1802 839 1869 atque
863 1797 968 1853 virtute
984 1839 1008 1905 B
1024 1797 1153 1852 materiae
1167 1796 1381 1871 pulcherrimos
1396 1817 1529 1874 quosque
1545 1801 1624 1859 locos
1637 1802 1705 1858 libri
1720 1803 1775 1859 Job
1787 1801 1848 1858 ale·

140 1890 308 1947 maximum
323 1887 379 1945 sibi
394 1889 579 1946 defensorem
607 1886 668 1944 iore
696 1889 863 1960 speraverat
889 1885 967 1958 (idid.
1024 1889 1128 1958 gunter
1154 1886 1352 1960 expontanea
1381 1889 1480 1946 minus
1507 1893 1610 1963 argute
1630 1888 1704 1964 psal.
1721 1905 1849 1957 xu,xau

140 1995 227 2036 num.
243 1979 285 2049 6).
1023 1977 1053 2030 et
1067 1989 1142 2032 mxu
1157 1979 1274 2033 enarrat
1287 1981 1317 2033 st
1331 1977 1468 2034 illustrat

175 2069 223 2124 58.
240 2067 385 2124 Castorum
408 2082 467 2122 non
494 2065 567 2124 solis
589 2065 687 2122 verbis
701 2081 761 2139 prae
775 2080 807 2122 se
820 2062 889 2120 tulit
902 2080 970 2120 san·
1060 2064 1105 2120 61.
1123 2063 1185 2137 (An.
1202 2065 1277 2137 stt.)
1298 2065 1421 2124 Videtur
1435 2067 1572 2126 similiter
1593 2073 1714 2126 sanctus
1736 2068 1848 2143 episco-

142 2161 209 2213 ntus
218 2155 378 2229 episcopus
386 2155 592 2228 quantnmeibi
603 2153 712 2212 doloris
720 2153 881 2225 peperisset
892 2168 971 2210 mors
1025 2169 1081 2224 pus
1095 2153 1224 2210 dolorem
1239 2171 1328 2212 suum
1342 2156 1379 2212 de
1394 2156 1523 2214 Gratiani
1539 2157 1656 2216 oedein
1671 2157 1731 2215 illis
1741 2175 1850 2218 sermo-

142 2244 289 2312 Gratiani,
305 2260 405 2300 uerum
420 2247 449 2300 et
476 2243 572 2310 lactis,
601 2260 691 2316 qnam
719 2241 970 2299 obarasibiesset
1025 2241 1175 2312 nibus,ex
1203 2243 1311 2316 quibus
1336 2251 1450 2302 constat
1478 2247 1601 2316 (tilmon.
1632 2249 1662 2303 in
1687 2248 1760 2304 tunc
1787 2248 1849 2317 lib.)

143 2332 225 2390 illius
240 2331 394 2400 memoria,
419 2331 567 2389 declarare
593 2331 696 2388 voluit.
713 2331 826 2388 litenim
842 2328 971 2386 Valenti·
1026 2331 1156 2402 Apologia
1169 2333 1309 2404 prophete
1322 2335 1419 2398 Duum,
1443 2335 1624 2408 patefecisse,
1634 2335 1702 2392 licet
1713 2337 1849 2394 eumdem

143 2421 235 2478 niano
265 2437 406 2495 germano
433 2424 499 2490 ejus
527 2419 669 2493 puerilem
696 2424 811 2476 atatem
840 2419 971 2474 nondum
1025 2417 1196 2476 Gratianum
1214 2437 1361 2494 nusquam
1377 2423 1436 2479 illic
1460 2424 1662 2480 nominaverit.
1687 2424 1722 2482 Ut
1749 2429 1849 2482 autem

143 2526 277 2584 egressa
293 2513 448 2582 paternam
468 2507 600 2565 animum
617 2525 651 2566 ac
665 2508 860 2581 patrocinium
876 2506 972 2562 omni·
1025 2506 1062 2562 de
1077 2506 1132 2563 boc
1146 2515 1319 2582 argumento
1344 2512 1431 2567 verba
1459 2511 1575 2579 laceret,
1600 2528 1635 2568 aa
1650 2528 1680 2570 re
1703 2511 1849 2586 impulsus

143 2615 183 2656 no
221 2597 366 2668 exhibuit,
395 2602 428 2653 ut
464 2598 528 2670 ipse
563 2601 690 2655 testetur
720 2598 751 2654 in
788 2595 840 2652 illa
863 2595 971 2650 uerba:
1025 2599 1081 2663 est,
1097 2597 1175 2668 quod
1200 2599 1350 2670 geminum
1380 2599 1499 2656 Davidis
1527 2601 1648 2668 crimen,
1672 2599 1849 2658 adulterium

143 2688 200 2759 Epo
226 2695 254 2742 te
282 2688 389 2760 suscepi
414 2688 573 2760 paruulum,
589 2703 652 2743 eam
683 2685 789 2758 tqarar
811 2684 847 2741 ad
870 2685 972 2741 botoem
1025 2699 1131 2757 nempe
1159 2691 1247 2758 atque
1273 2685 1476 2754 homicidium,
1505 2689 1649 2760 quosdam
1685 2689 1851 2746 offendebat

144 2785 225 2832 uam
237 2791 396 2848 pergerem
410 2792 457 2848 eqo
477 2777 595 2834 Iustinae
610 2776 741 2832 maternis
756 2773 890 2831 traditum
912 2789 972 2828 nra·
1024 2771 1112 2846 longe
1135 2775 1317 2847 gravissime.
1335 2775 1440 2832 Probat
1465 2776 1554 2850 igitur
1577 2778 1687 2834 mirum
1702 2793 1760 2834 non
1773 2793 1848 2846 esse,

143 2865 227 2922 nibus
241 2862 387 2937 amplectier
412 2881 475 2922 sam
501 2870 553 2935 (tte
580 2865 655 2922 obitu
680 2865 785 2923 Valent.
816 2879 898 2919 num.
913 2860 971 2932 28).
1026 2862 1104 2934 quod
1126 2862 1214 2920 bomo
1238 2863 1351 2938 fragilis
1374 2864 1508 2922 inciderit
1530 2865 1560 2921 in
1579 2864 1641 2922 bac
1666 2865 1783 2934 delicta,
1799 2867 1850 2924 sed

142 2954 268 3011 iustine
282 2952 415 3011 videlicet
441 2971 509 3011 cum
537 2953 698 3028 improvisa
725 2951 856 3009 Gratiani
880 2954 973 3006 morte
1026 2951 1250 3010 admirationem
1265 2951 1338 3010 illud
1358 2953 1472 3021 mereri,
1489 2954 1567 3026 quod
1590 2959 1691 3012 tantus
1715 2954 1850 3028 princeps

144 3043 250 3100 omnia
277 3042 400 3100 conium
421 3047 452 3098 et
468 3042 651 3114 perturbata,
678 3037 972 3115 sequescllliumiu
1025 3043 1087 3096 tam
1104 3047 1268 3114 promptam
1284 3047 1404 3116 temque
1419 3041 1561 3101 humilem
1581 3043 1703 3100 admissi
1717 3044 1851 3101 criminis

144 3147 268 3188 summo
283 3130 411 3203 periculo
440 3148 505 3187 esse
532 3132 724 3205 conspiceret,
754 3131 911 3203 confugere
935 3129 972 3185 ad
1025 3129 1240 3186 contessionem
1264 3132 1350 3189 edere
1372 3131 1507 3200 valuerit,
1532 3131 1767 3206 etidemipsum
1783 3149 1850 3190 cum

146 3219 340 3276 Ambrosium
367 3219 556 3291 quantumvis
570 3219 627 3292 ipsi
642 3220 757 3276 intensa
770 3225 858 3288 esset,
875 3205 1010 3274 coactaC
1028 3216 1151 3291 longiori
1167 3219 1366 3293 asperiorique
1380 3221 1492 3278 diluere
1507 3221 1687 3294 pmnitentia,
1703 3227 1765 3278 tum
1781 3237 1850 3278 con-

148 3309 213 3365 luit.
230 3308 292 3364 lllis
310 3306 976 3382 igiturtemporibusdllllcillimieAmbrosius
1027 3308 1111 3364 tinuo
1140 3308 1285 3365 bonorum
1313 3326 1433 3383 operum
1469 3310 1604 3367 exercitio
1632 3314 1738 3383 tegere.
1768 3310 1851 3366 lluno

147 3396 345 3471 periculosam
370 3397 405 3455 ad
433 3396 592 3454 Maximum
613 3396 789 3470 legationem
805 3413 864 3453 non
879 3396 974 3452 detre-
1028 3411 1114 3468 porro
1129 3395 1249 3466 librum,
1266 3397 1291 3455 si
1314 3398 1590 3471 antiquissimorum
1610 3397 1723 3471 aliquot
1746 3415 1851 3454 manu·

146 3486 247 3549 eterit,
263 3491 292 3542 et
307 3486 383 3559 apud
408 3485 494 3542 illum
519 3485 645 3543 Victoris
664 3485 781 3543 comitis
795 3485 832 3542 ad
846 3483 973 3542 Valenti·
1027 3485 1204 3558 scriptorum
1218 3487 1399 3560 inscriptioni
1424 3487 1512 3544 lldsm
1527 3487 1700 3554 babeamus,
1716 3487 1852 3545 Theodo-

147 3575 274 3632 niannm
289 3575 327 3630 ab
340 3575 442 3632 eodem
454 3579 577 3649 tyranno
588 3573 673 3632 missi
684 3574 812 3632 reditum
827 3575 973 3648 operiens,
1027 3571 1073 3632 sio
1088 3577 1190 3647 postea
1202 3574 1284 3632 misit
1297 3575 1420 3633 antistes
1431 3579 1540 3643 noster,
1554 3581 1587 3633 nt
1601 3593 1704 3650 nempe
1720 3575 1803 3633 illum
1815 3577 1851 3632 ad

147 3681 201 3737 per
227 3667 322 3720 totam
350 3663 477 3722 hiemem
501 3669 702 3722 commoratus
729 3668 774 3721 est
796 3663 893 3736 (epist.
927 3663 973 3728 st,
1027 3661 1214 3735 expiandam,
1240 3662 1357 3720 Davidis
1380 3663 1484 3734 instar,
1508 3666 1615 3723 cadem
1638 3665 1850 3724 Thessalonice

145 3767 231 3809 num.
246 3754 287 3823 7).
303 3754 478 3825 Quanquam
494 3757 592 3810 autem
609 3753 709 3811 omnia
721 3758 792 3810 tunc
817 3756 902 3809 erant
917 3751 974 3825 ple·
1028 3750 1111 3808 urbis
1125 3751 1161 3808 ab
1176 3768 1209 3808 eo
1220 3751 1337 3823 jussam
1352 3752 1562 3810 exstimularet.

145 3858 186 3898 na
200 3840 395 3909 discriminis,
407 3848 571 3899 nontamen
583 3842 851 3915 dignitatemsuam
863 3841 975 3911 putavit
1063 3841 1108 3894 62.
1125 3839 1319 3913 Symmachus
1345 3841 1399 3898 bon
1428 3859 1505 3898 anno
1534 3842 1736 3914 prefecturam
1764 3842 1850 3899 Urbis

144 3929 360 4002 dejiciendam
376 3931 427 3988 sed
443 3931 532 3988 simul
543 3931 786 4005 magnanimitate
800 3946 834 3988 ac
850 3930 974 4002 pruden·
1027 3928 1271 3985 administrabat:
1298 3930 1324 3986 is
1337 3929 1536 3986 contusionem
1558 3946 1657 3986 rerum
1673 3946 1706 3986 ac
1723 3929 1850 3986 Valenti·

143 4019 188 4075 tia
201 4035 288 4083 usus,
313 4018 355 4076 ita
378 4035 445 4076 cum
460 4026 584 4092 tyranno
598 4018 667 4092 egit,
682 4023 715 4074 ut
729 4018 873 4075 obtineret
886 4018 924 4073 ab
939 4034 973 4074 eo
1027 4017 1107 4072 niani
1123 4017 1207 4089 pueri
1223 4019 1384 4090 matrisque
1398 4019 1522 4076 iustine
1533 4018 1755 4092 trepidationem
1771 4031 1849 4074 rom-

143 4107 304 4180 postulata.
331 4107 409 4164 Sane
436 4106 512 4164 banc
527 4107 592 4180 ejus
620 4107 795 4180 legationem
818 4122 904 4163 nemo
920 4106 974 4163 luit
1027 4107 1146 4162 modam
1166 4111 1259 4174 ratus,
1277 4107 1587 4180 iterumprolanarum
1602 4106 1789 4180 religionum,
1806 4106 1850 4164 sl·
1892 4161 1901 4170 ,

143 4196 196 4269 qui
211 4211 272 4251 non
296 4195 443 4268 probaret,
470 4201 574 4268 preter
601 4195 774 4252 Maximum.
791 4195 910 4278 lsenim
926 4209 972 4250 se·
1026 4195 1100 4251 tanis
1126 4194 1271 4261 Victoriae,
1310 4211 1344 4252 ac
1380 4196 1598 4270 privilegiorum
1636 4196 1849 4254 restitutionem

143 4283 247 4356 quenti
260 4300 338 4341 anno
352 4284 506 4359 deceptum
521 4301 554 4341 se
568 4284 605 4340 ab
615 4300 649 4341 eo
664 4300 729 4340 esse
743 4282 901 4356 quiritatus
915 4287 970 4340 est.
1026 4287 1124 4356 petere
1139 4283 1300 4340 constituit.
1314 4282 1508 4348 Quamobrem
1525 4285 1693 4359 imperatori
1718 4284 1849 4342 libellum

144 4372 273 4430 Antiates
288 4389 356 4429 vero
370 4372 438 4430 licet
452 4373 506 4430 has
529 4372 665 4447 querelas
685 4371 743 4430 sibi
768 4371 910 4446 gloriosas
925 4389 971 4428 ar·
1026 4371 1133 4429 obtulit
1147 4372 1286 4430 omnibus
1300 4372 1477 4430 calamistris
1500 4373 1674 4447 eloquentiae
1700 4377 1851 4446 comptum

143 4461 316 4528 bitraretnr,
341 4461 449 4532 injuria
477 4467 575 4519 tamen
595 4479 646 4519 eas
668 4461 770 4518 baberi
798 4460 971 4535 planissime
1025 4465 1055 4518 et
1068 4459 1217 4519 excultum
1232 4462 1316 4533 (lom.
1331 4462 1366 4530 ll,
1384 4477 1450 4536 pag.
1464 4463 1539 4534 828).
1568 4463 1604 4520 ut
1625 4463 1745 4535 quidem
1771 4462 1850 4520 elan·

143 4550 276 4606 ostendit
290 4550 370 4622 (ibid.
388 4568 471 4608 num.
487 4552 526 4623 5).
985 4572 1009 4639 Ι)
1025 4549 1125 4608 culum
1140 4566 1202 4608 rem
1218 4554 1379 4608 tentaverat
1393 4554 1491 4608 orator
1506 4551 1570 4618 illa;
1587 4552 1638 4608 sed
1651 4555 1766 4608 et'tlcare
1777 4567 1851 4608 neu-

177 4639 224 4694 59.
239 4637 274 4694 Et
287 4638 350 4696 bec
364 4639 482 4712 quidem
497 4656 533 4696 ex
546 4640 701 4696 ambrosio
716 4640 781 4712 ipso
804 4637 967 4696 discimus:
1024 4639 1138 4712 tiquam
1154 4639 1260 4711 potuit,
1271 4654 1307 4694 ne
1321 4639 1432 4695 veniret
1442 4639 1473 4694 in
1484 4640 1629 4697 Ambrosii
1641 4639 1848 4713 cognitionem.

142 4729 174 4782 at
185 4731 339 4800 praeterea,
354 4733 386 4784 ut
400 4725 541 4785 Paulinus
569 4734 671 4784 auctor
696 4735 751 4796 est,
775 4729 969 4785 Maximuma
1023 4728 1076 4785 llic
1100 4745 1168 4801 ergo
1196 4727 1283 4784 istius
1309 4727 1424 4784 consilii
1449 4729 1544 4785 lactus
1569 4728 1685 4796 certior,
1716 4726 1848 4784 libellum

140 4817 344 4872 mmanmnis
357 4820 491 4874 consortio
512 4817 712 4890 seqrepandnm
731 4818 849 4889 putauit,
871 4817 968 4874 admn
1025 4817 1114 4890 (epist.
1132 4819 1177 4883 17)
1192 4821 1220 4872 et
1235 4815 1298 4888 ipse
1312 4814 1356 4871 vel
1371 4815 1526 4888 epistolam
1541 4815 1716 4890 episcopalis
1741 4813 1848 4884 vigoris

140 4920 210 4960 nens
224 4904 510 4977 atetlaaiannqninis
524 4906 742 4974 domininici
757 4905 882 4977 qaodeet
905 4922 969 4977 qra-
1024 4904 1140 4978 planam
1156 4903 1361 4960 Valentiniano
1390 4905 1545 4960 contestim
1570 4905 1736 4974 deditque
1758 4899 1847 4956 libelli

141 4994 203 5049 mur
217 4994 382 5062 namna,
400 4997 697 5068 cqeretpoenitcntinm
719 4993 846 5067 (Paulin.
863 4996 895 5050 in
912 4995 971 5051 Vita
1024 4991 1241 5068 Symmachiani
1268 4991 1323 5047 sibi
1351 4993 1466 5065 copiam
1492 4993 1554 5050 lteri
1579 4989 1756 5064 postulabat,
1777 4992 1810 5044 ut
1823 4989 1849 5046 ei

142 5081 250 5148 dmin,
268 5081 423 5154 sumiti).
453 5083 557 5141 Verum
576 5099 645 5140 cum
671 5086 790 5140 sanctos
803 5083 909 5156 presul
924 5099 970 5139 sa·
1024 5082 1213 5155 responderet
1236 5080 1412 5138 accuratius.
1440 5082 1541 5152 ltaque
1564 5095 1632 5135 mox
1656 5082 1690 5133 ut
1705 5093 1722 5138 a
1736 5077 1850 5134 (lesere

142 5169 200 5226 mel
215 5186 252 5227 aa
266 5169 373 5226 iterum
388 5171 502 5245 legatus
515 5173 550 5229 ad
567 5171 727 5229 Maximum
742 5169 890 5244 proiectus
906 5172 969 5227 lue·
1025 5173 1079 5228 boc
1094 5171 1236 5244 scriptum
1252 5169 1388 5238 obtinuit,
1413 5175 1474 5226 tam
1496 5167 1650 5242 perspicue
1664 5171 1785 5238 tamque
1801 5184 1848 5224 va·

142 5260 191 5326 rit,
207 5265 238 5316 et
252 5258 342 5317 hasce
356 5259 430 5318 duas
459 5261 619 5333 legationes
646 5277 705 5316 non
733 5259 896 5333 distinguat
921 5259 970 5317 bic
1004 5260 1082 5318 .lide
1097 5258 1320 5334 singulaipsius
1331 5259 1427 5332 capita
1440 5256 1526 5313 diluit
1536 5272 1569 5312 ac
1581 5255 1742 5314 conl'utavit
1751 5254 1848 5329 (epist.

141 5345 220 5404 idem
236 5352 354 5417 auctam
369 5367 405 5408 ex
426 5350 502 5408 sarie
526 5349 701 5408 narrationis
724 5346 905 5423 probabilius
926 5353 971 5406 est
1024 5351 1081 5424 ta),
1099 5354 1130 5406 nt
1152 5347 1327 5422 Symmacho
1358 5345 1554 5404 necessarium
1581 5360 1671 5418 snper
1697 5360 1732 5401 aa
1760 5360 1849 5400 causa

141 5435 266 5494 citatum
279 5435 376 5496 locum
391 5438 546 5512 posteriori
559 5438 656 5512 magis
666 5438 820 5512 quadrare.
833 5441 969 5496 Attamen
1024 5437 1175 5496 silentium
1189 5436 1359 5510 imponeret.
1370 5433 1451 5488 Hunc
1466 5434 1629 5489 secundum
1640 5431 1772 5490 libellum
1783 5437 1851 5505 post

141 5543 199 5583 non
215 5525 334 5584 ridetur
357 5528 540 5595 Ambrosius,
566 5524 715 5597 siqnidem
734 5526 765 5582 in
781 5525 877 5598 prima
891 5525 970 5602 lega·
1023 5526 1215 5585 vindemiales
1226 5523 1312 5582 leriae
1327 5523 1470 5593 scripturn
1490 5521 1660 5595 imperatori
1675 5521 1848 5578 Ambrosius

138 5614 220 5673 tione
235 5618 487 5674 communicasset
496 5633 564 5674 oum
576 5613 710 5681 Maximo,
723 5629 790 5671 eum
800 5614 829 5671 in
840 5620 970 5676 secunda
1024 5621 1124 5676 noster
1138 5613 1212 5672 tradi
1228 5608 1348 5678 curavit,
1365 5624 1453 5682 quem
1478 5608 1598 5684 quidem
1613 5609 1756 5678 libellum,
1773 5608 1850 5666 sicut
