4159 6184
142 384 195 455 ccl
655 386 706 451 otc
727 383 850 452 cleos
873 378 929 450 ΕΤ
950 382 1043 450 Vtra
1063 382 1199 454 schah
1219 387 1293 454 trs.
1316 386 1356 454 ll.
1805 389 1868 455 ddi

142 522 275 599 mmsis
287 516 453 598 implicatus
468 518 695 595 impedimento,
722 528 751 579 et
777 519 917 595 vigilanti
948 521 1276 591 inAsideriacollium
1291 528 1468 583 eternorum
1485 520 1567 597 (ibid.
1584 521 1640 596 td).
1658 544 1673 575 o
1694 521 1769 589 Ouid
1798 524 1867 582 dul·

144 616 246 674 lutura
277 618 409 687 tempora
433 612 636 683 precurrebat
664 612 780 681 allecta,
800 611 907 667 dicens
943 610 977 666 de
1034 614 1099 669 cius
1120 613 1348 672 benedictione?
1379 614 1453 680 Ouid
1480 614 1592 687 timim
1621 614 1809 671 mimum?
1832 615 1869 671 Et

144 704 382 780 persecutoribus
397 700 527 770 Domini,
545 702 596 775 qui
625 704 661 759 da
687 703 765 757 trihu
795 700 920 757 Simeon
950 704 979 756 et
1032 702 1508 773 ipsaverbasuntcantus,etin
1532 702 1628 759 verbis
1648 718 1757 777 magna
1784 709 1867 762 voto·

143 794 211 853 Lavi
251 794 307 866 (60)
350 794 481 848 auctores
512 794 599 847 erant
622 792 759 864 nequitie
780 790 973 863 processuri:
1033 808 1100 846 rum
1116 794 1190 848 sunt
1204 792 1333 863 premia,
1350 792 1523 847 meritorum
1534 791 1661 865 lastigie.

141 881 458 942 Inconsiliumeorum
475 895 536 934 non
559 880 657 937 veniat
683 880 783 935 anima
812 896 882 935 mea
908 880 976 951 (61),
1070 880 1113 935 lt.
1130 879 1461 944 Quidsuaviussancto
1488 880 1608 952 Josepb,
1636 881 1687 953 qni
1715 898 1768 938 nos
1792 882 1866 939 libe·

141 976 171 1029 et
197 973 228 1027 in
256 985 411 1027 occursum
437 983 544 1023 eorum
571 985 628 1024 non
658 968 835 1024 contendant
863 967 978 1024 viscera
1032 969 1108 1026 ravit
1126 970 1344 1039 abopprobrio,
1361 968 1460 1024 crucis
1476 969 1635 1025 [lominica
1655 974 1866 1031 sacramento?

139 1078 206 1119 mea
220 1060 308 1131 (Gen).
326 1076 401 1125 xcix,
418 1058 456 1126 6).
474 1078 488 1107 a
507 1056 582 1121 Quia
598 1060 694 1113 autem
711 1062 771 1112 tam
801 1056 919 1112 validus
946 1057 976 1111 in
1032 1056 1208 1114 sicutenim
1221 1056 1414 1114 maledictum
1444 1058 1540 1113 lactus
1568 1062 1613 1114 est
1653 1058 1801 1129 Christus,
1833 1066 1866 1119 ut

138 1150 254 1217 virtute,
270 1164 361 1221 quam
382 1145 463 1204 sortis
493 1144 554 1200 iste
583 1146 613 1203 in
642 1145 824 1211 inllrmitate,
852 1145 903 1216 qni
932 1145 975 1200 di·
1032 1143 1223 1201 maledictum
1240 1146 1366 1202 solveret
1383 1145 1863 1219 Legisiflillessfflillffls³⁰i¹¹⁸⁰⁸is

141 1240 224 1297 cebet
240 1256 246 1294 :
266 1260 277 1287 ι
296 1235 472 1293 Maledictus
487 1234 576 1290 furor
590 1250 702 1305 eorum,
728 1234 799 1306 quia
828 1234 976 1307 superbus
1032 1239 1066 1290 ut
1080 1234 1184 1289 mundi
1195 1240 1349 1306 peccatum
1361 1232 1476 1290 tolleret
1492 1234 1751 1308 :itaopprobrium
1769 1239 1864 1300 lactus

140 1334 169 1387 et
182 1326 375 1393 onerarium
392 1324 477 1381 stira
494 1322 629 1392 illorum,
653 1322 722 1394 quia
747 1322 891 1378 indurata
919 1326 974 1378 aet.
1032 1327 1087 1389 est,
1103 1328 1136 1378 ut
1150 1323 1325 1396 gentilitatis
1339 1322 1531 1396 opprobrium
1547 1325 1693 1395 auffllfflit
1714 1328 1766 1383 Sed
1790 1328 1864 1389 illud

140 1417 273 1476 Dividam
287 1432 339 1472 eos
359 1414 389 1470 in
402 1412 506 1479 Jacob,
525 1415 555 1468 ct
570 1412 737 1484 dispergam
762 1409 974 1467 illosinlsracl
1032 1411 1225 1483 opprobrium
1249 1411 1359 1470 Christi
1388 1410 1539 1468 thesauris
1563 1412 1678 1489 AEgypti
1706 1417 1864 1489 pretiosius

138 1508 218 1579 “bl-d·
236 1509 274 1574 7)Ι
292 1526 307 1555 „
1033 1500 1212 1556 estimatum
1222 1504 1277 1557 est.
1292 1503 1328 1557 Et
1342 1501 1410 1556 ideo
1427 1500 1541 1575 Moyses
1568 1503 1678 1562 Pharao
1704 1507 1783 1580 regis
1812 1526 1863 1567 au-

174 1596 218 1651 39.
235 1589 769 1660 Quisverotamcanoruscantihus,
802 1605 891 1660 quam
920 1588 976 1645 istc
1032 1588 1092 1645 lam
1107 1587 1238 1661 reliquit,
1249 1592 1278 1645 et
1306 1588 1377 1645 fidei
1407 1588 1495 1662 clegit
1522 1592 1726 1666 opprobrium,
1756 1598 1803 1654 cui
1832 1616 1864 1657 se

141 1685 269 1753 vocibus,
285 1683 339 1755 qui
355 1686 415 1739 toto
431 1680 559 1737 auditus
575 1682 619 1735 est
633 1678 755 1747 mundo,
773 1676 884 1750 quiper
912 1693 976 1733 om·
1033 1677 1191 1749 opprobrio
1206 1679 1301 1733 maria
1316 1677 1500 1735 dividebant.
1516 1681 1582 1753 Ipse
1597 1698 1665 1756 ergo
1675 1684 1862 1757 Nepbthalim

141 1792 193 1831 nes
221 1772 357 1847 populos,
392 1786 443 1843 per
469 1784 582 1824 omnes
611 1766 729 1822 auditur
753 1766 876 1823 aetates?
904 1767 976 1832 Quis
1032 1766 1211 1821 vitiatotum
1241 1766 1369 1822 remissa
1397 1782 1451 1837 per
1478 1770 1636 1839 mundum,
1666 1777 1698 1829 ut
1725 1775 1863 1836 omnibus

141 1862 317 1920 tamsuavis
342 1874 484 1917 numerus
517 1858 631 1929 septem
659 1870 764 1910 vocum
793 1854 974 1911 differentias
991 1888 1016 1953 B
1034 1852 1151 1935 populis
1191 1854 1356 1911 ubertatem
1389 1855 1485 1926 poculi
1515 1857 1656 1929 spiritalis
1684 1861 1861 1923 iniunderet.

141 1951 296 2009 oblocutus
325 1950 396 2019 (62),
426 1960 517 2019 quam
548 1944 605 1999 iste
635 1940 819 2016 septemplici
848 1941 978 2015 Spiritus
1034 1942 1159 2014 lpseeat
1181 1942 1351 2013 ampliatus,
1369 1941 1484 1999 habens
1515 1962 1623 2003 nomen
1661 1965 1750 2021 super
1777 1968 1863 2010 omne

140 2038 329 2097 sanctim
346 2036 441 2110 gratia
454 2031 635 2089 resultavit?
649 2030 712 2097 3Qui
734 2029 802 2088 licet
835 2030 978 2087 membris
1035 2046 1153 2100 nomen,
1174 2030 1224 2101 qui
1240 2030 1383 2103 queniam
1399 2048 1431 2087 se
1447 2050 1499 2105 pro
1514 2035 1652 2093 omnibus
1665 2038 1773 2096 obtulit
1788 2057 1864 2108 mor·

143 2126 301 2193 resolutus,
318 2131 420 2181 tamen
436 2120 578 2179 attollens
601 2136 633 2177 se
662 2120 771 2187 animo,
801 2123 829 2175 et
859 2120 977 2193 erigens
1033 2118 1067 2188 ti,
1085 2118 1411 2176 ideoaudivitaPatre
1429 2139 1436 2178 ε
1453 2123 1526 2179 «Ad
1542 2130 1756 2184 merevertere.
1775 2150 1786 2179 v
1808 2128 1862 2186 Lo-

144 2216 262 2289 spiritu,
273 2212 408 2287 corporis
423 2212 469 2267 sui
485 2214 630 2282 tanquam
652 2208 770 2264 cithara
789 2208 976 2264 harmoniam
1034 2208 1180 2279 qaebatur
1193 2208 1294 2276 Jacob,
1310 2213 1340 2264 et
1356 2208 1435 2267 Dens
1460 2212 1643 2271 audiebatur.
1673 2214 1724 2272 lile
1743 2217 1862 2274 benedi-

144 2303 291 2362 dissoluta
302 2302 506 2358 membrorum
536 2312 676 2369 compage
705 2298 886 2354 destructam
917 2295 994 2351 alta·
1034 2296 1128 2362 cahat,
1144 2299 1172 2351 et
1183 2296 1260 2352 Deus
1275 2299 1456 2368 personabat
1473 2301 1575 2359 diceus
1604 2303 1683 2359 Flio:
1701 2327 1716 2355 a
1744 2306 1788 2362 ltd
1816 2323 1864 2363 ma

143 2395 244 2449 mente
259 2389 428 2462 despiciens
443 2402 502 2442 non
518 2383 695 2457 requirebat,
713 2384 763 2441 sed
792 2385 916 2441 otiosam
932 2384 979 2455 ja·
1034 2389 1187 2450 revertare,
1205 2406 1218 2432 »
1248 2384 1303 2439 hoc
1336 2391 1393 2455 est,
1419 2393 1486 2460 post
1510 2390 1680 2462 passionem
1708 2398 1862 2451 revertere.

141 2480 306 2538 cerebumi
326 2476 503 2550 patiebatur.
520 2476 694 2546 lpseaulem
723 2478 811 2529 cantu
842 2490 873 2529 se
902 2472 978 2528 mul·
1036 2472 1189 2528 Revertere
1204 2473 1241 2529 ad
1257 2473 1357 2529 sedem
1373 2479 1466 2546 tuam,
1488 2483 1629 2537 revertere
1657 2486 1861 2556 cumtropao,

140 2569 371 2633 cebalintcrno,
389 2570 418 2621 st
441 2562 611 2636 prophetico
636 2578 667 2618 se
697 2562 897 2619 modulamine
927 2562 977 2617 de·
1035 2564 1179 2616 revertere
1208 2562 1244 2616 ad
1272 2577 1339 2631 ma;
1370 2569 1404 2621 ut
1431 2569 1460 2623 to
1485 2572 1687 2641 resurgentem
1729 2570 1861 2628 defuncti

141 2657 273 2714 lactabat
288 2656 410 2711 dicens:
429 2675 443 2703 v
459 2652 547 2720 tuda,
564 2654 591 2707 te
606 2650 770 2707 laudabunt
786 2653 890 2707 fratres
913 2649 975 2706 tui:
1034 2651 1208 2719 sequantur,
1224 2654 1252 2705 et
1267 2654 1317 2706 tua
1332 2657 1476 2723 potestate
1487 2655 1609 2728 pariter,
1624 2662 1714 2730 atque
1728 2657 1861 2731 exemplo
1894 2664 1896 2669 ’

143 2748 324 2802 manustuae
354 2758 443 2813 super
472 2741 593 2797 dorsum
620 2738 808 2797 inimicorum
836 2745 975 2797 tucrum:
1034 2742 1204 2809 resurgant,
1220 2742 1253 2792 ut
1267 2738 1322 2794 lias
1338 2742 1553 2816 primogenitus
1567 2762 1602 2801 ex
1617 2746 1752 2814 mortuis,
1769 2751 1802 2802 ut
1822 2747 1859 2803 ad

146 2830 425 2890 adorabunttetilii
442 2827 599 2901 patristui.
616 2826 737 2884 Catulus
753 2828 848 2885 leonis
876 2828 974 2884 tuda:
1033 2825 1182 2881 dexteram
1215 2826 1316 2882 sedeas
1345 2829 1449 2887 Patris.
1479 2832 1562 2888 Unde
1589 2837 1619 2889 et
1647 2832 1738 2890 Filius
1766 2834 1857 2891 dixit:

148 2939 185 2979 ax
198 2920 331 2993 germine
346 2918 408 2974 nihi
424 2916 600 2975 ascendisti:
632 2918 806 2973 recumbens
840 2914 976 2972 dormisti
1035 2913 1330 2972 «Amodovidebilis
1357 2918 1464 2976 Filium
1487 2920 1618 2977 hominis
1646 2922 1796 2979 sedentem
1820 2924 1857 2981 td

150 3020 186 3066 ut
198 3008 256 3075 leo,
271 3012 453 3079 ettanquarn
470 3006 585 3061 catulus
599 3004 702 3060 leonis.
730 3005 800 3070 Quis
821 3002 978 3062 suscitabit
1034 3000 1183 3057 dexteram
1197 3002 1314 3059 virtutis
1330 3004 1381 3062 Dei
1395 3007 1497 3079 (datm
1514 3026 1590 3078 xxvi,
1604 3010 1660 3082 64).
1676 3032 1691 3063 »

150 3094 534 3169 illumfflmfflffl„
564 3095 600 3149 Er
613 3092 689 3148 infra
709 3111 715 3149 ς
735 3114 749 3143 a
762 3093 881 3151 Lavabit
894 3092 924 3147 in
939 3090 979 3146 vi-
1070 3090 1115 3143 42.
1132 3090 1221 3162 Neget
1237 3091 1303 3163 quis
1337 3094 1457 3152 beatum
1487 3096 1577 3153 Jacob
1606 3097 1636 3154 in
1664 3098 1729 3171 ipso
1756 3100 1860 3156 mortis

150 3204 191 3243 no
207 3185 312 3243 stolam
329 3202 424 3252 suam,
439 3184 466 3239 ai
481 3183 511 3237 in
527 3180 670 3255 sanguine
682 3198 743 3237 uva
768 3180 977 3239 anaboladium
1035 3192 1186 3249 supremo,
1199 3180 1249 3251 qni
1261 3180 1360 3237 diviua
1375 3184 1516 3241 tundebat
1530 3186 1861 3260 oracula‘lNcgetm

150 3290 252 3331 suum.
269 3272 381 3331 llilares
397 3270 475 3329 oculi
491 3272 556 3343 ejus
569 3288 587 3325 a
600 3270 677 3337 vino,
692 3274 721 3326 et
748 3271 849 3326 dentes
878 3267 977 3324 candi·
994 3251 1016 3317 C
1037 3265 1157 3320 beatum
1171 3266 1281 3339 ioseph
1296 3267 1326 3323 in
1342 3286 1468 3342 carcere,
1496 3272 1546 3328 ubi
1575 3274 1726 3347 sapientia
1754 3275 1860 3348 spiritu

151 3362 251 3420 diores
272 3361 346 3419 pacto
370 3362 451 3433 (stip,
469 3361 499 3415 11
530 3366 555 3415 ει
571 3359 625 3429 12),
644 3380 658 3407 a
688 3358 758 3422 Quis
783 3362 887 3415 cantus
916 3356 980 3411 dul·
1036 3352 1287 3424 interpretabatur
1301 3359 1486 3416 somniorum
1501 3375 1567 3433 qua
1586 3362 1729 3424 audierat.
1759 3364 1861 3419 verita-

151 3451 226 3516 ΒΜ,
240 3451 307 3523 quis
322 3466 414 3507 sonus
429 3447 557 3515 suam
575 3462 667 3518 quam
682 3445 816 3502 remissio
844 3448 980 3518 peccato.
1034 3444 1107 3507 tem,
1123 3444 1151 3495 et
1166 3440 1331 3499 futurorum
1347 3448 1452 3503 seriem
1462 3447 1609 3507 revelabat
1623 3450 1732 3524 ‘lNeget
1742 3451 1861 3508 beatum

151 3556 232 3607 rum,
254 3543 282 3595 et
306 3537 481 3595 resurrectio
510 3534 722 3591 mortuorum?
750 3534 832 3590 Hunc
862 3536 980 3589 cantum
1036 3528 1156 3599 isaiam,
1173 3545 1241 3586 curn
1256 3533 1374 3589 medius
1396 3540 1560 3606 secaretur;
1594 3538 1763 3607 ieremiam,
1793 3557 1861 3597 cum

151 3624 735 3696 sanetusnavid,illedivinaeorgtssum
760 3624 898 3688 ,meimet
927 3620 980 3676 do.
1036 3622 1237 3689 mergeretur,
1264 3620 1366 3677 Daniel
1395 3628 1541 3692 sanctum,
1569 3641 1636 3681 cum
1660 3626 1736 3682 inter
1763 3626 1862 3684 leones

152 3716 258 3775 minici
271 3715 416 3773 sermonis
429 3715 573 3784 interpres
589 3711 700 3767 cithara
714 3710 819 3767 cecinit
842 3707 978 3781 spiritali.
1036 3709 1129 3762 staret
1141 3704 1318 3779 intrepidus,
1334 3714 1363 3766 ot
1376 3711 1533 3783 prandium
1549 3713 1574 3767 ei
1589 3718 1692 3786 raptus
1707 3714 1743 3770 ab
1759 3698 1862 3789 angelo

152 3802 347 3864 Hismodulis
362 3800 731 3877 grafiaesubfimemfflum
748 3799 880 3855 animum
896 3812 979 3853 men.
1036 3792 1535 3871 propbetadelerret‘lNonutique
1557 3799 1623 3856 ideo
1653 3800 1767 3871 beatus,
1792 3804 1863 3873 quie

152 3900 276 3966 temque
291 3892 448 3949 mulcebat.
467 3890 526 3946 lioc
542 3894 630 3945 cantu
647 3888 749 3944 mundi
764 3887 851 3943 istius
877 3902 982 3957 aspera
1036 3882 1164 3939 alienum
1183 3884 1346 3957 prandebat
1369 3886 1545 3960 prandium:
1574 3887 1624 3942 sed
1653 3887 1723 3959 quia
1749 3888 1863 3945 meritis

153 3982 314 4054 mitigavit,
330 3981 385 4037 hoc
409 3980 507 4053 sonitu
537 3976 637 4033 saculi
659 3978 733 4032 dura
763 3975 897 4041 mollivit,
927 3974 980 4030 boc
1036 3971 1099 4027 suis
1115 3971 1244 4043 impasta
1258 3972 1376 4031 leonum
1392 3993 1443 4032 ora
1471 3975 1633 4032 claudebat.
1664 3974 1736 4041 Quis
1763 3978 1861 4033 autem

155 4069 295 4145 psalterio
310 4074 451 4125 terrorem
468 4065 573 4123 mortis
597 4064 724 4137 infregit,
755 4064 808 4120 bac
840 4062 982 4119 suavitate
1037 4076 1096 4116 non
1111 4060 1228 4116 beatam
1244 4062 1348 4118 dixerit
1369 4068 1494 4120 matrem
1523 4062 1767 4130 Macbabaorum‚
1797 4079 1862 4135 ‘lu‘e

154 4159 335 4217 chordarum
350 4157 465 4212 interna
479 4154 611 4211 calcavit.
1037 4154 1148 4221 septem
1165 4148 1294 4206 filiorum
1311 4152 1465 4210 lunaribus
1480 4156 1612 4210 octavam
1628 4168 1660 4208 se
1681 4151 1794 4208 addidit
1825 4152 1862 4207 ad

194 4248 239 4302 tO.
254 4246 309 4301 Sed
325 4244 481 4301 audiamus
496 4243 584 4298 etiam
604 4240 662 4297 alia
676 4256 739 4312 quo
756 4243 877 4295 sanctus
892 4238 982 4296 Jacob
1038 4237 1156 4293 laudem
1169 4234 1294 4295 coelestis
1305 4240 1472 4313 triumphi?

155 4333 325 4409 patriarcba
334 4331 500 4389 admirabili
517 4329 568 4386 illc
582 4346 643 4386 suae
668 4344 776 4400 organo
802 4328 909 4383 mentis
937 4328 983 4382 in·
1366 4346 1480 4403 CAPUT
1500 4347 1532 4402 χ,

156 4422 288 4495 crepuit:
314 4444 327 4471 o
357 4419 548 4493 Nepbthalim
577 4418 644 4473 vitis
671 4416 805 4483 remissa,
831 4418 983 4489 porrigens
1039 4434 1156 4501 Qum
1173 4433 1250 4489 lamp·
1272 4436 1380 4505 sum-,t
1403 4434 1536 4491 ,acerdoti
1568 4434 1700 4489 premo
1727 4435 1866 4507 ,mima

155 4514 189 4569 in
205 4510 338 4584 germina
354 4525 407 4565 suo
423 4509 568 4564 decorem.
599 4504 689 4561 Filius
715 4520 798 4560 meus
825 4504 984 4577 ampliatus
1074 4511 1231 4559 constanter
1252 4505 1378 4571 tolerato,
1404 4514 1516 4576 propter
1543 4521 1603 4578 qve
1630 4520 1692 4561 vere
1720 4507 1814 4563 beatus
1828 4509 1865 4563 sit

154 4598 282 4671 Josepb,
298 4596 378 4653 illius
394 4612 480 4652 maus
510 4592 718 4666 adampliatus,
748 4592 808 4648 zelo
838 4592 1023 4679 appetitusp
1071 4574 1247 4646 jstdfffl'l‘itt·

156 4687 242 4745 lilius
258 4702 352 4752 meus,
367 4683 446 4740 filius
462 4700 546 4740 meus
562 4680 783 4747 adolescentior,
799 4680 834 4737 ad
861 4697 907 4736 me
936 4698 983 4739 re·
1075 4682 1119 4736 43.
1137 4684 1246 4746 h'ecte,
1262 4679 1407 4748 Eleazaro,
1436 4680 1673 4753 pretermittam,
1689 4686 1790 4757 utpote
1817 4698 1863 4736 aa·

156 4780 274 4832 vertare
314 4774 394 4845 (ibid.
425 4774 469 4841 21,
500 4772 584 4845 lat»
613 4770 648 4825 Et
675 4769 769 4825 inira:
788 4792 801 4819 »
831 4769 985 4826 Praevuluit
1040 4769 1347 4834 cerdotemsacerdos,
1363 4770 1653 4843 sedtuisjuvandus
1669 4770 1726 4842 (63)
1754 4769 1862 4825 oratis:

157 4859 640 4937 superbenedictionesmontium
661 4858 856 4926 manentium,
879 4863 907 4915 et
934 4860 983 4915 de·
1042 4857 1092 4930 qni
1121 4873 1210 4929 genre
1242 4858 1389 4928 sacerdos,
1417 4860 1530 4931 peritus
1559 4859 1589 4913 in
1621 4857 1697 4930 lege,
1729 4860 1864 4913 maturus

197 5058 257 5131 (6⁰)
272 5057 387 5113 Scilicet
402 5056 505 5112 scribta
527 5071 559 5110 ac
589 5052 763 5121 sacerdotes,
792 5056 824 5107 ut
847 5052 909 5125 ipse
936 5070 984 5109 ex·
1040 5051 1215 5110 Ambrosius
1231 5051 1367 5110 allusisse
1394 5055 1431 5109 ad
1456 5054 1529 5110 illud
1556 5049 1649 5123 Virgil
1677 5066 1707 5106 vr
1735 5049 1862 5107 AEncid.:

157 5129 248 5205 P⁰¹¹it
261 5128 314 5185 lib·
330 5130 367 5183 ΒΘ
382 5127 474 5210 med·
488 5124 639 5251 faviani·
657 5140 719 5195 ΜΡ·
735 5125 766 5207 3¹.
1103 5157 1273 5221 Oblioquitnr
1283 5158 1403 5209 numeris
1415 5163 1518 5223 septem
1527 5156 1682 5207 discrimina
1694 5168 1801 5206 vocum.

197 5200 257 5273 (cl)
273 5201 356 5255 Rom.
373 5200 442 5255 edit.
460 5215 491 5255 so
505 5214 531 5265 a,
557 5201 581 5252 ct
609 5212 639 5251 tn
667 5196 781 5251 coneilio
809 5210 902 5249 corum
930 5212 985 5251 noo

129 5268 141 5285 '
155 5270 361 5329 contendant...
376 5272 456 5341 [uror
470 5285 575 5334 corum,
591 5268 655 5339 quio
668 5268 805 5338 pertinax.
1075 5266 1121 5333 63)
1139 5264 1247 5321 Omnes
1267 5265 1337 5321 edit.
1367 5281 1400 5319 ac
1427 5264 1525 5335 plures
1540 5279 1635 5341 xmae„
1656 5267 1748 5334 utpote
1774 5278 1866 5319 socer·

196 5342 257 5413 (62)
299 5342 341 5397 lta
377 5336 654 5400 mss.Tbeod.‚Val
678 5337 751 5391 Vict.
780 5336 984 5393 dealbalti
1040 5334 1572 5406 ‹lotamrcccrdoc,acdtuirjuvonduc.
1599 5333 1684 5388 Rom.
1712 5333 1795 5401 edit,
1824 5335 1892 5404 ia·¹

155 5430 232 5470 vero
252 5414 318 5481 Quo
344 5419 401 5467 tom
427 5412 519 5466 scocie
548 5409 684 5481 (Thoan,
700 5407 793 5478 acccc)
817 5424 914 5463 ccccm
930 5408 987 5476 ejus
1043 5408 1163 5462 curidum
1177 5408 1274 5473 protis.
1292 5404 1406 5476 Optime
1422 5408 1484 5461 cod.
1500 5406 1601 5461 l'orn..
1614 5403 1724 5461 Theod.
1741 5409 1770 5461 at
1784 5405 1864 5472 Vale,

154 5488 265 5557 septem
277 5498 371 5538 cocum
385 5483 540 5555 differentia
550 5480 698 5536 oblocutus.
715 5479 790 5533 Edit.
821 5484 889 5541 vot..
921 5480 987 5547 Quia
1041 5488 1072 5534 ct
1084 5483 1147 5549 prote
1160 5476 1327 5532 sarcerdotem
1340 5476 1474 5544 sacerdos,
1500 5482 1556 5533 etc.
1587 5474 1701 5532 Rursus
1716 5492 1789 5533 mss.
1812 5476 1865 5533 ali-

157 5566 223 5613 tam
251 5556 371 5609 acocitcr
396 5562 495 5625 septem
518 5567 612 5608 cociam
639 5550 810 5676 differentiae
839 5550 985 5630 oblocutus.
1042 5554 1123 5622 quot,
1141 5552 1169 5603 et
1184 5552 1296 5602 cunctae
1312 5546 1394 5609 edit„
1409 5550 1460 5617 qui
1473 5564 1571 5619 penore
1592 5548 1727 5618 smerdes,
1754 5547 1866 5623 aliquot

158 5628 251 5684 Rom.
269 5624 406 5696 denique,
423 5626 488 5693 Quis
502 5626 559 5679 tum
583 5624 660 5677 succi
681 5636 712 5675 ua
740 5635 862 5675 cumeris
890 5629 988 5693 septem
1042 5620 1102 5686 alii,
1128 5620 1177 5691 qai
1204 5616 1602 5689 pescasocccdotcteThuan.
1616 5636 1650 5675 ac
1679 5618 1792 5694 Remig.
1821 5619 1866 5676 le·

156 5714 263 5755 vocum
278 5696 415 5753 oblocutor
443 5695 613 5751 discrimino.
631 5695 714 5749 Forte
737 5691 815 5763 quod
841 5690 988 5749 videretur
1043 5694 1128 5764 gunt,
1142 5692 1191 5762 qui
1204 5691 1292 5761 pactio
1304 5688 1438 5747 sacerdos.
