4159 6184
623 344 676 412 Db
696 346 820 416 JAGOB
841 346 893 415 ΕΤ
914 348 1009 418 viia
1031 353 1173 419 auara.
1188 352 1479 423 -aultoulrto

941 508 1081 517 -κ-ῌ
1089 509 1197 517 q...—
1204 508 1345 517 *ᾑ-

491 595 552 693 ΙΝ
586 596 802 695 LIBROS
832 602 905 695 liu
937 604 1118 700 lacon
1148 604 1222 695 ut
1253 604 1390 699 vltl
1420 607 1606 702 aulul

935 756 1174 821 annoanlo.

219 993 261 1053 lla
276 991 341 1065 ipsa
356 990 479 1064 quidem
494 991 604 1051 horum
616 989 760 1053 librorum
775 996 969 1070 inscriptione
984 1011 1166 1072 cognoscere
1183 996 1229 1051 eat
1243 996 1434 1056 ambrosium
1455 1000 1492 1056 da
1505 998 1632 1057 historia
1658 998 1833 1072 patriarcha
1854 999 1908 1063 iu-

182 1081 249 1151 nub5
264 1081 362 1153 deque
376 1080 519 1137 rebusad
533 1081 649 1139 beatam
665 1082 756 1141 vitam
772 1084 989 1157 pertinentibus
1009 1101 1098 1160 egere
1114 1101 1121 1141 ι
1138 1098 1244 1140 vorum
1258 1101 1293 1140 ea
1308 1103 1366 1143 non
1378 1086 1443 1145 sola
1456 1090 1529 1143 snut
1543 1087 1580 1143 de
1595 1085 1704 1159 quibus
1717 1087 1788 1161 agit,
1802 1093 1834 1146 et
1845 1091 1908 1152 haee

182 1168 249 1243 ipsa
263 1166 411 1241 singulari
427 1169 560 1242 quadam
577 1168 690 1227 ratione
702 1176 818 1239 tractat,
832 1188 922 1245 quam
939 1190 998 1231 non
1014 1175 1068 1231 abs
1079 1190 1111 1230 re
1122 1172 1214 1228 luerit
1227 1171 1276 1229 hic
1290 1174 1353 1246 (lib.
1384 1194 1414 1243 ιι,
1430 1192 1495 1248 usp.
1527 1176 1554 1243 l,
1583 1190 1667 1232 num.
1696 1178 1725 1249 l)
1751 1178 1905 1252 expilasse,

181 1258 269 1321 liuim
284 1272 348 1315 aare
363 1251 530 1329 autequam
546 1258 583 1317 ad
600 1258 672 1315 illud
688 1261 838 1317 accederet
853 1266 1078 1334 argumentum,
1094 1259 1277 1319 existimarit
1292 1265 1448 1338 neophytis
1463 1263 1608 1321 tradenda
1622 1264 1765 1324 virtutum
1779 1282 1905 1347 praeap-

180 1351 222 1415 ιι,
238 1350 267 1403 at
280 1360 340 1419 qua
353 1345 403 1403 via
417 1344 566 1419 quibusve
594 1346 776 1419 adjumentis
791 1348 999 1419 perlectionem
1029 1347 1196 1407 conditioni
1210 1350 1304 1409 vitas
1318 1370 1351 1411 se
1365 1355 1397 1410 in
1420 1353 1570 1426 baptismo
1598 1354 1698 1426 palam
1724 1366 1902 1435 nuncupatas

179 1432 405 1493 convenientem
422 1434 624 1506 acquirerent,
639 1435 840 1507 aperiendum.

217 1523 402 1597 Quapropter
415 1520 526 1595 primis
540 1521 615 1595 ipsis
629 1522 737 1594 prioris
754 1521 821 1578 libri
835 1522 935 1580 verbis
950 1526 1034 1580 ducet
1048 1526 1086 1581 ad
1102 1525 1233 1581 fructum
1249 1525 1380 1601 aliquem
1396 1544 1432 1584 ex
1446 1527 1595 1585 institutis
1609 1529 1719 1601 quibus
1733 1532 1905 1596 imbueban-

179 1615 240 1679 tur,
256 1610 488 1685 percipiundum,
508 1610 651 1667 adbibere
666 1615 800 1683 oportere
815 1612 951 1669 animum
967 1612 1105 1681 ducilem,
1120 1612 1174 1684 qui
1189 1618 1324 1671 motuum
1339 1631 1499 1688 pravorum
1510 1615 1659 1675 tumultur
1672 1622 1757 1677 racia
1784 1625 1905 1685 ratlanis

178 1702 354 1761 ιιωιιιιοιιο
368 1698 551 1771 corrigeret:
569 1700 687 1757 ιιιιιιιιι
703 1698 903 1757 enimomnes
919 1698 987 1757 illus
1004 1703 1105 1757 mutus
1120 1716 1165 1770 ea,
1178 1706 1408 1775 quantacunque
1421 1702 1515 1759 virtue
1530 1704 1597 1775 ejus
1610 1706 1659 1776 sit,
1675 1708 1816 1769 mdicitas
1829 1714 1904 1772 eael-

174 1791 238 1852 lera
248 1788 418 1861 neutiquam
433 1785 546 1854 velent,
562 1802 650 1860 posse
664 1792 764 1845 tamen
780 1785 961 1859 cupiditates
974 1788 1099 1843 macari
1115 1789 1322 1863 temperantia,
1333 1804 1427 1862 quam
1443 1787 1521 1846 Deus
1542 1791 1638 1863 primu
1650 1796 1774 1867 parenti
1789 1812 1903 1858 aunon

177 1876 323 1955 pustesin
340 1875 403 1949 lege
418 1874 599 1931 servandum
613 1877 755 1950 pracepit
770 1893 777 1931 :
794 1875 864 1932 hinc
880 1880 1001 1931 nostros
1017 1875 1403 1950 umneslupsusvuluntati
1419 1875 1463 1932 illi
1492 1895 1559 1951 quse
1586 1881 1671 1955 hugis
1696 1899 1732 1941 aa
1758 1884 1905 1963 pungam

171 1967 271 2043 jussis
285 1982 386 2040 parere
401 1968 527 2037 peterat,
546 1980 605 2020 nun
620 1966 702 2022 carni
717 1966 806 2038 erujus
834 1963 982 2020 membris
1010 1964 1076 2036 ipsa
1103 1981 1155 2037 pre
1183 1965 1269 2022 libito
1284 1967 1346 2022 sive
1361 1966 1398 2021 sd
1411 1966 1561 2038 justitiam
1573 1968 1635 2026 aive
1653 1973 1691 2029 ad
1718 1972 1903 2049 iniquitatem

175 2058 325 2121 utebatur,
339 2053 533 2126 imputandus
549 2068 613 2110 esse
630 2071 637 2110 :
652 2054 684 2112 Si
698 2055 835 2111 diobolae
850 2054 1046 2110 uoluntariam
1056 2053 1114 2109 ribi
1126 2070 1235 2110 seruum
1257 2056 1437 2111 auctionatur
1460 2054 1523 2126 (lib.
1539 2074 1560 2125 1,
1576 2074 1640 2133 esp.
1664 2060 1693 2134 3,
1719 2078 1802 2120 num.
1818 2063 1905 2138 ιθ),ι

177 2144 369 2203 Christonuu
397 2140 455 2197 nisi
469 2141 661 2197 colomarium
688 2143 809 2199 militem
824 2140 895 2216 eligi
912 2158 919 2197 :
937 2155 1087 2212 quemque
1102 2146 1200 2199 autem
1230 2142 1350 2214 propria
1364 2145 1470 2214 sponte
1489 2142 1570 2202 illius
1594 2150 1787 2216 servumliari
1815 2166 1903 2225 quem

173 2234 236 2291 sihi
251 2229 407 2289 Dominum
421 2230 605 2301 adoptasset.
621 2230 662 2287 lia
675 2230 724 2289 his
739 2231 882 2304 preclare
897 2228 936 2287 ub
953 2228 1055 2285 oculus
1071 2229 1156 2303 ponit
1170 2234 1318 2302 quantum
1329 2229 1430 2303 gloria
1445 2248 1479 2289 su
1493 2232 1630 2295 utilitatis
1644 2239 1743 2297 redeat
1766 2255 1801 2298 ex
1814 2240 1902 2299 servi·

172 2322 217 2379 tiu
233 2318 351 2385 Christi,
368 2319 452 2389 cujus
465 2316 589 2389 quidem
604 2334 760 2391 nunquam
775 2334 834 2377 nun
849 2314 957 2375 liberti
973 2332 1093 2383 sumus,
1111 2319 1221 2390 quippe
1236 2333 1313 2389 quos
1327 2316 1473 2377 immensu
1488 2324 1592 2383 murtls
1614 2343 1675 2385 sua
1699 2328 1791 2403 pretio
1819 2329 1900 2387 reda·

171 2410 273 2477 merit,
290 2423 324 2463 aa
338 2404 523 2475 redimendo,
538 2406 710 2462 muneribus
725 2408 811 2480 queis
824 2408 943 2479 majora
958 2404 1018 2462 slia
1032 2420 1086 2460 nec
1098 2410 1200 2477 optare
1215 2403 1312 2477 possit
1326 2405 1495 2480 quisquam,
1511 2412 1671 2473 donaverit.

211 2496 345 2554 hillemat
359 2509 443 2566 porro
455 2492 560 2549 diviua
574 2492 651 2549 inter
664 2494 807 2553 beneficis
820 2493 1046 2551 numerandam
1074 2508 1142 2550 esse
1157 2494 1268 2566 Legem
1296 2491 1440 2563 Veterem,
1460 2502 1701 2576 quandoquidem
1716 2504 1816 2563 addita
1842 2504 1902 2579 ipsi

170 2586 270 2662 gratia
285 2582 354 2658 quid
367 2583 461 2639 eidem
476 2581 536 2655 legi
552 2581 690 2655 possibile
706 2600 765 2640 nun
781 2589 854 2651 erat,
871 2582 973 2640 ellecit
988 2598 995 2650 ;
1011 2584 1047 2636 ιιι
1061 2597 1183 2655 ιιιιιριι
1198 2582 1234 2637 ιιι
1257 2594 1342 2650 opem
1357 2584 1581 2659 confugeremus
1609 2593 1794 2666 praepotentis
1821 2592 1901 2652 illius

171 2672 347 2740 Seruaturis,
362 2671 496 2745 sineque
511 2670 548 2727 ad
564 2669 772 2743 perlectionem
788 2670 960 2729 sanctitatis
973 2669 1131 2743 pervenire
1145 2687 1204 2727 nou
1217 2668 1299 2725 licet.
1315 2668 1535 2736 suerranum
1550 2678 1684 2739 hortatur
1703 2697 1741 2738 ne
1768 2697 1900 2753 unquam

170 2762 324 2839 patiamur
338 2760 482 2817 memoris
500 2756 585 2815 nubis
600 2758 731 2815 multare
748 2776 902 2817 summum
918 2756 993 2817 illud
1022 2756 1204 2816 beneficium
1236 2772 1293 2830 per
1319 2760 1397 2829 quod
1426 2761 1510 2822 nubis
1535 2767 1566 2825 in
1589 2769 1766 2842 baptismate
1784 2768 1899 2829 chusia

170 2849 367 2912 commortuis
382 2854 409 2905 et
422 2845 638 2905 convivificatia
653 2854 771 2921 peecata
785 2849 912 2906 dimissa
926 2850 1028 2905 esseut
1044 2863 1051 2915 ;
1074 2850 1104 2903 et
1120 2849 1219 2906 eidem
1248 2845 1309 2902 vita
1332 2849 1431 2921 grstia
1442 2852 1638 2929 jungeremur
1665 2875 1698 2917 ne
1724 2859 1898 2920 viveremus,

170 2941 258 3001 Unde
272 2937 418 2996 concludit
433 2938 472 2993 ab
490 2951 524 2992 eo
540 2952 593 2991 uua
607 2950 702 3007 neque
713 2936 844 2995 adversis
859 2952 958 3009 neque
973 2936 1177 2995 incommodis
1191 2934 1267 2996 ullis
1283 2937 1411 3009 separari
1426 2939 1541 3011 debere,
1564 2962 1633 3004 eum
1644 2947 1674 3005 in
1702 2946 1784 3007 hisco
1810 2948 1899 3008 ιοιιιιι

173 3032 243 3089 vitae
258 3030 345 3087 istius
359 3026 485 3085 lelioitsa
501 3022 598 3081 omnia
612 3024 708 3096 posita
722 3025 771 3081 sit.
1864 3032 1870 3039 '

213 3120 315 3190 ltaque
330 3120 488 3189 postquam
503 3116 622 3169 sanctus
636 3111 742 3169 Ductor
753 3113 784 3169 in
799 3111 949 3186 ejusmodi
965 3111 1217 3183 preceptionibus
1249 3113 1338 3189 primi
1351 3116 1440 3191 hujm
1454 3117 1523 3178 libri
1538 3140 1590 3181 sex
1604 3127 1700 3201 capita
1725 3126 1897 3205 insumpsit,

171 3207 209 3265 in
221 3205 356 3279 septimo,
372 3204 449 3261 sicut
463 3205 495 3258 et
509 3200 540 3255 in
555 3202 655 3262 octavo
670 3201 857 3274 generalibus
873 3198 1062 3275 argumentis
1077 3200 1268 3262 demonstrat
1282 3204 1364 3263 nulla
1377 3206 1554 3281 calamitate,
1578 3215 1660 3273 nulla
1687 3216 1806 3277 miseria
1831 3217 1897 3279 vita

174 3294 348 3353 felicitatem
363 3287 545 3362 interpellari
562 3305 569 3355 ;
586 3288 616 3342 ιἰι
630 3290 673 3343 ιιι
688 3290 774 3355 mim,
791 3290 899 3363 inquit,
910 3288 1072 3365 potans,
1089 3292 1121 3346 ia
1135 3292 1180 3349 ιιι
1195 3295 1279 3351 mata
1290 3296 1348 3352 vita
1361 3300 1410 3366 ιιι,
1426 3299 1537 3356 ιιιιιιιιιι·
1550 3305 1646 3363 mauis
1657 3307 1794 3380 periculis
1811 3310 1897 3366 ιἰιιιιι·

175 3385 264 3441 detur
277 3380 358 3455 (ibid.
373 3396 437 3452 cap.
451 3380 481 3445 7,
497 3392 580 3433 num.
596 3378 652 3446 27).
669 3376 733 3433 Hau
747 3384 847 3435 temen
862 3380 892 3435 in
909 3376 967 3435 sliu
980 3376 1102 3448 reperiri
1118 3387 1207 3453 negat
1221 3382 1280 3438 nisi
1295 3383 1326 3439 in
1341 3385 1484 3460 sapiente,
1496 3388 1587 3461 iusto,
1603 3399 1632 3452 et
1644 3396 1772 3470 perlecto
1798 3395 1894 3455 hemi-

172 3488 225 3540 ne,
242 3472 290 3545 qui
304 3465 520 3541 mediapendiia
535 3466 683 3535 minuitur,
697 3480 746 3521 aec
759 3465 883 3523 adamata
892 3465 1047 3539 frangitur
1060 3464 1140 3533 (ibid.
1154 3484 1239 3525 num.
1255 3470 1324 3539 ³1i;
1350 3490 1418 3529 rum
1447 3475 1635 3538 beatudinem
1664 3474 1807 3543 sunm'in
1835 3502 1895 3543 nna

173 3559 286 3623 summi
302 3556 383 3625 boui,
398 3556 455 3612 hoo
471 3558 526 3623 eat,
542 3552 698 3625 ipsiusmet
712 3552 762 3609 Dei
778 3555 918 3628 passione
933 3551 1107 3611 constituat.
1123 3553 1270 3612 Ceterum
1286 3562 1445 3631 eperlecto
1459 3560 1509 3621 illu
1530 3582 1718 3645 nequaquam
1746 3574 1835 3648 exigit
1862 3574 1893 3632 in

174 3647 306 3716 damnis,
319 3648 403 3718 putat
417 3642 448 3699 iu
461 3640 584 3707 morbis,
595 3640 625 3698 in
640 3644 732 3697 morte
747 3642 1051 3717 consanguineorum,
1062 3640 1093 3695 in
1107 3641 1288 3713 captivitate.
1305 3646 1429 3703 stoicem
1445 3640 1782 3727 apathiamssd'mentia
1796 3677 1893 3737 equa,-

172 3736 333 3805 bililatem,
349 3750 440 3807 quum
455 3730 491 3787 ab
507 3728 558 3786 illu
572 3728 647 3803 ipsiu
662 3726 735 3785 alius
749 3728 849 3787 duceri
864 3730 1052 3789 testificatur.

214 3824 266 3887 liis
281 3822 442 3881 universim
458 3820 488 3876 in
503 3816 597 3893 primu
611 3816 686 3875 libro
702 3818 882 3889 constitutis,
898 3820 929 3877 in
946 3817 1077 3875 seeundo
1093 3817 1196 3875 eadem
1211 3819 1407 3881 nobilissimis
1421 3822 1568 3887 clerorum
1576 3830 1704 3892 virorum
1715 3834 1766 3909 qui
1780 3833 1896 3900 auben-

173 3914 262 3989 tiquu
278 3912 384 3969 laedere
399 3910 572 3975 ilurueruut,
588 3904 728 3979 exemplis
740 3906 856 3977 prebat.
873 3908 929 3965 Sed
945 3904 1095 3978 imprimis
1110 3906 1283 3978 patriarchae
1298 3908 1390 3967 Jacob
1404 3910 1494 3971 vitam
1510 3921 1656 3990 proponit,
1681 3923 1768 3994 euius
1793 3924 1895 3997 pupi.

176 4003 249 4083 puis
260 3999 425 4059 actionibus
439 3996 561 4071 planum
575 3992 653 4062 lacit,
670 3996 780 4065 quauta
793 3993 839 4050 vel
856 3996 886 4053 in
902 3992 1042 4053 maximis
1055 3992 1273 4052 calamitatibus
1288 3995 1426 4054 felicitate
1438 3999 1480 4055 sit
1492 4002 1613 4072 potitus.
1626 3993 1700 4066 Cum
1714 4012 1813 4068 auten
1841 4020 1894 4067 su·

176 4092 271 4151 binde
285 4102 451 4147 sermenem
466 4100 555 4141 suum
570 4081 802 4158 expositionibus
818 4084 856 4141 sd
872 4100 971 4141 mures
987 4080 1189 4137 informandus
1205 4082 1333 4140 maxime
1347 4088 1546 4148 aecumedaiia
1560 4099 1706 4169 aspergat,
1717 4098 1895 4175 quaudoque

178 4180 273 4240 etiam
288 4176 452 4253 digreditur
466 4176 649 4247 argumento,
664 4175 696 4227 ut
710 4170 740 4226 in
758 4172 884 4243 mystico
899 4188 990 4230 sensu
1006 4168 1162 4242 spatietur.
1182 4170 1313 4245 Denique
1327 4190 1385 4230 nun
1401 4174 1518 4235 dubitat
1532 4180 1568 4239 de
1579 4188 1734 4255 parentum
1747 4186 1839 4247 Jacob
1861 4187 1893 4245 in

178 4286 252 4328 eum
268 4264 409 4325 charitate
424 4265 470 4319 sat
484 4258 585 4317 multis
600 4258 754 4325 disserere,
770 4261 803 4313 ut
818 4260 888 4317 iude
904 4262 1041 4335 parentes
1056 4274 1159 4313 omnes
1173 4256 1351 4332 intelligant,
1368 4265 1515 4335 quemodo
1530 4283 1601 4343 arga
1614 4268 1723 4331 liberos
1751 4274 1893 4349 aqualem

180 4356 321 4415 exhihere
332 4366 463 4411 amorem
479 4346 721 4421 atquejustitium
735 4349 901 4405 teneantur.
918 4346 982 4405 Alia
996 4343 1138 4402 nonnulla
1152 4346 1285 4419 ejusdem
1306 4350 1486 4420 ‘patriarchas
1515 4354 1601 4426 ιιιιι,
1629 4357 1796 4433 cuiusmodi
1823 4367 1894 4424 suut

181 4461 250 4519 qua
266 4438 413 4514 contigere
427 4434 602 4511 patriarchis
616 4432 836 4503 benedicendis,
854 4435 972 4509 attingit
984 4433 1113 4505 quidem,
1130 4434 1181 4489 sed
1196 4434 1299 4506 paucis
1313 4436 1433 4493 omnino
1449 4456 1457 4506 ;
1473 4438 1553 4498 haud
1568 4437 1656 4502 dubia
1671 4462 1705 4505 aa
1719 4446 1894 4519 consiliunt

181 4532 239 4589 ills
253 4530 317 4603 ipss
331 4526 449 4601 proprio
464 4527 590 4582 tractatu
605 4521 700 4581 insius
714 4522 895 4594 uberiusque
908 4525 1143 4597 prosequeretur.
1158 4520 1229 4579 Post
1243 4522 1304 4579 hcc
1318 4524 1459 4595 subiectis
1473 4528 1566 4585 obiter
1579 4527 1688 4607 Jusepb
1702 4537 1793 4611 atque
1820 4536 1891 4597 aliu-

182 4636 254 4678 rum
267 4615 463 4690 quurumdam
474 4610 625 4687 exemplis,
639 4611 676 4668 ad
692 4610 874 4667 sacerdotem
891 4610 1070 4678 Eleazarum,
1083 4626 1115 4668 sc
1128 4614 1239 4682 septem
1255 4611 1359 4667 iratres
1373 4612 1567 4686 Mauhahoeus,
1584 4634 1745 4697 eurumque
1765 4627 1890 4685 matram

182 4705 299 4785 atpium
314 4702 465 4763 conuertit.
482 4700 534 4757 llic
548 4717 620 4757 seue
634 4701 664 4756 in
680 4698 775 4756 tribus
791 4697 904 4755 ultimis
919 4698 1044 4771 hujusce
1054 4697 1120 4755 libri
1140 4698 1285 4773 capitibus
1300 4702 1362 4756 tuto
1376 4700 1549 4775 eloquentia
1564 4721 1625 4764 sua
1640 4724 1729 4768 cursu
1743 4706 1887 4778 fortunat

183 4792 356 4853 felicitatem
372 4808 432 4864 qua
450 4786 629 4847 nobilissimi
644 4786 687 4843 illi
703 4790 846 4859 martyres
862 4788 893 4841 ιιι
907 4786 965 4859 lepe
979 4788 1088 4855 ιιιιιιιιί,
1099 4789 1281 4860 pergratiam
1294 4792 1419 4847 ιονιιιαιι·
1444 4790 1507 4865 (lib.
1519 4810 1551 4866 11,
1580 4812 1644 4871 cap.
1675 4798 1730 4870 ιιι,
1757 4797 1789 4856 iu
1817 4794 1891 4872 ipsit

184 4880 344 4955 suppliciis
357 4878 426 4936 licet
441 4875 711 4933 immunimiasimis
726 4874 900 4943 heabantur,
916 4890 1065 4932 summum
1079 4873 1252 4931 assistitisse
1268 4875 1458 4937 demonstret.

225 4969 300 5027 Cum
314 4968 412 5025 autem
427 4964 540 5023 diutius
553 4965 585 5020 in
599 4959 700 5021 inuehi
716 4961 846 5036 exemplu
862 4964 1047 5035 immoretur,
1062 4964 1098 5020 do
1113 4980 1171 5037 quo
1186 4980 1289 5023 novem
1305 4966 1396 5025 sermo
1410 4970 1532 5026 secundi
1547 4968 1614 5027 libri
1642 4968 1776 5042 captibus
1789 4969 1890 5047 dispu-

185 5060 245 5127 tat,
260 5058 293 5112 ut
305 5056 336 5112 iu
350 5054 488 5113 maximis
503 5069 622 5126 queque
636 5050 765 5109 miseriis
781 5054 893 5107 astruat
908 5052 1024 5109 beatam
1039 5068 1105 5108 essa
1119 5051 1208 5109 vitam
1225 5070 1232 5110 ι
1248 5051 1318 5110 hino
1332 5054 1423 5112 dubio
1438 5056 1538 5129 procul
1553 5056 1634 5129 operi
1648 5052 1752 5114 titulus
1765 5053 1892 5132 inserip-

184 5149 240 5204 tua
254 5146 299 5200 est
311 5142 348 5201 ιιι
362 5142 442 5200 laceb
456 5144 483 5199 ιι
493 5142 551 5198 uita
566 5140 644 5196 beata
658 5161 669 5209 ,·
684 5156 737 5196 nee
752 5138 841 5195 aliam
857 5138 894 5195 uh
909 5155 1029 5197 oausam
1038 5138 1107 5196 alibi
1123 5138 1225 5196 scribit
1238 5142 1420 5214 propositam
1434 5144 1487 5201 abs
1505 5160 1536 5199 se
1550 5145 1581 5198 ιἰι
1608 5142 1688 5217 lacot
1720 5146 1892 5215 singularem

184 5234 282 5293 ιιιιιιιι·
293 5232 471 5303 &inemec
481 5232 648 5305 patientiam
662 5227 726 5300 (lib.
742 5228 779 5284 Dc
791 5226 888 5298 decept
896 5231 1029 5298 patrica,
1045 5244 1071 5283 e.
1088 5230 1113 5297 1,
1130 5244 1212 5285 num.
1230 5232 1266 5300 ι).
1282 5230 1319 5284 nt
1333 5230 1451 5300 quando
1466 5229 1626 5287 illustrium
1652 5230 1742 5287 etiam
1770 5228 1891 5291 hisem-

183 5325 321 5381 hararum
336 5316 600 5377 celebratissimum
616 5332 738 5392 agonem
753 5313 866 5373 ultimis
877 5314 972 5373 tribus
980 5315 1123 5389 capitibus
1139 5313 1313 5389 predicavit,
1330 5316 1399 5373 bine
1410 5332 1475 5374 esse
1487 5316 1665 5377 arbitramur
1676 5319 1754 5389 quod
1767 5318 1892 5395 Magnus

184 5408 384 5471 Cassiodorus
402 5406 607 5466 dixeritzlium
621 5415 647 5464 ιι
661 5410 773 5462 sunctae
787 5404 955 5470 Ambrosius,
980 5404 1028 5461 ubi
1050 5404 1221 5478 depeream
1243 5402 1341 5475 loseph
1366 5405 1424 5475 ipse
1451 5405 1583 5477 loquitar,
1612 5404 1761 5465 ιιιιιιιιιιιιιι
1785 5407 1892 5469 librata

184 5496 410 5560 laetabamur
423 5495 545 5569 exempti
558 5510 641 5553 cuma
655 5497 798 5559 manerat,
813 5493 891 5564 atejus
901 5494 1058 5549 marimum
1077 5490 1232 5567 partanad
1259 5490 1500 5549 demumraudam
1526 5494 1702 5552 tolosatium
1727 5496 1892 5570 demin

184 5602 250 5647 aaa
264 5584 422 5642 dalciutme
435 5584 544 5657 liquere
554 5585 683 5658 patefecit
697 5582 745 5655 (ιιι
758 5582 846 5638 instit.
862 5580 949 5637 divin.
962 5582 1016 5637 litt.
1032 5597 1097 5653 cap.
1112 5582 1151 5645 6).
1168 5582 1226 5637 Gur
1239 5577 1288 5634 hia
1303 5581 1405 5635 auctor
1418 5579 1490 5637 istae
1510 5581 1771 5642 commentationes
1792 5584 1893 5643 numi·

187 5690 232 5735 na
245 5673 388 5731 librorum
402 5674 441 5729 De
454 5673 625 5730 Paeiarciir
639 5669 841 5744 designaverit,
854 5668 917 5742 jem
933 5668 1114 5726 declaratum
1130 5672 1175 5727 est
1190 5683 1196 5723 :
1214 5671 1321 5727 atvero
1337 5666 1368 5722 ln
1382 5666 1506 5729 dubium
1535 5684 1668 5731 mveesrs
1692 5668 1760 5747 qula
1785 5672 1891 5746 poerit,

189 5780 233 5826 aa
247 5778 307 5823 nun
321 5760 351 5818 in
366 5761 485 5822 laudato
499 5760 667 5823 testimonio
682 5777 734 5833 pro
748 5758 843 5833 loseph
852 5755 958 5817 melius
969 5758 1060 5819 iacob
1075 5756 1329 5816 substitueretur?
1351 5756 1432 5817 Certe
1460 5755 1579 5832 quidem
1606 5756 1636 5818 id
1652 5776 1710 5819 nun
1738 5769 1891 5834 perperam
