4159 6184
141 301 196 362 esi
671 301 785 366 trena
809 304 859 364 ns
880 303 1028 367 tossen
1053 304 1317 364 narranaam.
1619 257 1629 266 ⁸
1790 302 1853 366 ees

140 436 255 498 linerat,
287 451 343 490 nou
369 435 484 508 eloquia
509 437 625 494 Domini
660 437 752 510 ignita
781 437 964 492 decoxerant.
981 436 1074 508 pllle
1090 453 1157 491 vero
1174 437 1202 491 in
1216 437 1319 508 quavis
1335 436 1617 493 conditioneservitii
1630 453 1747 509 semper
1760 436 1847 506 liber,

141 524 287 580 venditus
301 528 346 579 eet
361 529 458 580 autern
472 524 581 596 loseph
598 525 627 581 in
644 525 774 598 AEgypto,
790 524 859 595 quia
886 525 967 582 Chri·
1025 524 1072 596 qni
1097 524 1201 579 mundi
1227 541 1324 581 amore
1349 527 1548 598 usucapitur,
1572 525 1698 581 avaritia
1722 525 1852 584 vinculis

140 619 207 670 stus
230 617 372 668 venturus
399 616 462 669 eret
485 614 520 670 ad
550 631 599 670 eos
628 614 736 686 quibus
764 612 875 668 dietum
904 618 966 670 est:
1023 629 1081 667 non
1098 617 1225 678 tenetur,
1241 619 1320 668 rnetu
1337 614 1472 670 oriminis
1488 631 1543 670 non
1561 613 1708 686 alligatur,
1724 613 1776 686 qui
1805 631 1854 672 se-

141 700 299 758 ·Peocatis
327 700 433 756 vestris
457 702 569 758 venditi
597 703 669 758 estis
693 703 755 774 (leo.
786 719 811 769 n,
842 699 879 772 1).
895 721 909 750 n
936 702 969 758 itt
1022 701 1422 772 eurusspeotatpresentia,
1438 719 1525 774 quem
1542 704 1639 758 lutura
1655 706 1850 760 nanterrent.

137 791 204 850 ideo
221 806 274 850 suo
290 789 435 861 sanguine
450 789 585 858 redemit,
607 807 681 864 quos
706 789 823 864 propria
851 795 969 858 peccata
1022 787 1123 844 Nonne
1138 787 1253 844 videtur
1268 789 1320 843 tibi
1337 789 1392 845 iste
1406 791 1436 845 in
1451 791 1599 847 servitude
1614 789 1780 847 dominari:
1802 790 1850 848 ille

136 877 337 936 vendiderant·
366 877 422 934 Sed
454 879 591 936 venditus
615 879 750 936 Christus
790 873 967 936 conditionis
1022 880 1120 931 autern
1146 877 1174 932 ir.
1207 876 1341 933 libertate
1372 878 1510 934 servire?
1542 877 1692 934 Serviebet
1727 878 1847 952 loseph,

137 967 334 1043 susceptione,
349 982 406 1022 non
423 965 527 1038 enlpae,
543 967 651 1039 peceati
678 968 770 1040 pretio
799 969 857 1041 (itt
885 975 966 1026 tene·
1022 966 1163 1036 regnabat
1186 965 1314 1021 Pharao:
1341 966 1452 1022 beatior
1475 966 1566 1038 hujus
1590 967 1729 1033 servitus,
1758 984 1848 1040 quam

136 1059 209 1110 tur:
229 1053 300 1126 quie
322 1057 474 1124 peecatum
498 1053 635 1126 ipsenou
657 1055 734 1112 tecit.
759 1057 852 1114 Pretio
878 1057 968 1130 igitur
1021 1068 1144 1126 regnum
1173 1052 1263 1109 illius.
1298 1054 1428 1127 Denique
1461 1060 1523 1110 tota
1547 1055 1688 1127 AEgyptus
1718 1054 1848 1127 oollapsa

137 1146 274 1210 nostrum
290 1141 432 1208 debitum,
448 1159 506 1199 non
523 1159 577 1199 sua
604 1160 661 1199 era
688 1145 842 1214 contraxit,
872 1146 966 1202 obiro·
1020 1147 1099 1197 esset
1127 1143 1213 1208 lame,
1248 1142 1304 1197 nisi
1327 1158 1450 1214 regnum
1478 1159 1567 1199 snum
1591 1143 1713 1199 oonsilio
1738 1143 1847 1200 servuli

135 1230 284 1304 grapbum
308 1229 439 1298 sustulit,
468 1231 659 1288 feneratorem
675 1233 806 1300 removit,
823 1233 901 1290 exuit
916 1235 966 1290 de·
1021 1229 1213 1286 subdidisset.

134 1321 287 1376 bitorem:
310 1336 387 1375 unus
408 1320 531 1375 exsolvit
560 1320 617 1392 (18)
650 1320 727 1392 quod
759 1322 794 1377 ab
829 1321 966 1378 omnibus
1056 1319 1100 1372 21.
1116 1318 1230 1373 Habent
1244 1319 1421 1391 igiturunde
1450 1319 1615 1393 glorientur
1629 1319 1752 1393 originis
1782 1336 1846 1378 ser·

136 1407 312 1476 debebatur.
348 1407 412 1464 Non
453 1408 558 1465 licebat
584 1407 669 1466 nobis
710 1409 787 1466 exire
837 1410 963 1467 servitio,
1019 1404 1091 1474 vuli,
1106 1405 1225 1462 servivit
1240 1413 1268 1462 et
1281 1408 1402 1480 loseph.
1418 1409 1533 1464 Habent
1551 1409 1629 1464 unde
1644 1426 1677 1464 se
1691 1408 1846 1467 consolen-

134 1497 276 1570 Suscepit
289 1495 344 1552 hoo
359 1495 408 1552 ille
423 1513 475 1568 pro
491 1495 586 1562 uobis,
616 1501 648 1552 ut
665 1497 833 1554 servitutem
862 1499 965 1554 mundi
1018 1495 1130 1567 tarqui
1145 1510 1180 1549 ex
1194 1495 1328 1551 libertate
1344 1496 1372 1550 in
1390 1496 1560 1553 servitutem
1590 1497 1690 1569 aliqua
1717 1497 1846 1553 necessi·

134 1584 297 1658 repelleret,
325 1584 489 1640 libertatem
520 1583 650 1655 peradisi
680 1585 856 1652 restitueret,
898 1603 964 1658 gra·
1018 1585 1243 1637 totoveuerunt.
1261 1582 1376 1637 liabent
1395 1583 1472 1654 quod
1489 1583 1651 1652 imitentur,
1669 1587 1701 1637 ut
1729 1583 1846 1640 disoeut

134 1674 206 1730 tiam
224 1689 328 1729 novam
345 1672 481 1728 consortii
498 1673 541 1730 sui
559 1671 668 1729 bonore
693 1675 824 1730 donaret.
844 1675 902 1730 lloe
929 1675 964 1731 de
1019 1669 1214 1724 conditionem
1227 1686 1258 1724 ⁵0
1273 1677 1388 1725 mutate
1405 1687 1499 1742 p08³82
1517 1687 1575 1725 ¹1⁰ss
1592 1686 1706 1727 m⁰r0³2
1733 1687 1798 1727 ⁰⁸80
1816 1675 1846 1727 ei

137 1745 290 1835 misterio.
1017 1756 1048 1811 in
1063 1757 1228 1812 vernaculis
1243 1756 1421 1822 libertatem,
1445 1763 1475 1814 et
1495 1759 1525 1814 iu
1550 1759 1689 1815 servitute
1711 1768 1845 1816 eousten·

171 1853 216 1926 20.
234 1850 517 1923 Getarumquodnd
540 1851 680 1908 moralem
704 1851 830 1924 pertinet
853 1851 962 1918 iocum,
1016 1845 1098 1901 tiam.
1124 1845 1237 1901 Habent
1260 1846 1348 1901 etiam
1377 1847 1488 1902 domini
1517 1848 1596 1919 qnod
1629 1863 1681 1919 per
1713 1847 1844 1906 servulos

133 1940 206 2012 quia
221 1933 322 1996 0113an
339 1939 400 1994 vult
418 1939 514 1996 salvos
542 1940 605 1995 fieri
631 1940 773 1996 Dominus
804 1941 880 1996 Deus
909 1957 963 1998 110.
1018 1935 1109 1989 bonos
1142 1939 1268 2006 sperent.
1294 1935 1441 1991 Abraham
1475 1936 1535 1990 illio
1569 1951 1620 2006 pet·
1653 1935 1844 1994 vernaculum

134 2034 211 2093 ster,
229 2029 310 2086 dedit
324 2027 497 2101 perloseph
514 2029 601 2084 etiarn
628 2029 815 2102 iisquisunt
844 2030 872 2084 in
902 2045 961 2084 ser·
1016 2020 1127 2078 invenit
1143 2039 1272 2078 uxorem.
1285 2025 1437 2079 benedixit
1450 2025 1593 2079 Dominus
1608 2022 1845 2098 domumAEgyp·

135 2119 231 2174 vitute
245 2115 395 2174 solatium:
410 2117 764 2190 attribuitmegisterium3
780 2117 964 2174 utdiscerent
1016 2110 1049 2164 iii
1066 2115 1184 2183 pr⁰pier
1197 2110 1318 2182 impii.
1334 2115 1363 2167 Oi
1378 2112 1453 2168 iacis
1472 2119 1516 2168 esi
1537 2113 1702 2168 benedictio
1725 2113 1841 2169 Domini

134 2205 225 2264 etiem
238 2207 267 2260 in
280 2203 386 2262 ultima
401 2205 566 2261 conditione
581 2221 667 2278 posse
682 2223 778 2261 moros
793 2222 857 2261 esse
876 2223 961 2278 supe·
1017 2198 1407 2270 inlolocensueius‚stin
1429 2201 1515 2257 domo
1546 2204 1574 2256 et
1600 2201 1630 2256 in
1658 2201 1746 2274 egris.
1777 2203 1843 2258 «th

134 2294 239 2362 riores,
256 2311 308 2350 neo
324 2294 418 2350 ullum
435 2299 545 2350 statum
565 2294 727 2350 immunem
744 2311 807 2350 esse
835 2293 962 2360 virtutis,
1016 2289 1168 2352 ooni'eriii.
1198 2289 1304 2361 inquii.
1335 2291 1434 2344 omilin
1462 2307 1644 2363 quaecilnque
1678 2291 1720 2345 iiii
1746 2296 1840 2358 drani,

133 2385 160 2440 si
188 2383 306 2439 animus
335 2383 617 2455 senniusoujusque
646 2387 818 2454 cognoseat:
845 2397 961 2437 earnem
1017 2377 1046 2431 in
1071 2392 1178 2431 manus
1200 2377 1309 2448 loseph
1330 2377 1406 2447 (Gen.
1431 2395 1527 2448 xxxtx,
1551 2380 1589 2450 l).
1608 2401 1623 2427 u
1654 2379 1841 2436 advertimus

133 2471 269 2529 servituti
285 2471 435 2528 subditam
452 2487 527 2534 esse,
549 2488 607 2526 non
629 2475 772 2525 mentem:
796 2470 963 2542 multosque
1017 2464 1095 2534 quod
1110 2480 1145 2519 ea
1159 2481 1221 2536 quw
1241 2465 1351 2519 domini
1367 2465 1531 2538 gubernare
1547 2483 1603 2521 non
1621 2473 1763 2539 poterant,
1780 2483 1842 2524 ser·

133 2557 270 2618 servulos
285 2575 350 2616 esse
372 2557 498 2616 dominis
524 2558 684 2622 liberiores,
715 2559 738 2613 si
765 2558 794 2612 in
824 2559 963 2614 servitute
1015 2550 1075 2607 vuli
1091 2554 1301 2624 gubernarunt.

132 2635 223 2722 positi
251 2666 269 2704 a
288 2645 443 2704 servilibus
465 2651 568 2719 putent
582 2647 719 2718 operibus
742 2646 961 2703 abstinendum.
1353 2660 1469 2716 CAPUT
1480 2661 1513 2714 v,

132 2737 583 2808 Servileestomnepeocatum,
603 2733 694 2790 libera
718 2741 762 2789 est
785 2735 960 2790 innocentia.
1015 2747 1170 2818 imptipt
1196 2745 1441 2818 pulchritudinem,
1471 2749 1518 2805 ΜΛ
1543 2751 1631 2818 mam,
1669 2750 1701 2806 ot
1727 2749 1839 2821 pudici.

136 2827 222 2883 Unde
238 2829 265 2881 et
279 2823 422 2881 Dominus
436 2824 496 2879 eit:
515 2846 529 2874 u
556 2823 658 2879 Omnis
688 2823 736 2893 qui
768 2823 837 2878 laoit
860 2839 962 2894 paeon·
1051 2819 1378 2874 immeommemlotio.ls
1398 2821 1480 2875 retello
1506 2837 1558 2876 suo
1585 2821 1666 2892 cotia
1693 2821 1840 2877 edomatur

132 2921 212 2981 turn,
229 2915 390 2970 servasset
412 2911 625 2986 peceatitloen.
648 2928 711 2976 viu,
730 2911 785 2982 st).
813 2911 962 2974 Quomodo
1052 2890 1204 2958 ‘iimina’
1226 2907 1258 2945 Μ
1285 2889 1317 2944 4¹2
1345 2894 1438 2961 “lilim
1460 2890 1652 2962 impellam·
1672 2891 1840 2964 eamrepel-

132 3002 216 3062 enim
236 3018 294 3057 non
324 3017 426 3056 servus
450 2999 546 3056 omnis
571 3015 685 3065 severus,
712 2999 761 3070 qrri
782 3015 834 3070 pro
859 2999 963 3072 exiguo
1052 2961 1839 3102 sssstniissegss‘l‘ssfmvpegl'iffugr'lfflzffligrisslssa'fss‘}

130 3090 266 3167 peeuuiae
280 3088 383 3144 lucello
404 3088 459 3160 (19)
473 3104 503 3144 se
520 3087 616 3160 ipsum
633 3087 843 3143 auctionatur?
865 3088 962 3142 Timet
1053 3103 1234 3174 ignominiam
1251 3119 1374 3158 ,pamm
1402 3108 1440 3158 ap,
1469 3106 1567 3160 pamm
1595 3106 1715 3160 mmm
1738 3105 1839 3177 ΜΡ),

130 3175 592 3250 omnianeoongestaamittat,
609 3174 733 3246 quinon
756 3177 863 3231 utenda
890 3167 994 3233 oon-C
1050 3174 1078 3227 in
1093 3190 1242 3229 carcerem:
1273 3176 1364 3229 stibi
1393 3176 1489 3230 diuino
1515 3177 1646 3247 praesidio
1673 3192 1727 3232 non
1755 3176 1837 3232 desti-

130 3269 237 3343 gessit,
269 3264 380 3336 majore
401 3261 530 3335 periculo
564 3265 733 3319 servaturus
765 3279 822 3334 quo
847 3263 959 3335 majora
1048 3246 1145 3300 militi·

130 3356 280 3432 quesivit.
297 3352 447 3418 Quomodo
463 3368 521 3407 non
538 3350 701 3416 mendieos,
727 3349 772 3406 oui
789 3355 858 3406 sunt
872 3368 960 3423 parve
1049 3353 1094 3406 22.
1115 3351 1170 3406 Sed
1187 3351 1257 3423 quid
1273 3351 1309 3406 de
1321 3352 1432 3423 privata
1447 3354 1532 3409 domo
1549 3352 1751 3426 dispositionis
1773 3353 1838 3424 ejus

129 3463 198 3520 quse
215 3439 371 3516 possidet?
386 3439 459 3495 Nam
475 3437 528 3494 etsi
544 3437 617 3494 mihi
638 3437 718 3494 dives
733 3439 874 3504 videatur,
904 3438 960 3494 sibi
1015 3438 1122 3496 servuli
1137 3444 1278 3507 astruam,
1295 3441 1344 3511 qui
1362 3441 1435 3495 rexit
1450 3441 1619 3514 imperium,
1632 3446 1644 3497 t
1655 3440 1723 3498 Plus
1738 3445 1838 3497 tamen

129 3538 199 3608 eget
217 3550 224 3588 :
242 3546 295 3587 nee
310 3527 487 3586 testimoniis
502 3544 557 3583 sua
572 3531 639 3583 vota
654 3525 777 3592 solatur,
805 3528 854 3599 qni
884 3527 961 3600 quod
1016 3532 1061 3584 est
1080 3527 1156 3599 quod
1168 3527 1231 3598 ipss
1246 3533 1313 3583 ante
1329 3545 1360 3583 se
1374 3529 1448 3584 rexit
1461 3529 1540 3601 (2t):
1555 3534 1582 3586 et
1603 3547 1670 3586 cum
1685 3536 1764 3586 esset
1793 3531 1843 3586 de.

129 3625 219 3696 optat
234 3617 328 3675 nescit
342 3615 469 3673 eredere.
496 3613 646 3681 Quomodo
675 3619 773 3670 autem
787 3631 842 3671 nen
859 3620 888 3670 et
915 3615 964 3670 ille
1018 3633 1105 3672 eorus
1119 3619 1249 3687 aspectu,
1276 3620 1305 3671 et
1319 3616 1470 3687 speciosus
1485 3617 1558 3674 laoie
1585 3618 1680 3684 valde,
1704 3625 1845 3674 venusta·

132 3799 225 3856 ardet
261 3792 416 3858 incendiis,
454 3797 483 3847 et
519 3791 645 3864 peotoris
679 3789 724 3846 sui
760 3791 873 3848 lacibus
910 3793 965 3864 (20)
1020 3795 1070 3852 sed
1082 3793 1119 3849 ad
1134 3809 1218 3848 suam
1239 3793 1364 3848 servavit
1387 3793 1536 3866 gratiam:
1561 3792 1615 3849 boo
1645 3811 1676 3849 se
1695 3794 1849 3866 putebrio-

136 3885 286 3942 exuritur.
299 3881 410 3949 Quibus
425 3885 502 3936 reete
516 3879 587 3935 dieit
600 3879 744 3952 propbeta
761 3897 766 3935 :
785 3902 799 3930 «ι
813 3880 966 3937 ambulate
1021 3899 1083 3938 rem
1099 3885 1191 3950 ratus,
1208 3881 1232 3936 si
1249 3897 1306 3936 uon
1320 3881 1473 3952 dispendio
1502 3882 1657 3950 eastitatis,
1688 3882 1738 3936 sed
1766 3880 1847 3936 cultu

136 3967 726 4043 inlumiueignisvestri,etiullamma
748 3985 836 4041 quam
865 3987 967 4026 aneen-
1021 3969 1142 4042 pudoris
1156 3970 1314 4042 speciosior
1340 3969 1520 4041 probaretur.
1542 3969 1627 4025 lllum
1657 3986 1722 4025 esse
1749 3985 1850 4025 verum

137 4062 231 4118 distis
255 4061 317 4134 (lae.
337 4058 433 4130 att).
453 4055 611 4128 »Suscipit
630 4072 732 4112 omnes
761 4061 867 4125 metus,
896 4057 967 4113 insi·
1023 4061 1168 4126 decorem,
1182 4059 1232 4131 qui
1248 4075 1305 4114 non
1318 4059 1429 4114 alienos
1444 4058 1546 4114 oeulos
1579 4063 1704 4131 caperet,
1729 4058 1852 4114 neesra-

138 4151 245 4208 diatur
270 4163 373 4204 somno
406 4145 783 4218 singulorum311tunius
811 4147 969 4219 eupiditate
1023 4149 1097 4222 giles
1123 4152 1236 4203 mentes
1262 4148 1438 4216 vulneraret,
1473 4148 1523 4202 sed
1548 4147 1663 4218 judicia
1688 4146 1853 4218 acquireret

136 4240 286 4314 potiatur,
315 4236 348 4292 fit
372 4251 473 4291 servus
494 4234 636 4290 omnium.
660 4233 753 4288 Servii
775 4233 865 4306 igitur
895 4235 970 4292 bano
1024 4238 1239 4302 universorum,
1274 4237 1370 4292 fraudi
1400 4235 1490 4292 nullis
1517 4237 1646 4302 iuturus,
1675 4236 1754 4291 laudi
1782 4235 1850 4291 sibi.

138 4329 285 4386 miseram
301 4321 606 4397 quidemservitutem,
624 4322 755 4394 quim
775 4321 837 4394 ipse
853 4324 970 4380 sibido-
1024 4327 1090 4383 lam
1120 4328 1144 4381 si
1175 4342 1234 4397 (pua
1258 4325 1459 4396 petulantibus
1487 4323 1602 4395 aspexit
1627 4324 1731 4389 oeulis,
1772 4322 1852 4380 illius

141 4410 971 4485 minoslaoit,ipsevultbaberequostirneat.Nibileuim
1027 4416 1138 4471 crimen
1155 4413 1246 4469 solius
1259 4417 1377 4484 estque
1394 4411 1469 4468 nrale
1484 4413 1566 4479 vidit,
1597 4429 1654 4469 nou
1683 4413 1774 4484 hujus
1802 4411 1853 4484 qui

141 4511 207 4562 tarn
224 4501 349 4576 speciale
364 4499 515 4556 servitutis
532 4502 588 4565 est,
606 4515 696 4570 quam
718 4515 835 4570 semper
865 4499 979 4594 timere·
996 4529 1019 4594 D
1036 4503 1113 4560 male
1141 4519 1172 4558 se
1197 4500 1288 4558 nollet
1301 4501 1392 4557 videri
1407 4520 1413 4557 :
1431 4518 1485 4557 neo
1500 4501 1530 4556 iu
1547 4518 1580 4557 eo
1596 4503 1674 4574 quod
1689 4501 1770 4558 visus
1798 4507 1852 4569 est,

186 4619 244 4690 (17)
255 4615 330 4672 ildit.
348 4616 426 4684 lira„
442 4613 497 4670 (tit.
520 4630 554 4670 ae
569 4613 665 4678 Rom„
689 4615 848 4739 perennans
866 4618 975 4687 pretio:
1069 4619 1125 4691 (ta)
1140 4619 1209 4674 Mes.
1226 4633 1280 4672 nee
1294 4615 1389 4689 panai,
1406 4635 1458 4672 neo
1474 4616 1620 4674 inleriorie
1638 4623 1724 4687 notre,
1752 4634 1855 4674 munus

146 4693 214 4746 Am.
248 4693 276 4744 et
301 4703 501 4743 mesomnee.
527 4687 634 4756 peccati
659 4686 757 4755 pretio.
816 4702 904 4742 ursus
928 4687 977 4742 ubi
1032 4691 1158 4748 exsoluit.

148 4761 220 4816 edit.
238 4773 384 4815 omnesae
406 4773 478 4812 mss.
496 4757 696 4823 semicaper:
726 4755 765 4810 ibi
781 4757 901 4812 totidem
917 4757 976 4826 alii,
1069 4761 1125 4832 (19)
1140 4761 1186 4815 Sic
1202 4759 1270 4814 edit.
1289 4776 1400 4821 omnes,
1418 4778 1450 4814 ar.
1462 4759 1592 4832 plerique
1619 4777 1691 4818 mss.
1720 4763 1855 4815 Attamen

148 4848 207 4887 non
222 4839 337 4886 tenetur.
353 4829 435 4884 Hand
446 4827 587 4884 dubierb
606 4829 693 4882 verba
721 4829 883 4898 sequentia,
913 4833 979 4900 poia
1034 4832 1145 4959 εἪιιοι
1172 4829 1240 4886 boni
1269 4831 1319 4885 sevi
1350 4830 1460 4903 legunt,
1485 4833 1611 4902 pecunie
1646 4831 1750 4887 locello.
1793 4829 1855 4884 Nou

148 4905 371 4976 paraptomate.
398 4899 505 4955 Verum
522 4904 555 4954 ut
569 4898 696 4954 doctoris
709 4899 801 4954 nostri
822 4915 903 4956 mens
928 4917 978 4956 on·
1034 4922 1064 4959 rn
1096 4919 1121 4958 e.

150 4975 262 5056 piatur,
278 4972 360 5028 loeus
375 4971 416 5026 ita
430 4969 620 5042 explicandus
636 4974 689 5034 est,
714 4985 748 5025 ae
776 4969 800 5024 ei
835 4972 979 5043 legeretur
1070 4974 1126 5046 (20)
1140 4972 1248 5028 Omnes
1264 4973 1346 5039 edit,
1361 4977 1387 5028 et
1399 4974 1505 5045 pecc-oti
1533 4976 1580 5029 sai
1600 4973 1721 5043 fecibus.
1751 4970 1858 5027 Omnes

151 5049 209 5102 isto
226 5043 339 5110 ordine,
358 5041 522 5098 conditionis
536 5041 712 5112 susceptione,
729 5056 784 5096 non
799 5043 895 5114 culpe,
913 5046 978 5114 prtia
1035 5061 1120 5111 mss„
1136 5052 1160 5098 et
1175 5045 1300 5114 pectoris,
1316 5050 1369 5099 ete.

170 5119 294 5172 ereetum
330 5113 542 5185 ipsenopfeeit
558 5113 765 5184 peccotipretio
787 5127 843 5167 non
862 5117 977 5169 tenetur.
1070 5115 1225 5188 (sitnon.
1243 5116 1301 5170 edit
1338 5118 1413 5186 post.
1431 5118 1593 5169 vooesnnte
1612 5129 1640 5168 ee
1665 5113 1746 5177 repit,
1771 5114 1860 5184 eaput

149 5135 211 5243 lieo
229 5189 295 5258 post
310 5184 402 5240 multe
420 5191 476 5238 vet.
494 5184 576 5248 edit,
592 5184 683 5238 Pretio
699 5184 887 5254 ipitornoetro
901 5185 978 5241 debi—
1034 5193 1172 5259 quartum
1198 5186 1363 5251 claudebat,
1379 5190 1408 5240 et
1425 5185 1561 5256 quintum
1573 5183 1785 5239 ordiebaturin
1797 5182 1858 5240 hee

153 5267 225 5322 tum,
241 5272 297 5316 non
322 5273 372 5311 sua
391 5271 451 5311 aero
466 5257 671 5310 contraxerunt.
698 5253 795 5319 Rom,
826 5258 980 5326 Pretioipi-
1033 5260 1139 5315 verba:
1171 5262 1203 5312 st
1224 5261 1283 5311 erut
1310 5257 1407 5326 loseph
1432 5256 1567 5326 speciosus
1594 5257 1675 5326 torte.
1696 5259 1721 5310 rt
1747 5256 1860 5311 worm

152 5340 200 5386 tur
215 5333 317 5394 nostro,
346 5325 456 5381 sedeas
470 5339 531 5383 aero
550 5327 697 5380 contraxit.
728 5324 797 5380 lise.
824 5325 932 5382 Theod.
950 5330 979 5382 et
1034 5335 1144 5402 aspectu
1169 5327 1259 5384 arride.
1286 5327 1353 5380 Cum
1376 5335 1442 5380 esset
1469 5326 1569 5396 loseph
1607 5328 1740 5381 tectonas
1774 5328 1857 5397 socie,

151 5397 235 5457 Vale.
253 5398 347 5455 Pretio
362 5399 450 5478 ipitur
473 5405 600 5452 nostrum
627 5395 757 5478 debilem,
772 5411 825 5450 non
852 5399 899 5452 edo
923 5412 980 5454 aere
1033 5411 1059 5458 et
1082 5402 1193 5457 decorus
1216 5401 1326 5470 aspectu
1349 5396 1435 5463 iratae,
1451 5399 1506 5453 eto.
1537 5397 1595 5452 Nos
1614 5343 1709 5453 iocum
1735 5398 1771 5454 ad
1787 5397 1857 5453 alia·

152 5471 303 5531 contraxit.
325 5469 395 5524 Dent
420 5468 637 5529 neeliiomnes
662 5468 979 5532 utintextu,ubivoa
1034 5489 1101 5531 rum
1128 5470 1197 5528 edit.
1227 5474 1257 5525 et
1281 5471 1456 5540 cunctorum
1496 5483 1568 5528 mss.
1599 5469 1687 5528 tidem
1719 5470 1857 5528 emende-

152 5541 260 5622 pretio,
276 5541 354 5597 idern
367 5485 452 5606 vaiet,
469 5555 502 5597 ae
527 5555 579 5614 per
597 5538 733 5611 pretium,
760 5538 839 5614 quod
863 5538 978 5601 solven-
1034 5545 1142 5618 vimus,
1163 5544 1217 5602 ete.

152 5617 229 5683 dum
242 5613 308 5696 ipss
322 5610 461 5690 suseepit.

318 5737 449 5809 Ponet.
474 5735 555 5806 stt.
675 5773 678 5780 ·
732 5685 734 5692 Ι
1660 5740 1699 5814 22
