4159 6184
233 273 312 370 iooa
960 271 993 334 s.
1016 265 1206 335 iuaaosii
1857 270 1940 334 iooi

231 407 332 464 ilerum
347 410 400 471 est,
416 403 513 460 videre
528 418 584 458 non
600 398 693 474 possit
708 401 847 474 injustae,
864 403 987 476 Ideoque
1004 403 1053 459 de·
1068 403 1096 470 Α
1110 403 1216 461 dabilis
1232 408 1276 459 est
1286 403 1345 471 ille,
1361 403 1412 477 qui
1426 402 1539 458 bonum
1554 402 1633 474 quod
1655 399 1800 475 quesivit,
1814 402 1939 472 invenit,
1964 402 1989 462 ἕ

230 493 338 568 linquit
352 491 419 556 sibi,
435 489 485 563 qui
500 489 557 547 eibi
573 506 637 562 que
651 488 778 563 pretiose
792 495 872 558 sunt,
889 491 984 564 eripit.
1108 492 1149 549 ita
1164 492 1350 552 inveniabilis
1365 492 1415 568 qui
1431 491 1574 550 laboravit
1589 495 1622 548 ut
1635 490 1748 549 malum
1763 493 1845 566 quod
1860 509 1940 566 quas·

264 585 308 638 10.
320 604 334 632 a
346 579 500 653 Dixitergo
511 578 640 651 injustus
652 583 683 636 ut
693 579 938 653 delinquatsibi.»
949 581 1054 637 Jusius
1108 583 1207 651 eierat,
1224 581 1387 648 inveniret3
1407 581 1493 638 bonis
1517 580 1596 638 enim
1618 582 1718 650 rebus,
1741 599 1802 640 non
1817 579 1941 655 flagitiis

227 669 482 743 automloquitur,
499 667 613 725 utaliis
633 673 661 725 et
685 668 740 725 sibi
765 669 876 742 prosit;
893 669 1054 742 illeloqui·
1107 674 1195 743 atquo
1224 669 1399 727 criminibus
1428 668 1559 726 laborem
1588 675 1722 727 nostruin
1748 673 1940 744 nosoporte't

226 764 276 818 tur
299 760 334 818 ad
359 757 529 834 perniciem,
558 757 605 814 liic
633 758 763 831 loquitur
791 758 827 815 ad
857 759 991 815 salutem.
1012 760 1054 817 De
1107 760 1286 833 impendere.
1303 760 1378 827 Quid
1394 758 1943 832 igiturnisisummestnltitieatque

224 850 315 923 justis
332 865 399 908 vero
414 853 443 904 et
457 845 593 904 fidelibus
608 846 720 903 dictum
736 851 799 904 est:
819 871 833 899 a
853 847 944 904 Corde
959 849 1052 904 credi·
1108 849 1261 905 dementire
1275 854 1331 918 eat,
1352 847 1454 905 odium
1478 864 1617 921 querere,
1640 849 1832 922 iniquitatem
1853 847 1942 905 malis

227 935 1052 1010 turadjustitiam,oreautemcontessiolitadsalutem
1107 937 1220 993 entibus
1248 936 1389 1004 invenire,
1421 954 1511 1009 quain
1541 937 1637 995 bonus
1665 953 1752 994 nemo
1781 934 1943 1008 quaesivit!

227 1030 314 1101 (liora.
331 1043 359 1091 ii,
375 1025 431 1098 l0).
448 1023 530 1082 lllius
545 1024 647 1099 lingua
669 1024 813 1094 vulnerat,
838 1025 941 1099 lingua
953 1031 1052 1083 autem
1143 1027 1187 1083 l3.
1204 1026 1355 1092 Quomodo
1370 1025 1461 1098 igitur
1475 1025 1602 1098 improbi
1612 1025 1802 1100 iniquitatem
1815 1027 1943 1083 suamet

228 1115 407 1190 prudentum
427 1120 523 1171 sanet.
548 1115 630 1172 Unde
654 1131 720 1170 oum
743 1115 939 1187 expostularet
963 1115 1071 1171 David
1107 1115 1208 1171 odium
1233 1118 1377 1186 quaerant,
1402 1115 1633 1171 consideremus.
1660 1113 1773 1188 Nempe
1797 1113 1942 1170 Herodian

227 1221 295 1262 eam
309 1219 377 1277 rege
392 1203 473 1274 Saul,
489 1203 567 1277 quod
582 1202 691 1261 oblitus
715 1203 858 1270 beneficii,
883 1202 987 1260 salutis
1007 1199 1060 1259 in·¹
1107 1207 1169 1259 erat
1194 1202 1347 1259 tetrarchae
1370 1201 1497 1275 Philippi
1527 1201 1656 1276 legitimo
1689 1218 1765 1259 nexa
1789 1201 1940 1276 conjugio,

227 1297 329 1367 gratus
343 1307 411 1349 eum
427 1296 652 1365 persequeretur
663 1293 698 1349 ud
711 1297 845 1360 mortem,
862 1309 879 1348 a
895 1309 951 1364 quo
968 1293 1052 1348 toties
1108 1291 1193 1364 regia
1210 1291 1364 1347 abundans
1384 1290 1490 1364 opibus
1515 1291 1686 1364 potestatis:
1711 1307 1779 1363 que
1793 1289 1941 1347 Herodem

223 1385 287 1454 jam
300 1382 412 1438 videret
428 1397 459 1437 se
474 1398 537 1438 esse
552 1385 720 1450 servatum,
737 1387 764 1436 et
779 1382 867 1436 vitam
884 1381 949 1452 ejus
965 1397 1051 1453 appe·
1108 1381 1232 1436 Romam
1247 1381 1380 1452 adusque
1395 1381 1563 1436 tendentem
1583 1379 1665 1452 quasi
1681 1395 1864 1454 germanum
1879 1396 1941 1436 ina·

227 1475 309 1537 toret,
326 1471 377 1543 qui
401 1471 491 1526 vitani
516 1486 600 1526 suam
625 1487 676 1542 pro
697 1470 773 1542 rogis
796 1468 889 1526 salute
915 1468 1052 1544 periculis
1108 1469 1155 1524 riti
1172 1470 1239 1540 (io),
1255 1469 1375 1541 hospitii
1391 1473 1419 1526 et
1442 1468 1598 1525 affinitatis
1613 1469 1680 1541 jure
1702 1468 1857 1542 suscepit;
1875 1486 1941 1525 cuin

226 1559 392 1628 obtulisset,
418 1559 458 1614 ait
481 1558 536 1613 sibi
569 1557 697 1614 fructum
723 1573 779 1613 non
804 1557 897 1629 parire
919 1557 1050 1628 justitiae,
1107 1575 1165 1629 quo
1181 1559 1303 1630 depacta
1318 1557 1562 1630 suamcopulam,
1578 1575 1636 1612 non
1652 1555 1940 1630 multopostrelicto

227 1649 277 1721 qui
294 1648 496 1704 insidiatorem
513 1662 601 1702 suuni
619 1647 648 1701 in
665 1663 770 1702 manus
792 1663 861 1701 suas
887 1664 904 1701 a
930 1645 1051 1702 Domino
1106 1647 1178 1713 viro,
1195 1649 1334 1704 consortii
1351 1649 1396 1703 sui
1414 1648 1484 1718 jura
1507 1646 1640 1703 iactavit.
1668 1646 1742 1703 m
1771 1645 1879 1703 Nonne
1907 1663 1939 1703 aa

225 1737 281 1796 sibi
307 1737 523 1793 traditumnon
554 1734 727 1807 peremisset
749 1737 770 1806 (l
799 1739 863 1803 lira.
893 1751 968 1803 xxiv,
994 1735 1049 1806 ll).
1107 1736 1441 1809 quasivitiniquitateni
1458 1735 1683 1808 alodiumque
1699 1735 1879 1809 conjugium
1893 1736 1941 1793 de·

224 1827 269 1882 Ab
284 1824 404 1896 injustis
418 1823 557 1895 iniquitas
573 1823 708 1896 prodivit,
733 1839 910 1879 venenuma
934 1839 1053 1895 serpen·
1109 1825 1211 1892 seruit,
1230 1829 1260 1880 ut
1284 1825 1428 1881 inveniret
1451 1823 1653 1881 adulterium?
1676 1824 1712 1881 ilt
1730 1824 1806 1898 quia
1820 1829 1941 1882 sanctus

227 1913 308 1970 tibus
330 1913 457 1970 effusum
482 1915 536 1980 est,
561 1927 706 1968 venenam
731 1916 759 1967 et
782 1911 947 1982 iniquitatis
971 1927 1054 1968 arma
1108 1912 1239 1986 Baptista
1253 1915 1372 1987 nuptias
1396 1912 1513 1971 illicitas
1536 1917 1707 1970 constanter
1731 1913 1885 1987 increpuit
1898 1914 1940 1970 di-

227 2002 387 2077 perierunt.
1109 2017 1178 2058 oens
1205 2003 1329 2059 Herodi:
1360 2026 1373 2052 «
1402 2007 1465 2059 Non
1494 2001 1563 2060 lieet
1595 2001 1648 2058 tibi
1678 2019 1803 2059 uxorem
1832 2002 1941 2060 babere

263 2093 307 2148 ll.
324 2091 391 2147 ldeo
406 2090 548 2162 scriptum
565 2093 627 2146 est:
646 2111 659 2139 α
675 2089 752 2145 Dixit
767 2089 896 2160 injustus
913 2094 944 2146 ut
959 2089 1053 2146 delin·
1109 2093 1117 2163 (
1144 2094 1226 2148 llara.
1256 2107 1296 2158 vi,
1326 2095 1361 2148 18
1390 2093 1409 2163 ),
1439 2109 1503 2165 quae
1541 2092 1682 2148 maritum
1711 2096 1819 2150 contre
1846 2089 1941 2165 legem

228 2184 299 2255 quet
313 2179 380 2236 sibi.
396 2201 410 2230 »
427 2178 501 2243 Quid
526 2176 621 2233 dixit?
637 2201 650 2228 α
673 2177 782 2234 Ponam
798 2177 937 2234 thronum
954 2194 1054 2234 ineam
1109 2180 1238 2254 reliquit,
1254 2186 1282 2236 et
1295 2181 1376 2237 tratri
1400 2179 1497 2237 mariti
1522 2180 1607 2254 quasi
1631 2197 1665 2238 eii
1691 2178 1757 2254 lege
1781 2181 1939 2248 convenit;

227 2285 317 2342 super
343 2267 506 2335 nubes,'et
533 2282 582 2322 ero
610 2266 717 2322 similis
745 2266 976 2339 Altiesimo(lsa.
993 2283 1052 2335 xiv,
1109 2274 1256 2327 commota
1270 2274 1314 2326 cst
1329 2269 1471 2337 adultera,
1487 2274 1520 2325 ut
1535 2286 1602 2326 eum
1616 2268 1702 2326 vellet
1725 2269 1941 2326 occideresed

228 2359 285 2432 ll).
303 2381 314 2409 ι
332 2359 473 2414 Effectum
497 2373 555 2412 non
579 2354 687 2411 habent
712 2357 808 2424 verba,
834 2357 882 2412 sad
901 2359 1053 2429 peccatum
1108 2358 1224 2431 cognito
1240 2360 1317 2433 quod
1338 2359 1481 2415 Herodem
1497 2359 1535 2414 ad
1560 2374 1661 2416 neceni
1683 2357 1757 2430 justi
1782 2374 1844 2414 non
1858 2356 1942 2414 lacile

228 2449 347 2506 babent.
360 2445 584 2518 luanisquidom
595 2445 857 2518 pompnjactantie
869 2463 876 2514 ;
888 2447 939 2502 sed
951 2460 1054 2517 super·
1108 2452 1208 2519 posset
1222 2447 1378 2516 inflectere,
1394 2446 1569 2519 excogitavit
1582 2463 1640 2520 qua
1649 2446 1697 2502 via
1707 2447 1789 2502 istud
1800 2433 1940 2515 efiiceret,

229 2538 282 2594 bie
301 2535 617 2610 spirituscriminosue
635 2535 794 2590 nontimet
817 2533 1055 2607 conviciomaje·
1108 2534 1219 2594 Natalis
1242 2541 1304 2592 erat
1333 2535 1455 2593 Herodis
1485 2535 1542 2608 (ll)
1572 2551 1661 2607 quem
1685 2533 1756 2591 luxu
1787 2535 1944 2602 nimiast

228 2629 335 2682 statem
351 2621 459 2680 violare
474 2621 614 2678 divinam.
631 2622 744 2678 liteniin
765 2623 789 2678 si
805 2621 884 2679 ullas
901 2623 952 2680 Dei
967 2623 1056 2680 timor
1109 2623 1255 2698 plerisque
1270 2625 1389 2698 regibus
1405 2641 1468 2681 mos
1483 2629 1539 2692 est,
1563 2623 1711 2688 celebrare
1735 2627 1939 2681 consueverat.

228 2716 292 2787 ejus
306 2713 416 2771 inesset
431 2712 559 2779 allectui,
586 2727 644 2767 non
669 2710 699 2766 in
724 2718 883 2784 conspectu
903 2711 954 2768 Dei
969 2711 1056 2785 plana
1109 2714 1269 2770 Adornavii
1284 2715 1386 2781 filiam,
1402 2719 1435 2770 ut
1449 2713 1479 2768 in
1491 2711 1622 2769 convivio
1633 2710 1711 2786 regis
1722 2713 1834 2786 pignus
1845 2711 1943 2786 regalo

229 2802 288 2861 doli
302 2801 430 2876 gerenda
442 2799 497 2857 eibi
512 2817 588 2856 ausu
599 2799 754 2856 temerario
774 2799 955 2869 credidisset,
971 2801 1055 2874 quasi
1111 2803 1238 2860 saltaret.
1253 2803 1364 2859 Etcum
1375 2802 1534 2876 placuisset
1548 2801 1665 2869 Herodi,
1685 2800 1763 2874 quod
1785 2800 1944 2876 displicens

229 2897 306 2949 Deus
325 2906 383 2948 non
400 2889 493 2963 possit
506 2887 621 2945 occulta
643 2904 828 2960 cognoscere,
845 2887 895 2960 qui
910 2891 1057 2944 scrutator
1109 2893 1211 2949 debuit
1226 2895 1341 2965 patruo,
1358 2891 1464 2949 obtulit
1478 2890 1514 2959 ei,
1531 2894 1564 2947 ut
1577 2889 1655 2964 quod
1680 2887 1767 2946 vellat
1783 2891 1943 2964 premium

229 2984 274 3038 est
287 2979 481 3035 internorum.
493 2975 719 3052 Spectetomnta
732 2977 806 3032 Deus
819 2994 825 3042 ;
836 2975 908 3031 nihil
920 2978 1054 3050 estquod
1110 3000 1162 3055 pro
1177 2980 1341 3038 saltationis
1365 2980 1520 3054 opprobrio
1544 2977 1716 3052 postularet.
1743 2979 1871 3037 Hatram
1893 2980 1945 3037 illa

227 3085 295 3127 mim
311 3069 472 3142 mmmmm»
493 3081 579 3122 n⁰m⁰
602 3064 653 3136 qui
678 3063 778 3120 sflllfltss
795 3063 842 3120 ⁰¹¹5
867 3064 966 3122 ⁰¹1mm
981 3083 1055 3138 pm!-
1109 3069 1267 3138 consuluit,
1284 3071 1369 3142 cujus
1383 3067 1516 3141 impulsu
1537 3071 1625 3140 caput
1638 3066 1777 3140 Baptistae
1792 3068 1942 3142 poposcit.

230 3157 325 3215 sentia
339 3173 403 3230 qua
426 3156 526 3212 lutura
545 3157 625 3222 sunt,
650 3157 679 3208 et
702 3153 858 3208 manifesta
873 3169 938 3225 que
952 3152 1052 3212 latent.
1069 3136 1091 3203 C
1109 3159 1210 3215 Victus
1224 3159 1363 3224 Herodes.
1380 3158 1450 3233 quia
1464 3165 1646 3214 sacramento
1671 3173 1704 3214 se
1723 3157 1946 3216 constrinxerat

231 3247 343 3305 Etenim
359 3245 384 3302 si
404 3244 448 3302 sol
471 3243 525 3299 isle
549 3241 719 3297 mundanus
747 3241 856 3298 clausis
882 3242 1056 3317 plerumque
1111 3248 1248 3306 daturum
1264 3247 1407 3321 quidquid
1428 3247 1524 3320 neptis
1547 3247 1665 3319 propria
1691 3245 1826 3320 petisset,
1849 3248 1944 3320 J'ussit

231 3335 447 3394 domiciliorum
465 3327 642 3387 habitaculis
665 3346 751 3386 auum
766 3329 866 3386 lumen
893 3330 1054 3401 interserit;
1109 3338 1201 3394 oooidi
1215 3337 1370 3405 loannem,
1386 3340 1415 3392 et
1428 3337 1591 3408 capuleiae
1602 3334 1709 3391 afferri.
1721 3335 1803 3402 Quod
1816 3334 1943 3392 allatum

232 3428 342 3499 quanto
358 3421 453 3493 magis
467 3425 544 3475 Deus
559 3434 704 3488 summus,
716 3419 949 3476 aeternusetiam
960 3437 1055 3478 secie·
1110 3425 1213 3499 puelle
1228 3426 1317 3492 dedit,
1333 3431 1363 3481 et
1376 3424 1427 3480 illa
1441 3423 1527 3481 matri
1544 3441 1605 3481 aue
1621 3422 1752 3497 pertulit.
1772 3423 1885 3480 Verum
1896 3429 1945 3482 est

233 3519 262 3569 ta
277 3507 438 3586 penetralia
452 3508 560 3564 mentis
574 3507 720 3576 bunione,
734 3512 822 3579 atque
836 3525 922 3566 omne
937 3510 1055 3584 angelo·
1108 3529 1177 3587 orgo
1190 3514 1267 3586 quod
1283 3512 1423 3586 iniquitas
1438 3511 1576 3570 etodium
1588 3511 1796 3584 requirantur:
1809 3512 1945 3584 qnando

233 3615 298 3655 rum
309 3595 466 3654 consilium
477 3593 845 3664 scientiasuasccrutatur,
855 3599 883 3650 et
893 3597 1056 3669 praevenit?
1109 3603 1228 3674 quidem
1243 3619 1278 3660 ea
1292 3601 1407 3670 mulier,
1423 3601 1501 3674 quod
1522 3598 1598 3656 facili
1623 3598 1764 3674 petitione
1779 3600 1943 3673 impetrare

230 3683 558 3759 Quidergoaliudagit
577 3682 716 3755 injustus,
744 3682 799 3738 nisi
821 3688 854 3739 ut
869 3684 1054 3758 iniquitatem
1108 3709 1166 3749 non
1202 3696 1325 3763 poterat,
1358 3688 1457 3764 pravis
1483 3688 1596 3745 artibus
1629 3688 1799 3761 excogitate
1827 3689 1943 3746 fraudis

232 3776 288 3833 eibi
305 3777 416 3850 querat
427 3777 456 3830 et
470 3772 593 3829 odium‘l
1108 3780 1217 3838 elicuit.

264 3867 306 3921 ¹2·
322 3864 371 3921 Sic
385 3863 465 3921 emm
480 3860 624 3935 scriptum
649 3866 693 3917 ml
708 3861 749 3933 (V
747 3877 800 3928 em,
831 3879 863 3930 11,
877 3863 941 3935 31J:
958 3883 972 3913 a
989 3863 1053 3920 Non
1144 3872 1187 3926 li.
1203 3871 1277 3938 Quid
1293 3871 1329 3926 de
1342 3870 1420 3925 luda
1433 3868 1579 3941 proditore
1603 3867 1710 3940 loquar
1732 3867 1785 3940 qui
1800 3869 1944 3940 quesivit

227 3956 271 4011 ast
285 3953 374 4010 timor
398 3951 447 4008 [tei
471 3954 538 4007 ante
562 3949 662 4007 oculos
686 3950 770 4021 ejus:
796 3951 936 4022 quoniam
951 3952 1052 4009 dolose
1107 3960 1269 4028 avaritiam,
1290 3965 1319 4016 et
1343 3959 1455 4015 invenit
1478 3955 1666 4030 sacrilegium
1691 3955 1816 4013 dicens:
1837 3957 1943 4024 «outa

225 4041 330 4116 egitin
356 4043 514 4114 conspectu
540 4039 615 4111 eius,
645 4043 679 4094 ut
701 4039 844 4096 inveniret
866 4039 1052 4112 iniquitatem
1106 4048 1178 4106 mihi
1203 4049 1323 4118 dabitis,
1349 4053 1377 4105 et
1405 4064 1459 4120 ego
1482 4062 1550 4103 eum
1577 4046 1661 4102 vobis
1687 4046 1805 4102 tradam
1828 4046 1941 4119 (latit.

225 4148 311 4188 auam
335 4129 533 4188 etodium.»
560 4127 632 4194 Quid
658 4128 737 4184 emm
762 4128 925 4184 inveniret?
949 4129 1051 4187 Omnis
1104 4156 1180 4204 xxvi,
1202 4138 1303 4210 imi»
1327 4137 1386 4194 Nec
1410 4136 1542 4210 expletus
1565 4150 1729 4209 pauperum
1756 4134 1876 4209 spoliis,
1902 4137 1940 4192 ad

225 4221 302 4280 enim
319 4216 759 4293 quiquaerit,invenit:orgosi
777 4216 1050 4290 malumquaritur‚
1104 4227 1316 4299 plenitudinem
1345 4226 1503 4282 criminum
1536 4221 1781 4297 gravissimorum
1813 4223 1940 4280 crimina

227 4309 323 4383 agitur
338 4313 371 4364 ut
384 4307 547 4363 invenimur
561 4305 627 4379 (69).
644 4305 700 4362 Sed
721 4306 970 4377 quemadmodum
985 4306 1049 4364 lau·
1104 4317 1221 4373 larendo
1236 4316 1375 4391 pervenit,
1388 4314 1436 4389 pia
1446 4315 1573 4371 miscens
1583 4310 1735 4370 eharitatis
1747 4316 1939 4370 sacramente

258 4448 314 4521 (69)
332 4449 402 4504 Mes.
419 4449 489 4519 duo,
504 4465 571 4533 erqo
585 4453 611 4504 et
629 4449 735 4504 malain
758 4451 902 4520 qriaai'tar,
927 4453 1049 4509 atinae·
1103 4458 1189 4500 secus
1212 4457 1247 4496 ac
1274 4440 1474 4498 Herodianum
1498 4437 1582 4512 Hugo
1605 4436 1686 4493 Grot.
1711 4437 1748 4492 ad
1771 4441 1940 4522 utramque

221 4521 336 4586 atatam
352 4536 439 4576 unus.
456 4521 703 4588 amaricantem,
724 4523 778 4574 otc.
1063 4505 1088 4569 l)
1103 4515 1201 4572 locum
1216 4511 1328 4568 mavult
1341 4511 1388 4567 die
1404 4509 1547 4582 auspicati
1562 4507 1655 4582 regni,
1677 4523 1769 4579 quam
1780 4508 1862 4565 inite
1872 4515 1939 4566 rite
2040 4513 2041 4530 ¹

257 4592 313 4674 (to)
329 4591 376 4647 Sic
391 4607 462 4659 mss,
479 4592 540 4646 Vic.
557 4595 586 4647 et
610 4590 723 4646 Galba
745 4591 854 4662 quibus
870 4591 939 4664 Reg.
957 4596 1045 4718 atqua
1099 4586 1288 4666 celebratum.
1315 4584 1348 4639 ln
1374 4582 1514 4639 conviviis
1536 4584 1635 4637 autem
1669 4578 1773 4661 solitos
1796 4580 1939 4638 adbiberi

221 4663 291 4719 edit.
308 4662 362 4718 hoc
378 4666 492 4718 tantuin
507 4663 686 4734 discrepant,
707 4662 784 4732 quod
809 4662 885 4718 inlra
900 4663 970 4736 legit
984 4665 992 4718 i
1005 4664 1043 4733 le,
1099 4656 1272 4715 saltantium
1296 4654 1401 4736 choros
1427 4669 1474 4736 res
1494 4656 1539 4708 est
1563 4665 1770 4733 communior,
1786 4667 1885 4724 quain
1906 4659 1940 4709 ut

218 4751 346 4807 aramqao
372 4738 483 4806 peccata
509 4749 558 4790 sita
584 4733 733 4804 copulans:
756 4733 816 4788 liceo
844 4739 953 4798 autem,
982 4752 1045 4792 cam
1098 4729 1203 4786 debeat
1216 4726 1436 4794 adnotar13sed
1460 4724 1533 4780 illud
1555 4739 1614 4779 non
1636 4724 1681 4803 ita
1702 4724 1829 4779 obvium
1852 4725 1936 4806 quod

221 4823 273 4878 quo
297 4807 419 4888 despecte
444 4821 525 4862 suam
551 4805 686 4876 copulam.
716 4803 773 4858 Alii
792 4805 918 4930 denique
945 4805 1043 4863 locum
1099 4796 1271 4884 Ambrosius
1286 4801 1430 4881 memorat
1444 4797 1616 4898 adornatam
1635 4791 1729 4850 summ
1752 4793 1937 4876 Ηθῑζοᾱιιᾱίε

221 4875 1045 5005 Ψἴω]Ῑίἰηέιὲηέὣέωἴθῖἒὲὼαῖᾝίῗῖἕ(123ἷῖῧέἽῖ
1098 4862 1939 5008 tatitlt'saltitat,alteritate,tati

218 4965 364 5093 Himetto
382 5021 447 5092 jare
466 4964 587 5091 seispso
606 4964 670 5074 {aaa
694 5033 745 5088 qao
768 5018 800 5074 ita
817 5025 916 5090 pariata
928 4967 981 5076 iao
994 5037 1042 5076 aa·
1098 5040 1174 5099 aare,
1190 5023 1288 5096 tamen
1305 5011 1352 5066 liic
1368 4982 1480 5094 videta'r
1503 5009 1663 5096 significari
1677 5007 1842 5091 praemium
1866 5023 1938 5134 {ara-

217 5093 287 5164 pala
302 5093 491 5149 tractarenon
506 5092 590 5146 malta
603 5094 673 5162 post,
690 5095 744 5144 eto.
1097 5104 1166 5160 poni
1181 5085 1302 5146 solitum
1317 5080 1423 5155 puellis
1445 5081 1622 5139 saltantibus
1634 5098 1666 5139 in
1690 5093 1849 5146 conviviis,
1879 5083 1939 5136 icet

254 5163 311 5237 (ll)
327 5161 458 5219 Natalem
478 5161 555 5218 diem
575 5159 732 5234 quotannis
756 5176 874 5216 summa
897 5160 1044 5220 hilaritate
1098 5165 1171 5214 torte
1196 5174 1253 5214 non
1285 5171 1403 5227 semper
1429 5152 1676 5222 determinatum
1702 5155 1737 5206 ut
1763 5166 1832 5222 quae
1858 5149 1936 5208 illud
2037 5162 2038 5169 ¹

219 5232 365 5291 celebrare
379 5233 448 5290 olim
462 5235 539 5307 apud
556 5233 665 5289 multos
680 5230 803 5306 populos
826 5232 855 5287 in
872 5248 952 5288 more
966 5233 1041 5303 fuit;
1098 5235 1175 5287 esset
1196 5226 1365 5304 promerita,
1391 5224 1489 5296 majas
1503 5223 1547 5281 vel
1571 5225 1671 5281 minus
1696 5220 1859 5304 acciperet,
1876 5238 1936 5296 quo

218 5305 270 5359 sod
283 5304 367 5362 illum
382 5307 534 5388 praecipuae
551 5321 684 5378 proceras
694 5321 727 5360 ac
743 5319 825 5376 reges
840 5319 892 5375 per
903 5302 1004 5376 epulas
1015 5311 1044 5361 et
1098 5301 1253 5373 maquerel
1267 5298 1366 5354 minus
1386 5295 1553 5371 placuisset.
1578 5296 1629 5352 list
1652 5298 1752 5376 autem
1775 5295 1861 5377 idem
1877 5295 1934 5374 sel·

219 5376 350 5432 convivia
372 5377 525 5448 splendida
548 5377 708 5449 agitabant.
725 5375 853 5446 Hujuece
867 5380 1044 5433 vetustatem
1097 5377 1156 5429 tare
1187 5376 1268 5443 ianas
1288 5369 1389 5438 rapula,
1406 5383 1438 5423 ac
1461 5366 1568 5423 saltare
1591 5366 1780 5448 saltationem
1818 5379 1932 5438 ignaria

218 5447 440 5504 consuetudinis
476 5448 633 5504 declaravit
666 5447 790 5520 Moyses,
814 5445 884 5502 Gen.
915 5463 977 5519 cap.
1003 5464 1042 5519 iv,
1097 5391 1214 5518 regaiis,
1228 5440 1478 5524 quemadmodum
1488 5439 1567 5512 apud
1582 5439 1736 5497 Horatium
1755 5381 1933 5521 softqreey·

218 5533 291 5571 vcrs.
305 5519 350 5585 20,
373 5519 423 5574 ubi
444 5520 609 5576 natalitium
624 5519 744 5594 epulum
761 5536 778 5575 a
798 5517 948 5575 Pharaone
962 5518 1042 5576 exhi·
1097 5517 1183 5590 alapa,
1212 5531 1270 5572 non
1299 5511 1379 5571 aliud
1407 5514 1453 5569 eet
1478 5527 1569 5586 quani
1596 5509 1704 5568 saltere
1736 5506 1930 5568 saltationem

218 5587 313 5652 bitum
337 5589 519 5650 memoravit.
545 5592 626 5678 Quod
656 5595 755 5654 tamen
783 5589 958 5668 condilum,
983 5607 1042 5662 apa
1098 5587 1240 5668 Cyclopis.
