<?xml version="1.0" encoding="UTF-8"?>
<!DOCTYPE html PUBLIC "-//W3C//DTD XHTML 1.0 Transitional//EN"
    "http://www.w3.org/TR/xhtml1/DTD/xhtml1-transitional.dtd">
<html xmlns="http://www.w3.org/1999/xhtml" xml:lang="en" lang="en">
 <head>
  <title>
</title>
<meta http-equiv="Content-Type" content="text/html;charset=utf-8" />
  <meta name='ocr-system' content='tesseract 3.04.00' />
  <meta name='ocr-capabilities' content='ocr_page ocr_carea ocr_par ocr_line ocrx_word'/>
</head>
<body>
  <div class='ocr_page' id='page_1' title='image "./patrologiaecurs31goog_0367.png"; bbox 0 0 4159 6184; ppageno 0'>
   <div class='ocr_carea' id='block_1_1' title="bbox 181 309 227 372">
    <p class='ocr_par' dir='ltr' id='par_1_1' title="bbox 181 309 227 372">
     <span class='ocr_line' id='line_1_1' title="bbox 181 309 227 372; baseline 0 -2"><span class='ocrx_word' id='word_1_1' title='bbox 181 309 227 372; x_wconf 79' lang='lat' dir='ltr'><strong>iet</strong></span> 
     </span>
    </p>
   </div>
   <div class='ocr_carea' id='block_1_2' title="bbox 496 261 1499 372">
    <p class='ocr_par' dir='ltr' id='par_1_2' title="bbox 496 261 1499 372">
     <span class='ocr_line' id='line_1_2' title="bbox 496 261 1499 372; baseline -0.008 0"><span class='ocrx_word' id='word_1_2' title='bbox 496 364 500 372; x_wconf 89' lang='lat'><strong>.</strong></span> <span class='ocrx_word' id='word_1_3' title='bbox 545 303 665 370; x_wconf 80' lang='lat' dir='ltr'><strong>tisun</strong></span> <span class='ocrx_word' id='word_1_4' title='bbox 682 305 731 368; x_wconf 89' lang='lat' dir='ltr'><strong>uu</strong></span> <span class='ocrx_word' id='word_1_5' title='bbox 752 301 1120 372; x_wconf 79' lang='lat' dir='ltr'><strong>neuuntc&#39;riouiuus</strong></span> <span class='ocrx_word' id='word_1_6' title='bbox 1142 261 1499 368; x_wconf 76' lang='lat' dir='ltr'><strong>Puvulnucuuuutt.</strong></span> 
     </span>
    </p>
   </div>
   <div class='ocr_carea' id='block_1_3' title="bbox 1822 276 1882 363">
    <p class='ocr_par' dir='ltr' id='par_1_3' title="bbox 1822 276 1882 363">
     <span class='ocr_line' id='line_1_3' title="bbox 1822 276 1882 363; baseline 0.017 -2"><span class='ocrx_word' id='word_1_7' title='bbox 1822 276 1882 363; x_wconf 72' lang='lat' dir='ltr'><strong>reo</strong></span> 
     </span>
    </p>
   </div>
   <div class='ocr_carea' id='block_1_4' title="bbox 210 420 1886 517">
    <p class='ocr_par' dir='ltr' id='par_1_4' title="bbox 210 420 1886 517">
     <span class='ocr_line' id='line_1_4' title="bbox 210 420 1886 517; baseline -0.005 -14"><span class='ocrx_word' id='word_1_8' title='bbox 210 444 247 503; x_wconf 83' lang='lat' dir='ltr'><strong>u.</strong></span> <span class='ocrx_word' id='word_1_9' title='bbox 270 464 284 494; x_wconf 81' lang='lat' dir='ltr'><strong>a</strong></span> <span class='ocrx_word' id='word_1_10' title='bbox 316 437 532 516; x_wconf 85' lang='lat' dir='ltr'><strong>Primogenitas</strong></span> <span class='ocrx_word' id='word_1_11' title='bbox 555 437 632 499; x_wconf 88' lang='lat' dir='ltr'><strong>teari</strong></span> <span class='ocrx_word' id='word_1_12' title='bbox 658 441 745 498; x_wconf 87' lang='lat' dir='ltr'><strong>decas</strong></span> <span class='ocrx_word' id='word_1_13' title='bbox 773 439 847 512; x_wconf 87' lang='lat' dir='ltr'><strong>ejas,</strong></span> <span class='ocrx_word' id='word_1_14' title='bbox 882 420 995 498; x_wconf 83' lang='lat' dir='ltr'><strong>hebens</strong></span> <span class='ocrx_word' id='word_1_15' title='bbox 1011 446 1038 513; x_wconf 78' lang='grc' dir='ltr'><strong>Α</strong></span> <span class='ocrx_word' id='word_1_16' title='bbox 1054 430 1294 517; x_wconf 62' lang='lat' dir='ltr'><strong>superstitionem</strong></span> <span class='ocrx_word' id='word_1_17' title='bbox 1320 437 1477 510; x_wconf 72' lang='lat' dir='ltr'><strong>obtereret,</strong></span> <span class='ocrx_word' id='word_1_18' title='bbox 1492 435 1618 497; x_wconf 88' lang='lat' dir='ltr'><strong>salutem</strong></span> <span class='ocrx_word' id='word_1_19' title='bbox 1641 433 1784 508; x_wconf 85' lang='lat' dir='ltr'><strong>redderet,</strong></span> <span class='ocrx_word' id='word_1_20' title='bbox 1807 435 1886 495; x_wconf 89' lang='lat' dir='ltr'><strong>sicat</strong></span> 
     </span>
    </p>
   </div>
   <div class='ocr_carea' id='block_1_5' title="bbox 176 527 996 1850">
    <p class='ocr_par' dir='ltr' id='par_1_5' title="bbox 176 527 996 1850">
     <span class='ocr_line' id='line_1_5' title="bbox 183 527 995 605; baseline -0.01 -12"><span class='ocrx_word' id='word_1_21' title='bbox 183 549 275 593; x_wconf 83' lang='lat' dir='ltr'><strong>toruos</strong></span> <span class='ocrx_word' id='word_1_22' title='bbox 289 531 459 599; x_wconf 86' lang='lat' dir='ltr'><strong>unicornui,</strong></span> <span class='ocrx_word' id='word_1_23' title='bbox 476 531 506 587; x_wconf 92' lang='lat' dir='ltr'><strong>in</strong></span> <span class='ocrx_word' id='word_1_24' title='bbox 522 531 629 605; x_wconf 89' lang='lat' dir='ltr'><strong>quibas</strong></span> <span class='ocrx_word' id='word_1_25' title='bbox 644 536 745 603; x_wconf 75' lang='lat' dir='ltr'><strong>gentes</strong></span> <span class='ocrx_word' id='word_1_26' title='bbox 761 527 941 586; x_wconf 71' lang='lat' dir='ltr'><strong>recumbit..</strong></span> <span class='ocrx_word' id='word_1_27' title='bbox 961 530 995 585; x_wconf 81' lang='lat' dir='ltr'><strong>ut</strong></span> 
     </span>
     <span class='ocr_line' id='line_1_6' title="bbox 182 619 994 695; baseline -0.007 -14"><span class='ocrx_word' id='word_1_28' title='bbox 182 626 381 682; x_wconf 86' lang='lat' dir='ltr'><strong>bonustourus</strong></span> <span class='ocrx_word' id='word_1_29' title='bbox 396 621 481 695; x_wconf 85' lang='lat' dir='ltr'><strong>qussi</strong></span> <span class='ocrx_word' id='word_1_30' title='bbox 506 621 603 677; x_wconf 87' lang='lat' dir='ltr'><strong>hostie</strong></span> <span class='ocrx_word' id='word_1_31' title='bbox 626 638 678 693; x_wconf 90' lang='lat' dir='ltr'><strong>pro</strong></span> <span class='ocrx_word' id='word_1_32' title='bbox 702 619 825 687; x_wconf 88' lang='lat' dir='ltr'><strong>delictis,</strong></span> <span class='ocrx_word' id='word_1_33' title='bbox 847 624 879 675; x_wconf 90' lang='lat' dir='ltr'><strong>et</strong></span> <span class='ocrx_word' id='word_1_34' title='bbox 903 619 994 675; x_wconf 89' lang='lat' dir='ltr'><strong>totius</strong></span> 
     </span>
     <span class='ocr_line' id='line_1_7' title="bbox 183 709 994 784; baseline -0.009 -11"><span class='ocrx_word' id='word_1_35' title='bbox 183 714 268 772; x_wconf 86' lang='lat' dir='ltr'><strong>mundi</strong></span> <span class='ocrx_word' id='word_1_36' title='bbox 281 713 411 780; x_wconf 87' lang='lat' dir='ltr'><strong>victima,</strong></span> <span class='ocrx_word' id='word_1_37' title='bbox 430 715 461 766; x_wconf 90' lang='lat' dir='ltr'><strong>ut</strong></span> <span class='ocrx_word' id='word_1_38' title='bbox 476 711 642 784; x_wconf 81' lang='lat' dir='ltr'><strong>pacificaret</strong></span> <span class='ocrx_word' id='word_1_39' title='bbox 664 711 771 766; x_wconf 86' lang='lat' dir='ltr'><strong>orunin.</strong></span> <span class='ocrx_word' id='word_1_40' title='bbox 788 710 881 781; x_wconf 85' lang='lat' dir='ltr'><strong>Cujus</strong></span> <span class='ocrx_word' id='word_1_41' title='bbox 904 709 994 766; x_wconf 88' lang='lat' dir='ltr'><strong>docus</strong></span> 
     </span>
     <span class='ocr_line' id='line_1_8' title="bbox 183 797 993 873; baseline -0.011 -12"><span class='ocrx_word' id='word_1_42' title='bbox 183 807 315 870; x_wconf 79' lang='lat' dir='ltr'><strong>sanetnrn3</strong></span> <span class='ocrx_word' id='word_1_43' title='bbox 332 817 419 857; x_wconf 91' lang='lat' dir='ltr'><strong>omne</strong></span> <span class='ocrx_word' id='word_1_44' title='bbox 434 799 514 857; x_wconf 91' lang='lat' dir='ltr'><strong>enim</strong></span> <span class='ocrx_word' id='word_1_45' title='bbox 529 804 664 856; x_wconf 79' lang='lat' dir='ltr'><strong>sanetum</strong></span> <span class='ocrx_word' id='word_1_46' title='bbox 681 799 921 873; x_wconf 87' lang='lat' dir='ltr'><strong>primogenitum,</strong></span> <span class='ocrx_word' id='word_1_47' title='bbox 935 797 993 852; x_wconf 90' lang='lat' dir='ltr'><strong>sic-</strong></span> 
     </span>
     <span class='ocr_line' id='line_1_9' title="bbox 184 889 991 960; baseline -0.007 -11"><span class='ocrx_word' id='word_1_48' title='bbox 184 899 209 949; x_wconf 89' lang='lat' dir='ltr'><strong>ut</strong></span> <span class='ocrx_word' id='word_1_49' title='bbox 221 892 282 949; x_wconf 86' lang='lat' dir='ltr'><strong>alibi</strong></span> <span class='ocrx_word' id='word_1_50' title='bbox 298 889 569 948; x_wconf 79' lang='lat' dir='ltr'><strong>demonstravimus</strong></span> <span class='ocrx_word' id='word_1_51' title='bbox 597 889 656 960; x_wconf 79' lang='lat' dir='ltr'><strong>tiit.</strong></span> <span class='ocrx_word' id='word_1_52' title='bbox 674 891 704 958; x_wconf 71' lang='grc' dir='ltr'><strong>ιιζ</strong></span> <span class='ocrx_word' id='word_1_53' title='bbox 719 889 756 953; x_wconf 70' lang='lat' dir='ltr'><strong>ile,</strong></span> <span class='ocrx_word' id='word_1_54' title='bbox 775 889 839 944; x_wconf 77' lang='lat' dir='ltr'><strong>utet</strong></span> <span class='ocrx_word' id='word_1_55' title='bbox 861 893 887 944; x_wconf 85' lang='lat' dir='ltr'><strong>ct</strong></span> <span class='ocrx_word' id='word_1_56' title='bbox 911 889 991 954; x_wconf 82' lang='lat' dir='ltr'><strong>Coie,</strong></span> 
     </span>
     <span class='ocr_line' id='line_1_10' title="bbox 180 976 991 1048; baseline -0.01 -10"><span class='ocrx_word' id='word_1_57' title='bbox 180 1001 199 1039; x_wconf 89' lang='lat' dir='ltr'><strong>e.</strong></span> <span class='ocrx_word' id='word_1_58' title='bbox 212 985 234 1048; x_wconf 82' lang='lat'><strong>2,</strong></span> <span class='ocrx_word' id='word_1_59' title='bbox 248 999 274 1036; x_wconf 85' lang='lat' dir='ltr'><strong>n.</strong></span> <span class='ocrx_word' id='word_1_60' title='bbox 294 981 322 1047; x_wconf 91' lang='grc'><strong>3,</strong></span> <span class='ocrx_word' id='word_1_61' title='bbox 347 982 401 1048; x_wconf 82' lang='grc'>12).</span> <span class='ocrx_word' id='word_1_62' title='bbox 427 978 510 1035; x_wconf 83' lang='lat' dir='ltr'>Unde</span> <span class='ocrx_word' id='word_1_63' title='bbox 533 981 563 1033; x_wconf 86' lang='lat' dir='ltr'><strong>et</strong></span> <span class='ocrx_word' id='word_1_64' title='bbox 586 977 652 1033; x_wconf 86' lang='lat' dir='ltr'><strong>Levi</strong></span> <span class='ocrx_word' id='word_1_65' title='bbox 676 996 734 1034; x_wconf 91' lang='lat' dir='ltr'><strong>non</strong></span> <span class='ocrx_word' id='word_1_66' title='bbox 760 977 853 1034; x_wconf 81' lang='lat' dir='ltr'><strong>mistis</strong></span> <span class='ocrx_word' id='word_1_67' title='bbox 878 976 991 1044; x_wconf 79' lang='lat' dir='ltr'>ordine,</span> 
     </span>
     <span class='ocr_line' id='line_1_11' title="bbox 180 1065 992 1140; baseline -0.009 -13"><span class='ocrx_word' id='word_1_68' title='bbox 180 1071 317 1128; x_wconf 78' lang='lat' dir='ltr'><strong>sedsecros</strong></span> <span class='ocrx_word' id='word_1_69' title='bbox 339 1067 538 1125; x_wconf 76' lang='lat' dir='ltr'><strong>successionis</strong></span> <span class='ocrx_word' id='word_1_70' title='bbox 562 1067 752 1139; x_wconf 81' lang='lat' dir='ltr'><strong>prerogativa</strong></span> <span class='ocrx_word' id='word_1_71' title='bbox 776 1065 992 1140; x_wconf 86' lang='lat' dir='ltr'><strong>primogenitus</strong></span> 
     </span>
     <span class='ocr_line' id='line_1_12' title="bbox 180 1155 990 1230; baseline -0.01 -13"><span class='ocrx_word' id='word_1_72' title='bbox 180 1159 270 1217; x_wconf 88' lang='lat' dir='ltr'><strong>meruit</strong></span> <span class='ocrx_word' id='word_1_73' title='bbox 297 1157 474 1230; x_wconf 86' lang='lat' dir='ltr'><strong>nuncupari.</strong></span> <span class='ocrx_word' id='word_1_74' title='bbox 493 1158 527 1211; x_wconf 79' lang='lat' dir='ltr'><strong>Et</strong></span> <span class='ocrx_word' id='word_1_75' title='bbox 547 1171 614 1211; x_wconf 88' lang='lat' dir='ltr'><strong>vere</strong></span> <span class='ocrx_word' id='word_1_76' title='bbox 638 1161 772 1212; x_wconf 85' lang='lat' dir='ltr'><strong>sunctum</strong></span> <span class='ocrx_word' id='word_1_77' title='bbox 801 1155 891 1210; x_wconf 89' lang='lat' dir='ltr'><strong>decus</strong></span> <span class='ocrx_word' id='word_1_78' title='bbox 914 1156 990 1226; x_wconf 88' lang='lat' dir='ltr'><strong>ejus,</strong></span> 
     </span>
     <span class='ocr_line' id='line_1_13' title="bbox 180 1243 993 1322; baseline -0.01 -16"><span class='ocrx_word' id='word_1_79' title='bbox 180 1252 276 1322; x_wconf 76' lang='lat' dir='ltr'><strong>deqrio</strong></span> <span class='ocrx_word' id='word_1_80' title='bbox 295 1247 437 1319; x_wconf 91' lang='lat' dir='ltr'><strong>scriptum</strong></span> <span class='ocrx_word' id='word_1_81' title='bbox 465 1248 510 1302; x_wconf 92' lang='lat' dir='ltr'><strong>est</strong></span> <span class='ocrx_word' id='word_1_82' title='bbox 539 1249 708 1318; x_wconf 89' lang='lat' dir='ltr'><strong>resurgente</strong></span> <span class='ocrx_word' id='word_1_83' title='bbox 743 1263 749 1300; x_wconf 91' lang='lat'><strong>:</strong></span> <span class='ocrx_word' id='word_1_84' title='bbox 785 1267 800 1294; x_wconf 91' lang='lat'>«</span> <span class='ocrx_word' id='word_1_85' title='bbox 835 1243 993 1316; x_wconf 77' lang='lat' dir='ltr'><strong>speciosus</strong></span> 
     </span>
     <span class='ocr_line' id='line_1_14' title="bbox 181 1331 995 1409; baseline -0.01 -15"><span class='ocrx_word' id='word_1_86' title='bbox 181 1341 257 1396; x_wconf 88' lang='lat' dir='ltr'><strong>terroe</strong></span> <span class='ocrx_word' id='word_1_87' title='bbox 280 1353 339 1409; x_wconf 77' lang='lat' dir='ltr'><strong>pres</strong></span> <span class='ocrx_word' id='word_1_88' title='bbox 363 1334 432 1390; x_wconf 84' lang='lat' dir='ltr'><strong>filiis</strong></span> <span class='ocrx_word' id='word_1_89' title='bbox 457 1334 610 1390; x_wconf 88' lang='lat' dir='ltr'><strong>hominurn</strong></span> <span class='ocrx_word' id='word_1_90' title='bbox 636 1334 721 1404; x_wconf 80' lang='lat' dir='ltr'><strong>(Psoi.</strong></span> <span class='ocrx_word' id='word_1_91' title='bbox 738 1350 813 1400; x_wconf 81' lang='lat' dir='ltr'><strong>xinv,</strong></span> <span class='ocrx_word' id='word_1_92' title='bbox 830 1333 868 1404; x_wconf 88' lang='grc'><strong>3),</strong></span> <span class='ocrx_word' id='word_1_93' title='bbox 888 1354 900 1380; x_wconf 75' lang='lat' dir='ltr'><strong>u</strong></span> <span class='ocrx_word' id='word_1_94' title='bbox 924 1331 995 1403; x_wconf 88' lang='lat' dir='ltr'><strong>quin</strong></span> 
     </span>
     <span class='ocr_line' id='line_1_15' title="bbox 178 1421 995 1501; baseline -0.011 -18"><span class='ocrx_word' id='word_1_95' title='bbox 178 1429 284 1501; x_wconf 86' lang='lat' dir='ltr'><strong>ipseest</strong></span> <span class='ocrx_word' id='word_1_96' title='bbox 299 1423 513 1497; x_wconf 86' lang='lat' dir='ltr'><strong>primogenitus</strong></span> <span class='ocrx_word' id='word_1_97' title='bbox 537 1439 570 1477; x_wconf 82' lang='lat' dir='ltr'><strong>ex</strong></span> <span class='ocrx_word' id='word_1_98' title='bbox 595 1421 729 1491; x_wconf 90' lang='lat' dir='ltr'><strong>mortuis,</strong></span> <span class='ocrx_word' id='word_1_99' title='bbox 746 1423 858 1476; x_wconf 89' lang='lat' dir='ltr'><strong>babens</strong></span> <span class='ocrx_word' id='word_1_100' title='bbox 883 1437 995 1475; x_wconf 79' lang='lat' dir='ltr'><strong>aornim</strong></span> 
     </span>
     <span class='ocr_line' id='line_1_16' title="bbox 178 1509 995 1582; baseline -0.011 -10"><span class='ocrx_word' id='word_1_101' title='bbox 178 1513 330 1572; x_wconf 89' lang='lat' dir='ltr'><strong>unicornui.</strong></span> <span class='ocrx_word' id='word_1_102' title='bbox 366 1512 421 1568; x_wconf 84' lang='lat' dir='ltr'><strong>Sed</strong></span> <span class='ocrx_word' id='word_1_103' title='bbox 452 1527 519 1566; x_wconf 86' lang='lat' dir='ltr'><strong>curn</strong></span> <span class='ocrx_word' id='word_1_104' title='bbox 551 1511 655 1566; x_wconf 74' lang='lat' dir='ltr'><strong>dlxsrit</strong></span> <span class='ocrx_word' id='word_1_105' title='bbox 690 1527 811 1578; x_wconf 86' lang='lat' dir='ltr'><strong>cornua,</strong></span> <span class='ocrx_word' id='word_1_106' title='bbox 846 1509 995 1582; x_wconf 86' lang='lat' dir='ltr'><strong>quomodo</strong></span> 
     </span>
     <span class='ocr_line' id='line_1_17' title="bbox 178 1598 995 1680; baseline -0.013 -18"><span class='ocrx_word' id='word_1_107' title='bbox 178 1603 293 1680; x_wconf 85' lang='lat' dir='ltr'><strong>posuerit</strong></span> <span class='ocrx_word' id='word_1_108' title='bbox 305 1599 461 1658; x_wconf 88' lang='lat' dir='ltr'><strong>unicornui</strong></span> <span class='ocrx_word' id='word_1_109' title='bbox 477 1600 685 1670; x_wconf 78' lang='lat' dir='ltr'><strong>requirendum</strong></span> <span class='ocrx_word' id='word_1_110' title='bbox 700 1617 706 1666; x_wconf 90' lang='lat'>;</span> <span class='ocrx_word' id='word_1_111' title='bbox 724 1617 791 1654; x_wconf 88' lang='lat' dir='ltr'><strong>enm</strong></span> <span class='ocrx_word' id='word_1_112' title='bbox 808 1599 907 1672; x_wconf 85' lang='lat' dir='ltr'><strong>ipsum</strong></span> <span class='ocrx_word' id='word_1_113' title='bbox 929 1598 995 1653; x_wconf 93' lang='lat' dir='ltr'><strong>uni·</strong></span> 
     </span>
     <span class='ocr_line' id='line_1_18' title="bbox 177 1685 996 1760; baseline -0.012 -10"><span class='ocrx_word' id='word_1_114' title='bbox 177 1707 308 1750; x_wconf 89' lang='lat' dir='ltr'><strong>cornuum</strong></span> <span class='ocrx_word' id='word_1_115' title='bbox 338 1689 414 1744; x_wconf 87' lang='lat' dir='ltr'><strong>inter</strong></span> <span class='ocrx_word' id='word_1_116' title='bbox 445 1687 645 1760; x_wconf 79' lang='lat' dir='ltr'><strong>generationes</strong></span> <span class='ocrx_word' id='word_1_117' title='bbox 674 1688 813 1752; x_wconf 84' lang='lat' dir='ltr'><strong>serarum,</strong></span> <span class='ocrx_word' id='word_1_118' title='bbox 846 1693 878 1742; x_wconf 87' lang='lat' dir='ltr'><strong>ut</strong></span> <span class='ocrx_word' id='word_1_119' title='bbox 907 1685 996 1758; x_wconf 89' lang='lat' dir='ltr'><strong>periti</strong></span> 
     </span>
     <span class='ocr_line' id='line_1_19' title="bbox 176 1775 995 1850; baseline -0.012 -11"><span class='ocrx_word' id='word_1_120' title='bbox 176 1783 256 1850; x_wconf 84' lang='lat' dir='ltr'><strong>aiant,</strong></span> <span class='ocrx_word' id='word_1_121' title='bbox 273 1796 331 1836; x_wconf 91' lang='lat' dir='ltr'><strong>nou</strong></span> <span class='ocrx_word' id='word_1_122' title='bbox 348 1775 604 1846; x_wconf 79' lang='lat' dir='ltr'><strong>inveniatiir(31)l</strong></span> <span class='ocrx_word' id='word_1_123' title='bbox 626 1779 660 1830; x_wconf 82' lang='lat' dir='ltr'><strong>Et</strong></span> <span class='ocrx_word' id='word_1_124' title='bbox 683 1775 747 1830; x_wconf 92' lang='lat' dir='ltr'><strong>idoo</strong></span> <span class='ocrx_word' id='word_1_125' title='bbox 771 1775 901 1833; x_wconf 79' lang='lat' dir='ltr'><strong>Verbum</strong></span> <span class='ocrx_word' id='word_1_126' title='bbox 930 1775 995 1830; x_wconf 90' lang='lat' dir='ltr'><strong>uni-</strong></span> 
     </span>
    </p>
   </div>
   <div class='ocr_carea' id='block_1_6' title="bbox 1049 529 1981 1850">
    <p class='ocr_par' dir='ltr' id='par_1_6' title="bbox 1049 529 1981 1850">
     <span class='ocr_line' id='line_1_20' title="bbox 1050 529 1882 607; baseline -0.007 -18"><span class='ocrx_word' id='word_1_127' title='bbox 1050 534 1114 607; x_wconf 89' lang='lat' dir='ltr'><strong>ipse</strong></span> <span class='ocrx_word' id='word_1_128' title='bbox 1142 530 1184 588; x_wconf 90' lang='lat' dir='ltr'><strong>ait</strong></span> <span class='ocrx_word' id='word_1_129' title='bbox 1203 547 1210 585; x_wconf 93' lang='lat'>:</span> <span class='ocrx_word' id='word_1_130' title='bbox 1232 529 1435 597; x_wconf 75' lang='lat' dir='ltr'><strong>«Percutiam,</strong></span> <span class='ocrx_word' id='word_1_131' title='bbox 1465 535 1495 586; x_wconf 92' lang='lat' dir='ltr'><strong>et</strong></span> <span class='ocrx_word' id='word_1_132' title='bbox 1522 530 1634 587; x_wconf 84' lang='lat' dir='ltr'><strong>sanabo</strong></span> <span class='ocrx_word' id='word_1_133' title='bbox 1663 530 1753 602; x_wconf 81' lang='lat' dir='ltr'><strong>(Dent.</strong></span> <span class='ocrx_word' id='word_1_134' title='bbox 1781 545 1882 596; x_wconf 79' lang='lat' dir='ltr'><strong>xxxin,</strong></span> 
     </span>
     <span class='ocr_line' id='line_1_21' title="bbox 1050 618 1883 695; baseline -0.001 -18"><span class='ocrx_word' id='word_1_135' title='bbox 1050 623 1106 695; x_wconf 83' lang='grc'>39).</span> <span class='ocrx_word' id='word_1_136' title='bbox 1130 643 1144 671; x_wconf 78' lang='lat' dir='ltr'><strong>n</strong></span> <span class='ocrx_word' id='word_1_137' title='bbox 1165 619 1293 690; x_wconf 86' lang='lat' dir='ltr'><strong>ideoque</strong></span> <span class='ocrx_word' id='word_1_138' title='bbox 1309 628 1451 692; x_wconf 81' lang='lat' dir='ltr'><strong>tanquam</strong></span> <span class='ocrx_word' id='word_1_139' title='bbox 1466 619 1599 676; x_wconf 78' lang='lat' dir='ltr'><strong>imitator</strong></span> <span class='ocrx_word' id='word_1_140' title='bbox 1616 619 1693 676; x_wconf 84' lang='lat' dir='ltr'><strong>tauri</strong></span> <span class='ocrx_word' id='word_1_141' title='bbox 1708 619 1799 691; x_wconf 80' lang='lat' dir='ltr'><strong>hujus</strong></span> <span class='ocrx_word' id='word_1_142' title='bbox 1813 618 1883 676; x_wconf 88' lang='lat' dir='ltr'><strong>Pro-</strong></span> 
     </span>
     <span class='ocr_line' id='line_1_22' title="bbox 1050 706 1883 788; baseline -0.005 -20"><span class='ocrx_word' id='word_1_143' title='bbox 1050 713 1141 788; x_wconf 86' lang='lat' dir='ltr'><strong>pheta</strong></span> <span class='ocrx_word' id='word_1_144' title='bbox 1155 707 1230 764; x_wconf 86' lang='lat' dir='ltr'><strong>dicit</strong></span> <span class='ocrx_word' id='word_1_145' title='bbox 1247 725 1277 763; x_wconf 77' lang='lat'><strong>:¹</strong></span> <span class='ocrx_word' id='word_1_146' title='bbox 1293 709 1325 763; x_wconf 92' lang='lat' dir='ltr'><strong>In</strong></span> <span class='ocrx_word' id='word_1_147' title='bbox 1341 713 1369 764; x_wconf 91' lang='lat' dir='ltr'><strong>te</strong></span> <span class='ocrx_word' id='word_1_148' title='bbox 1384 708 1521 765; x_wconf 90' lang='lat' dir='ltr'><strong>inimicos</strong></span> <span class='ocrx_word' id='word_1_149' title='bbox 1535 712 1652 765; x_wconf 87' lang='lat' dir='ltr'><strong>nostros</strong></span> <span class='ocrx_word' id='word_1_150' title='bbox 1673 706 1883 765; x_wconf 78' lang='lat' dir='ltr'><strong>ventilabimus</strong></span> 
     </span>
     <span class='ocr_line' id='line_1_23' title="bbox 1050 797 1883 869; baseline -0.005 -11"><span class='ocrx_word' id='word_1_151' title='bbox 1050 817 1142 858; x_wconf 90' lang='lat' dir='ltr'><strong>corna</strong></span> <span class='ocrx_word' id='word_1_152' title='bbox 1160 797 1248 869; x_wconf 85' lang='lat' dir='ltr'><strong>(Psoi.</strong></span> <span class='ocrx_word' id='word_1_153' title='bbox 1264 814 1342 863; x_wconf 85' lang='lat' dir='ltr'><strong>xnrrr,</strong></span> <span class='ocrx_word' id='word_1_154' title='bbox 1359 798 1398 869; x_wconf 87' lang='grc'><strong>6),</strong></span> <span class='ocrx_word' id='word_1_155' title='bbox 1416 819 1429 848; x_wconf 82' lang='lat' dir='ltr'><strong>a</strong></span> <span class='ocrx_word' id='word_1_156' title='bbox 1445 798 1473 853; x_wconf 87' lang='lat' dir='ltr'><strong>id</strong></span> <span class='ocrx_word' id='word_1_157' title='bbox 1489 801 1544 865; x_wconf 91' lang='lat' dir='ltr'><strong>est,</strong></span> <span class='ocrx_word' id='word_1_158' title='bbox 1560 797 1745 856; x_wconf 89' lang='lat' dir='ltr'><strong>altitudinem</strong></span> <span class='ocrx_word' id='word_1_159' title='bbox 1765 814 1883 855; x_wconf 89' lang='lat' dir='ltr'><strong>omnem</strong></span> 
     </span>
     <span class='ocr_line' id='line_1_24' title="bbox 1050 886 1881 947; baseline -0.006 0"><span class='ocrx_word' id='word_1_160' title='bbox 1050 891 1217 947; x_wconf 79' lang='lat' dir='ltr'><strong>elevantem</strong></span> <span class='ocrx_word' id='word_1_161' title='bbox 1234 902 1265 941; x_wconf 88' lang='lat' dir='ltr'><strong>se</strong></span> <span class='ocrx_word' id='word_1_162' title='bbox 1278 886 1418 942; x_wconf 87' lang='lat' dir='ltr'><strong>adversus</strong></span> <span class='ocrx_word' id='word_1_163' title='bbox 1441 887 1489 944; x_wconf 92' lang='lat' dir='ltr'><strong>Dei</strong></span> <span class='ocrx_word' id='word_1_164' title='bbox 1514 887 1667 945; x_wconf 81' lang='lat' dir='ltr'><strong>seientiam</strong></span> <span class='ocrx_word' id='word_1_165' title='bbox 1686 888 1881 944; x_wconf 87' lang='lat' dir='ltr'><strong>destruentes.</strong></span> 
     </span>
     <span class='ocr_line' id='line_1_25' title="bbox 1049 975 1883 1049; baseline -0.001 -14"><span class='ocrx_word' id='word_1_166' title='bbox 1049 981 1085 1035; x_wconf 82' lang='lat' dir='ltr'><strong>Et</strong></span> <span class='ocrx_word' id='word_1_167' title='bbox 1100 978 1169 1033; x_wconf 88' lang='lat' dir='ltr'><strong>idco</strong></span> <span class='ocrx_word' id='word_1_168' title='bbox 1182 976 1270 1046; x_wconf 84' lang='lat' dir='ltr'><strong>juxte</strong></span> <span class='ocrx_word' id='word_1_169' title='bbox 1287 975 1483 1049; x_wconf 69' lang='lat' dir='ltr'><strong>bettingem</strong></span> <span class='ocrx_word' id='word_1_170' title='bbox 1499 979 1609 1034; x_wconf 83' lang='lat' dir='ltr'><strong>munds</strong></span> <span class='ocrx_word' id='word_1_171' title='bbox 1623 977 1883 1034; x_wconf 87' lang='lat' dir='ltr'><strong>animaliecornua</strong></span> 
     </span>
     <span class='ocr_line' id='line_1_26' title="bbox 1050 1063 1880 1140; baseline -0.004 -16"><span class='ocrx_word' id='word_1_172' title='bbox 1050 1068 1165 1124; x_wconf 85' lang='lat' dir='ltr'><strong>habent</strong></span> <span class='ocrx_word' id='word_1_173' title='bbox 1188 1063 1278 1135; x_wconf 80' lang='lat' dir='ltr'><strong>(Dent.</strong></span> <span class='ocrx_word' id='word_1_174' title='bbox 1295 1083 1353 1132; x_wconf 82' lang='lat' dir='ltr'><strong>xiv,</strong></span> <span class='ocrx_word' id='word_1_175' title='bbox 1370 1067 1385 1121; x_wconf 87' lang='lat' dir='ltr'><strong>t</strong></span> <span class='ocrx_word' id='word_1_176' title='bbox 1400 1074 1425 1122; x_wconf 83' lang='lat' dir='ltr'><strong>et</strong></span> <span class='ocrx_word' id='word_1_177' title='bbox 1438 1067 1466 1138; x_wconf 82' lang='lat'><strong>5)</strong></span> <span class='ocrx_word' id='word_1_178' title='bbox 1483 1085 1489 1122; x_wconf 77' lang='grc' dir='ltr'><strong>ι</strong></span> <span class='ocrx_word' id='word_1_179' title='bbox 1506 1068 1564 1123; x_wconf 83' lang='lat' dir='ltr'><strong>Lex</strong></span> <span class='ocrx_word' id='word_1_180' title='bbox 1575 1065 1654 1123; x_wconf 91' lang='lat' dir='ltr'><strong>enim</strong></span> <span class='ocrx_word' id='word_1_181' title='bbox 1670 1064 1811 1140; x_wconf 89' lang='lat' dir='ltr'><strong>spiritalis</strong></span> <span class='ocrx_word' id='word_1_182' title='bbox 1826 1067 1880 1123; x_wconf 87' lang='lat' dir='ltr'><strong>est.</strong></span> 
     </span>
     <span class='ocr_line' id='line_1_27' title="bbox 1050 1153 1971 1228; baseline 0 -16"><span class='ocrx_word' id='word_1_183' title='bbox 1050 1156 1104 1223; x_wconf 87' lang='lat' dir='ltr'><strong>Qui</strong></span> <span class='ocrx_word' id='word_1_184' title='bbox 1131 1153 1216 1210; x_wconf 88' lang='lat' dir='ltr'><strong>onim</strong></span> <span class='ocrx_word' id='word_1_185' title='bbox 1240 1159 1364 1226; x_wconf 91' lang='lat' dir='ltr'><strong>possunt</strong></span> <span class='ocrx_word' id='word_1_186' title='bbox 1379 1155 1477 1211; x_wconf 78' lang='lat' dir='ltr'><strong>secali</strong></span> <span class='ocrx_word' id='word_1_187' title='bbox 1504 1156 1595 1228; x_wconf 85' lang='lat' dir='ltr'><strong>hrrjus</strong></span> <span class='ocrx_word' id='word_1_188' title='bbox 1618 1155 1773 1212; x_wconf 88' lang='lat' dir='ltr'><strong>illecebras</strong></span> <span class='ocrx_word' id='word_1_189' title='bbox 1795 1155 1882 1212; x_wconf 90' lang='lat' dir='ltr'><strong>verbo</strong></span> <span class='ocrx_word' id='word_1_190' title='bbox 1968 1215 1971 1220; x_wconf 70' lang='grc'><strong>,</strong></span> 
     </span>
     <span class='ocr_line' id='line_1_28' title="bbox 1050 1243 1882 1320; baseline -0.001 -17"><span class='ocrx_word' id='word_1_191' title='bbox 1050 1247 1101 1303; x_wconf 91' lang='lat' dir='ltr'><strong>Dei</strong></span> <span class='ocrx_word' id='word_1_192' title='bbox 1128 1251 1159 1301; x_wconf 88' lang='lat' dir='ltr'><strong>et</strong></span> <span class='ocrx_word' id='word_1_193' title='bbox 1184 1243 1301 1302; x_wconf 89' lang='lat' dir='ltr'><strong>virtutis</strong></span> <span class='ocrx_word' id='word_1_194' title='bbox 1332 1246 1517 1302; x_wconf 87' lang='lat' dir='ltr'><strong>observantia</strong></span> <span class='ocrx_word' id='word_1_195' title='bbox 1539 1246 1720 1320; x_wconf 88' lang='lat' dir='ltr'><strong>pmpulsnre,</strong></span> <span class='ocrx_word' id='word_1_196' title='bbox 1745 1245 1882 1302; x_wconf 88' lang='lat' dir='ltr'><strong>cornibus</strong></span> 
     </span>
     <span class='ocr_line' id='line_1_29' title="bbox 1049 1333 1884 1407; baseline -0.001 -16"><span class='ocrx_word' id='word_1_197' title='bbox 1049 1335 1132 1392; x_wconf 90' lang='lat' dir='ltr'><strong>velut</strong></span> <span class='ocrx_word' id='word_1_198' title='bbox 1153 1333 1333 1406; x_wconf 86' lang='lat' dir='ltr'><strong>quibusdum</strong></span> <span class='ocrx_word' id='word_1_199' title='bbox 1350 1336 1454 1407; x_wconf 91' lang='lat' dir='ltr'><strong>eapitis</strong></span> <span class='ocrx_word' id='word_1_200' title='bbox 1478 1336 1524 1391; x_wconf 90' lang='lat' dir='ltr'><strong>sni</strong></span> <span class='ocrx_word' id='word_1_201' title='bbox 1547 1337 1639 1392; x_wconf 85' lang='lat' dir='ltr'><strong>ermis</strong></span> <span class='ocrx_word' id='word_1_202' title='bbox 1661 1335 1797 1392; x_wconf 88' lang='lat' dir='ltr'><strong>videntur</strong></span> <span class='ocrx_word' id='word_1_203' title='bbox 1819 1350 1884 1392; x_wconf 87' lang='lat' dir='ltr'><strong>esse</strong></span> 
     </span>
     <span class='ocr_line' id='line_1_30' title="bbox 1052 1422 1883 1498; baseline 0 -19"><span class='ocrx_word' id='word_1_204' title='bbox 1052 1422 1175 1479; x_wconf 91' lang='lat' dir='ltr'><strong>muniti.</strong></span> <span class='ocrx_word' id='word_1_205' title='bbox 1194 1423 1355 1496; x_wconf 87' lang='lat' dir='ltr'><strong>Meritoque</strong></span> <span class='ocrx_word' id='word_1_206' title='bbox 1380 1429 1408 1480; x_wconf 93' lang='lat' dir='ltr'><strong>et</strong></span> <span class='ocrx_word' id='word_1_207' title='bbox 1431 1425 1503 1481; x_wconf 87' lang='lat' dir='ltr'><strong>tuba</strong></span> <span class='ocrx_word' id='word_1_208' title='bbox 1526 1441 1631 1481; x_wconf 89' lang='lat' dir='ltr'><strong>cornea</strong></span> <span class='ocrx_word' id='word_1_209' title='bbox 1646 1425 1731 1498; x_wconf 84' lang='lat' dir='ltr'><strong>(Psoi.</strong></span> <span class='ocrx_word' id='word_1_210' title='bbox 1754 1441 1840 1487; x_wconf 80' lang='lat' dir='ltr'><strong>xcvu,</strong></span> <span class='ocrx_word' id='word_1_211' title='bbox 1855 1422 1883 1494; x_wconf 85' lang='grc'><strong>6)</strong></span> 
     </span>
     <span class='ocr_line' id='line_1_31' title="bbox 1053 1511 1981 1587; baseline 0.001 -20"><span class='ocrx_word' id='word_1_212' title='bbox 1053 1512 1165 1568; x_wconf 89' lang='lat' dir='ltr'><strong>dicitur</strong></span> <span class='ocrx_word' id='word_1_213' title='bbox 1179 1512 1274 1569; x_wconf 91' lang='lat' dir='ltr'><strong>virtus</strong></span> <span class='ocrx_word' id='word_1_214' title='bbox 1290 1514 1435 1569; x_wconf 89' lang='lat' dir='ltr'><strong>sermonis</strong></span> <span class='ocrx_word' id='word_1_215' title='bbox 1452 1514 1605 1584; x_wconf 81' lang='lat' dir='ltr'><strong>mirabilis,</strong></span> <span class='ocrx_word' id='word_1_216' title='bbox 1623 1532 1687 1587; x_wconf 82' lang='lat' dir='ltr'><strong>qum</strong></span> <span class='ocrx_word' id='word_1_217' title='bbox 1701 1517 1794 1572; x_wconf 91' lang='lat' dir='ltr'><strong>bonos</strong></span> <span class='ocrx_word' id='word_1_218' title='bbox 1806 1511 1885 1571; x_wconf 86' lang='lat' dir='ltr'><strong>Chri·</strong></span> <span class='ocrx_word' id='word_1_219' title='bbox 1977 1535 1981 1544; x_wconf 84' lang='lat'><strong>·</strong></span> 
     </span>
     <span class='ocr_line' id='line_1_32' title="bbox 1054 1601 1885 1675; baseline -0.001 -18"><span class='ocrx_word' id='word_1_220' title='bbox 1054 1601 1091 1657; x_wconf 90' lang='lat' dir='ltr'><strong>sti</strong></span> <span class='ocrx_word' id='word_1_221' title='bbox 1107 1601 1221 1657; x_wconf 89' lang='lat' dir='ltr'><strong>milites</strong></span> <span class='ocrx_word' id='word_1_222' title='bbox 1237 1603 1370 1658; x_wconf 86' lang='lat' dir='ltr'><strong>accendit</strong></span> <span class='ocrx_word' id='word_1_223' title='bbox 1381 1604 1417 1658; x_wconf 86' lang='lat' dir='ltr'><strong>nd</strong></span> <span class='ocrx_word' id='word_1_224' title='bbox 1433 1602 1577 1675; x_wconf 77' lang='lat' dir='ltr'><strong>prelium,</strong></span> <span class='ocrx_word' id='word_1_225' title='bbox 1594 1606 1676 1660; x_wconf 88' lang='lat' dir='ltr'><strong>ut&#39;de</strong></span> <span class='ocrx_word' id='word_1_226' title='bbox 1691 1604 1774 1660; x_wconf 91' lang='lat' dir='ltr'><strong>hoste</strong></span> <span class='ocrx_word' id='word_1_227' title='bbox 1787 1603 1885 1659; x_wconf 87' lang='lat' dir='ltr'><strong>diebo-</strong></span> 
     </span>
     <span class='ocr_line' id='line_1_33' title="bbox 1054 1689 1885 1768; baseline 0.001 -23"><span class='ocrx_word' id='word_1_228' title='bbox 1054 1689 1082 1746; x_wconf 93' lang='lat' dir='ltr'><strong>lo</strong></span> <span class='ocrx_word' id='word_1_229' title='bbox 1097 1690 1259 1746; x_wconf 84' lang='lat' dir='ltr'><strong>manubias</strong></span> <span class='ocrx_word' id='word_1_230' title='bbox 1275 1697 1466 1763; x_wconf 86' lang='lat' dir='ltr'><strong>reportemus.</strong></span> <span class='ocrx_word' id='word_1_231' title='bbox 1484 1693 1515 1747; x_wconf 93' lang='lat' dir='ltr'><strong>In</strong></span> <span class='ocrx_word' id='word_1_232' title='bbox 1532 1693 1592 1750; x_wconf 86' lang='lat' dir='ltr'><strong>seio</strong></span> <span class='ocrx_word' id='word_1_233' title='bbox 1613 1694 1704 1768; x_wconf 88' lang='lat' dir='ltr'><strong>igitur</strong></span> <span class='ocrx_word' id='word_1_234' title='bbox 1725 1708 1839 1756; x_wconf 89' lang='lat' dir='ltr'><strong>snmus,</strong></span> <span class='ocrx_word' id='word_1_235' title='bbox 1857 1691 1885 1742; x_wconf 83' lang='lat' dir='ltr'><strong>et</strong></span> 
     </span>
     <span class='ocr_line' id='line_1_34' title="bbox 1056 1773 1885 1850; baseline -0.007 -17"><span class='ocrx_word' id='word_1_236' title='bbox 1056 1779 1205 1850; x_wconf 90' lang='lat' dir='ltr'><strong>plurimos</strong></span> <span class='ocrx_word' id='word_1_237' title='bbox 1230 1796 1265 1835; x_wconf 81' lang='lat' dir='ltr'><strong>ex</strong></span> <span class='ocrx_word' id='word_1_238' title='bbox 1289 1781 1373 1836; x_wconf 89' lang='lat' dir='ltr'><strong>uobis</strong></span> <span class='ocrx_word' id='word_1_239' title='bbox 1396 1781 1529 1837; x_wconf 86' lang='lat' dir='ltr'><strong>videmus</strong></span> <span class='ocrx_word' id='word_1_240' title='bbox 1549 1782 1577 1837; x_wconf 93' lang='lat' dir='ltr'><strong>in</strong></span> <span class='ocrx_word' id='word_1_241' title='bbox 1603 1781 1761 1838; x_wconf 81' lang='lat' dir='ltr'><strong>adversarii</strong></span> <span class='ocrx_word' id='word_1_242' title='bbox 1780 1773 1885 1834; x_wconf 82' lang='lat' dir='ltr'><strong>eastris</strong></span> 
     </span>
    </p>
   </div>
   <div class='ocr_carea' id='block_1_7' title="bbox 142 1859 1937 4780">
    <p class='ocr_par' dir='ltr' id='par_1_7' title="bbox 142 1859 1937 4780">
     <span class='ocr_line' id='line_1_35' title="bbox 175 1859 1885 1944; baseline -0.004 -17"><span class='ocrx_word' id='word_1_243' title='bbox 175 1888 235 1928; x_wconf 90' lang='lat' dir='ltr'><strong>curn</strong></span> <span class='ocrx_word' id='word_1_244' title='bbox 250 1868 343 1940; x_wconf 85' lang='lat' dir='ltr'><strong>magis</strong></span> <span class='ocrx_word' id='word_1_245' title='bbox 357 1866 501 1922; x_wconf 77' lang='lat' dir='ltr'><strong>estimare</strong></span> <span class='ocrx_word' id='word_1_246' title='bbox 517 1864 669 1932; x_wconf 86' lang='lat' dir='ltr'><strong>debemus,</strong></span> <span class='ocrx_word' id='word_1_247' title='bbox 686 1864 756 1936; x_wconf 89' lang='lat' dir='ltr'><strong>quia</strong></span> <span class='ocrx_word' id='word_1_248' title='bbox 772 1863 995 1921; x_wconf 82' lang='lat' dir='ltr'><strong>substantivum</strong></span> <span class='ocrx_word' id='word_1_249' title='bbox 1052 1884 1116 1923; x_wconf 90' lang='lat' dir='ltr'><strong>csse</strong></span> <span class='ocrx_word' id='word_1_250' title='bbox 1132 1867 1264 1941; x_wconf 85' lang='lat' dir='ltr'><strong>captivos</strong></span> <span class='ocrx_word' id='word_1_251' title='bbox 1281 1885 1287 1924; x_wconf 95' lang='lat'><strong>:</strong></span> <span class='ocrx_word' id='word_1_252' title='bbox 1305 1869 1334 1925; x_wconf 93' lang='lat' dir='ltr'><strong>hi</strong></span> <span class='ocrx_word' id='word_1_253' title='bbox 1350 1869 1435 1925; x_wconf 88' lang='lat' dir='ltr'><strong>nohis</strong></span> <span class='ocrx_word' id='word_1_254' title='bbox 1447 1871 1520 1944; x_wconf 80' lang='lat' dir='ltr'><strong>jugo</strong></span> <span class='ocrx_word' id='word_1_255' title='bbox 1545 1871 1717 1944; x_wconf 76' lang='lat' dir='ltr'><strong>gravissimo</strong></span> <span class='ocrx_word' id='word_1_256' title='bbox 1736 1859 1885 1926; x_wconf 75' lang='lat' dir='ltr'><strong>servitutis</strong></span> 
     </span>
     <span class='ocr_line' id='line_1_36' title="bbox 174 1953 1275 2018; baseline -0.004 -2"><span class='ocrx_word' id='word_1_257' title='bbox 174 1961 291 2016; x_wconf 89' lang='lat' dir='ltr'><strong>Verbum</strong></span> <span class='ocrx_word' id='word_1_258' title='bbox 305 1955 356 2012; x_wconf 89' lang='lat' dir='ltr'><strong>Dei</strong></span> <span class='ocrx_word' id='word_1_259' title='bbox 373 1971 465 2010; x_wconf 84' lang='lat' dir='ltr'><strong>unum</strong></span> <span class='ocrx_word' id='word_1_260' title='bbox 481 1956 535 2018; x_wconf 90' lang='lat' dir='ltr'><strong>est,</strong></span> <span class='ocrx_word' id='word_1_261' title='bbox 551 1969 608 2007; x_wconf 91' lang='lat' dir='ltr'><strong>nnn</strong></span> <span class='ocrx_word' id='word_1_262' title='bbox 632 1953 725 2008; x_wconf 87' lang='lat' dir='ltr'><strong>multa</strong></span> <span class='ocrx_word' id='word_1_263' title='bbox 747 1955 847 2010; x_wconf 86' lang='lat' dir='ltr'><strong>verbe.</strong></span> <span class='ocrx_word' id='word_1_264' title='bbox 869 1953 952 2009; x_wconf 90' lang='lat' dir='ltr'><strong>Unde</strong></span> <span class='ocrx_word' id='word_1_265' title='bbox 968 1957 998 2007; x_wconf 87' lang='lat' dir='ltr'><strong>et</strong></span> <span class='ocrx_word' id='word_1_266' title='bbox 1052 1957 1176 2012; x_wconf 85' lang='lat' dir='ltr'><strong>exuendi</strong></span> <span class='ocrx_word' id='word_1_267' title='bbox 1191 1961 1275 2013; x_wconf 90' lang='lat' dir='ltr'><strong>sunt.</strong></span> 
     </span>
     <span class='ocr_line' id='line_1_37' title="bbox 173 2040 1567 2125; baseline -0.003 -19"><span class='ocrx_word' id='word_1_268' title='bbox 173 2053 248 2106; x_wconf 79' lang='lat' dir='ltr'><strong>Anna</strong></span> <span class='ocrx_word' id='word_1_269' title='bbox 262 2046 303 2103; x_wconf 88' lang='lat' dir='ltr'><strong>nit</strong></span> <span class='ocrx_word' id='word_1_270' title='bbox 319 2062 325 2100; x_wconf 94' lang='lat'>:</span> <span class='ocrx_word' id='word_1_271' title='bbox 344 2066 358 2094; x_wconf 72' lang='grc' dir='ltr'><strong>ι(</strong></span> <span class='ocrx_word' id='word_1_272' title='bbox 375 2042 517 2099; x_wconf 87' lang='lat' dir='ltr'><strong>Dominus</strong></span> <span class='ocrx_word' id='word_1_273' title='bbox 528 2040 642 2113; x_wconf 87' lang='lat' dir='ltr'><strong>judicat</strong></span> <span class='ocrx_word' id='word_1_274' title='bbox 658 2042 731 2098; x_wconf 82' lang='lat' dir='ltr'><strong>fines</strong></span> <span class='ocrx_word' id='word_1_275' title='bbox 748 2045 844 2112; x_wconf 76' lang='lat' dir='ltr'><strong>terrie,</strong></span> <span class='ocrx_word' id='word_1_276' title='bbox 861 2046 890 2098; x_wconf 92' lang='lat' dir='ltr'><strong>et</strong></span> <span class='ocrx_word' id='word_1_277' title='bbox 913 2040 998 2097; x_wconf 83' lang='lat' dir='ltr'><strong>dabit</strong></span> <span class='ocrx_word' id='word_1_278' title='bbox 1374 2065 1489 2123; x_wconf 83' lang='lat' dir='ltr'><strong>CAPUT</strong></span> <span class='ocrx_word' id='word_1_279' title='bbox 1507 2069 1567 2125; x_wconf 55' lang='lat' dir='ltr'><strong>yffi¹</strong></span> 
     </span>
     <span class='ocr_line' id='line_1_38' title="bbox 174 2129 1886 2231; baseline -0.008 -27"><span class='ocrx_word' id='word_1_280' title='bbox 174 2139 300 2195; x_wconf 69' lang='lat' dir='ltr'><strong>iltiulflffl</strong></span> <span class='ocrx_word' id='word_1_281' title='bbox 318 2131 389 2206; x_wconf 82' lang='lat' dir='ltr'><strong>regi,</strong></span> <span class='ocrx_word' id='word_1_282' title='bbox 405 2136 434 2187; x_wconf 66' lang='lat' dir='ltr'><strong>el</strong></span> <span class='ocrx_word' id='word_1_283' title='bbox 449 2129 586 2186; x_wconf 62' lang='lat' dir='ltr'><strong>exallflbll</strong></span> <span class='ocrx_word' id='word_1_284' title='bbox 600 2145 689 2185; x_wconf 64' lang='grc' dir='ltr'><strong>0οΓΗῦ</strong></span> <span class='ocrx_word' id='word_1_285' title='bbox 706 2130 816 2192; x_wconf 64' lang='lat' dir='ltr'><strong>Chflssll</strong></span> <span class='ocrx_word' id='word_1_286' title='bbox 833 2132 879 2187; x_wconf 86' lang='lat' dir='ltr'><strong>sui</strong></span> <span class='ocrx_word' id='word_1_287' title='bbox 892 2131 914 2203; x_wconf 77' lang='lat' dir='ltr'><strong>(l</strong></span> <span class='ocrx_word' id='word_1_288' title='bbox 931 2133 996 2199; x_wconf 59' lang='lat' dir='ltr'><strong>liet·</strong></span> <span class='ocrx_word' id='word_1_289' title='bbox 1053 2153 1089 2207; x_wconf 87' lang='lat' dir='ltr'><strong>De</strong></span> <span class='ocrx_word' id='word_1_290' title='bbox 1105 2153 1294 2209; x_wconf 82' lang='lat' dir='ltr'><strong>benedictione</strong></span> <span class='ocrx_word' id='word_1_291' title='bbox 1308 2157 1463 2226; x_wconf 64' lang='lat' dir='ltr'><strong>Beniamin,</strong></span> <span class='ocrx_word' id='word_1_292' title='bbox 1478 2175 1533 2228; x_wconf 85' lang='lat' dir='ltr'><strong>quo</strong></span> <span class='ocrx_word' id='word_1_293' title='bbox 1556 2160 1669 2231; x_wconf 83' lang='lat' dir='ltr'><strong>mystice</strong></span> <span class='ocrx_word' id='word_1_294' title='bbox 1691 2147 1777 2211; x_wconf 77' lang='lat' dir='ltr'><strong>Paeti</strong></span> <span class='ocrx_word' id='word_1_295' title='bbox 1791 2139 1886 2197; x_wconf 79' lang='lat' dir='ltr'><strong>adeer-</strong></span> 
     </span>
     <span class='ocr_line' id='line_1_39' title="bbox 173 2218 1887 2302; baseline -0.003 -31"><span class='ocrx_word' id='word_1_296' title='bbox 173 2246 203 2296; x_wconf 62' lang='grc' dir='ltr'><strong>ῃ,</strong></span> <span class='ocrx_word' id='word_1_297' title='bbox 220 2228 268 2296; x_wconf 80' lang='grc' dir='ltr'>(ο),</span> <span class='ocrx_word' id='word_1_298' title='bbox 286 2245 300 2273; x_wconf 75' lang='lat' dir='ltr'><strong>s</strong></span> <span class='ocrx_word' id='word_1_299' title='bbox 316 2223 350 2278; x_wconf 83' lang='lat' dir='ltr'><strong>ut</strong></span> <span class='ocrx_word' id='word_1_300' title='bbox 365 2221 458 2276; x_wconf 81' lang='lat' dir='ltr'><strong>lenies</strong></span> <span class='ocrx_word' id='word_1_301' title='bbox 472 2220 513 2275; x_wconf 86' lang='lat' dir='ltr'><strong>uit</strong></span> <span class='ocrx_word' id='word_1_302' title='bbox 529 2235 535 2274; x_wconf 76' lang='grc' dir='ltr'><strong>ι</strong></span> <span class='ocrx_word' id='word_1_303' title='bbox 554 2239 567 2269; x_wconf 80' lang='lat' dir='ltr'><strong>u</strong></span> <span class='ocrx_word' id='word_1_304' title='bbox 582 2218 673 2274; x_wconf 83' lang='lat' dir='ltr'><strong>Vinea</strong></span> <span class='ocrx_word' id='word_1_305' title='bbox 689 2219 767 2276; x_wconf 84' lang='lat' dir='ltr'><strong>taeta</strong></span> <span class='ocrx_word' id='word_1_306' title='bbox 781 2225 828 2277; x_wconf 89' lang='lat' dir='ltr'><strong>est</strong></span> <span class='ocrx_word' id='word_1_307' title='bbox 842 2220 949 2277; x_wconf 89' lang='lat' dir='ltr'><strong>dilecto</strong></span> <span class='ocrx_word' id='word_1_308' title='bbox 967 2219 997 2272; x_wconf 90' lang='lat' dir='ltr'><strong>ia</strong></span> <span class='ocrx_word' id='word_1_309' title='bbox 1089 2241 1135 2278; x_wconf 83' lang='lat' dir='ltr'><strong>sus</strong></span> <span class='ocrx_word' id='word_1_310' title='bbox 1149 2227 1302 2280; x_wconf 80' lang='lat' dir='ltr'><strong>Ecclesiam</strong></span> <span class='ocrx_word' id='word_1_311' title='bbox 1315 2231 1474 2296; x_wconf 82' lang='lat' dir='ltr'><strong>persecutio,</strong></span> <span class='ocrx_word' id='word_1_312' title='bbox 1487 2246 1536 2285; x_wconf 83' lang='lat' dir='ltr'><strong>ecc</strong></span> <span class='ocrx_word' id='word_1_313' title='bbox 1559 2246 1615 2288; x_wconf 83' lang='lat' dir='ltr'><strong>eoa</strong></span> <span class='ocrx_word' id='word_1_314' title='bbox 1632 2227 1757 2302; x_wconf 76' lang='lat' dir='ltr'><strong>ejusdem</strong></span> <span class='ocrx_word' id='word_1_315' title='bbox 1773 2223 1887 2271; x_wconf 82' lang='lat' dir='ltr'><strong>conver-</strong></span> 
     </span>
     <span class='ocr_line' id='line_1_40' title="bbox 173 2297 1618 2383; baseline 0 -11"><span class='ocrx_word' id='word_1_316' title='bbox 173 2312 312 2383; x_wconf 87' lang='lat' dir='ltr'><strong>eorna‚in</strong></span> <span class='ocrx_word' id='word_1_317' title='bbox 336 2310 398 2366; x_wconf 89' lang='lat' dir='ltr'><strong>loco</strong></span> <span class='ocrx_word' id='word_1_318' title='bbox 428 2307 509 2364; x_wconf 90' lang='lat' dir='ltr'><strong>uberi</strong></span> <span class='ocrx_word' id='word_1_319' title='bbox 534 2308 599 2379; x_wconf 85' lang='lat' dir='ltr'><strong>(iso.</strong></span> <span class='ocrx_word' id='word_1_320' title='bbox 622 2325 649 2375; x_wconf 92' lang='lat' dir='ltr'><strong>v,</strong></span> <span class='ocrx_word' id='word_1_321' title='bbox 679 2309 718 2378; x_wconf 89' lang='lat' dir='ltr'><strong>i);</strong></span> <span class='ocrx_word' id='word_1_322' title='bbox 746 2333 756 2360; x_wconf 76' lang='lat' dir='ltr'><strong>s</strong></span> <span class='ocrx_word' id='word_1_323' title='bbox 786 2310 928 2382; x_wconf 84' lang='lat' dir='ltr'><strong>quoniam</strong></span> <span class='ocrx_word' id='word_1_324' title='bbox 945 2306 997 2362; x_wconf 89' lang='lat' dir='ltr'><strong>Dei</strong></span> <span class='ocrx_word' id='word_1_325' title='bbox 1088 2297 1618 2371; x_wconf 59' lang='lat' dir='ltr'><strong>³5⁰“ltuepfflllffllwiftnlfifflnlssr·</strong></span> 
     </span>
     <span class='ocr_line' id='line_1_41' title="bbox 173 2386 1892 2476; baseline 0.002 -15"><span class='ocrx_word' id='word_1_326' title='bbox 173 2404 240 2462; x_wconf 82' lang='lat' dir='ltr'><strong>Filio</strong></span> <span class='ocrx_word' id='word_1_327' title='bbox 254 2399 405 2474; x_wconf 86' lang='lat' dir='ltr'><strong>unigenito</strong></span> <span class='ocrx_word' id='word_1_328' title='bbox 421 2397 503 2453; x_wconf 87' lang='lat' dir='ltr'><strong>floret</strong></span> <span class='ocrx_word' id='word_1_329' title='bbox 517 2395 655 2462; x_wconf 74' lang='lat' dir='ltr'><strong>Ecclesia,</strong></span> <span class='ocrx_word' id='word_1_330' title='bbox 672 2399 776 2452; x_wconf 86' lang='lat' dir='ltr'><strong>tenens</strong></span> <span class='ocrx_word' id='word_1_331' title='bbox 797 2396 919 2454; x_wconf 89' lang='lat' dir='ltr'><strong>unicum</strong></span> <span class='ocrx_word' id='word_1_332' title='bbox 945 2394 998 2451; x_wconf 86' lang='lat' dir='ltr'><strong>Dei</strong></span> <span class='ocrx_word' id='word_1_333' title='bbox 1088 2401 1132 2454; x_wconf 83' lang='lat'><strong>57.</strong></span> <span class='ocrx_word' id='word_1_334' title='bbox 1159 2400 1310 2459; x_wconf 87' lang='lat' dir='ltr'><strong>Plurimus</strong></span> <span class='ocrx_word' id='word_1_335' title='bbox 1337 2403 1422 2476; x_wconf 91' lang='lat' dir='ltr'><strong>lupos</strong></span> <span class='ocrx_word' id='word_1_336' title='bbox 1451 2406 1539 2463; x_wconf 83' lang='lat' dir='ltr'><strong>hebet</strong></span> <span class='ocrx_word' id='word_1_337' title='bbox 1567 2407 1722 2470; x_wconf 88' lang='lat' dir='ltr'><strong>diabolus,</strong></span> <span class='ocrx_word' id='word_1_338' title='bbox 1755 2405 1829 2467; x_wconf 62' lang='lat'><strong>(1³⁰⁸</strong></span> <span class='ocrx_word' id='word_1_339' title='bbox 1856 2386 1892 2446; x_wconf 74' lang='lat' dir='ltr'><strong>⁸d</strong></span> 
     </span>
     <span class='ocr_line' id='line_1_42' title="bbox 172 2480 1895 2570; baseline 0.004 -22"><span class='ocrx_word' id='word_1_340' title='bbox 172 2493 302 2559; x_wconf 85' lang='lat' dir='ltr'><strong>Verbum,</strong></span> <span class='ocrx_word' id='word_1_341' title='bbox 319 2490 349 2544; x_wconf 92' lang='lat' dir='ltr'><strong>in</strong></span> <span class='ocrx_word' id='word_1_342' title='bbox 366 2505 423 2560; x_wconf 89' lang='lat' dir='ltr'><strong>qno</strong></span> <span class='ocrx_word' id='word_1_343' title='bbox 438 2489 483 2542; x_wconf 88' lang='lat' dir='ltr'><strong>est</strong></span> <span class='ocrx_word' id='word_1_344' title='bbox 497 2484 613 2541; x_wconf 91' lang='lat' dir='ltr'><strong>virtutis</strong></span> <span class='ocrx_word' id='word_1_345' title='bbox 630 2488 716 2556; x_wconf 86' lang='lat' dir='ltr'><strong>atque</strong></span> <span class='ocrx_word' id='word_1_346' title='bbox 732 2486 881 2558; x_wconf 77' lang='lat' dir='ltr'><strong>sapientire</strong></span> <span class='ocrx_word' id='word_1_347' title='bbox 899 2484 1017 2558; x_wconf 69' lang='lat' dir='ltr'><strong>pleni.</strong></span> <span class='ocrx_word' id='word_1_348' title='bbox 1053 2487 1160 2544; x_wconf 86' lang='lat' dir='ltr'><strong>Christi</strong></span> <span class='ocrx_word' id='word_1_349' title='bbox 1175 2506 1247 2546; x_wconf 90' lang='lat' dir='ltr'><strong>oves</strong></span> <span class='ocrx_word' id='word_1_350' title='bbox 1271 2492 1386 2566; x_wconf 81' lang='lat' dir='ltr'><strong>dirigit3</strong></span> <span class='ocrx_word' id='word_1_351' title='bbox 1411 2500 1440 2551; x_wconf 91' lang='lat' dir='ltr'><strong>et</strong></span> <span class='ocrx_word' id='word_1_352' title='bbox 1463 2496 1527 2553; x_wconf 91' lang='lat' dir='ltr'><strong>ideo</strong></span> <span class='ocrx_word' id='word_1_353' title='bbox 1550 2487 1761 2570; x_wconf 83' lang='lat' dir='ltr'><strong>intelligibilis</strong></span> <span class='ocrx_word' id='word_1_354' title='bbox 1779 2480 1895 2560; x_wconf 68' lang='lat' dir='ltr'><strong>ioseph,</strong></span> 
     </span>
     <span class='ocr_line' id='line_1_43' title="bbox 169 2573 1896 2657; baseline 0.003 -19"><span class='ocrx_word' id='word_1_355' title='bbox 169 2581 332 2652; x_wconf 69' lang='lat' dir='ltr'><strong>indonatus</strong></span> <span class='ocrx_word' id='word_1_356' title='bbox 348 2579 480 2635; x_wconf 89' lang='lat' dir='ltr'><strong>ubertate</strong></span> <span class='ocrx_word' id='word_1_357' title='bbox 489 2591 572 2648; x_wconf 86' lang='lat' dir='ltr'><strong>seges</strong></span> <span class='ocrx_word' id='word_1_358' title='bbox 584 2573 648 2629; x_wconf 75' lang='lat' dir='ltr'><strong>lirici</strong></span> <span class='ocrx_word' id='word_1_359' title='bbox 663 2573 913 2644; x_wconf 65' lang='lat' dir='ltr'><strong>pullutavitun‘od</strong></span> <span class='ocrx_word' id='word_1_360' title='bbox 923 2575 995 2630; x_wconf 84' lang='lat' dir='ltr'><strong>Ver·</strong></span> <span class='ocrx_word' id='word_1_361' title='bbox 1054 2581 1086 2632; x_wconf 91' lang='lat' dir='ltr'><strong>ut</strong></span> <span class='ocrx_word' id='word_1_362' title='bbox 1100 2593 1169 2633; x_wconf 85' lang='lat' dir='ltr'><strong>oves</strong></span> <span class='ocrx_word' id='word_1_363' title='bbox 1184 2586 1316 2637; x_wconf 83' lang='lat' dir='ltr'><strong>servaret</strong></span> <span class='ocrx_word' id='word_1_364' title='bbox 1328 2600 1408 2652; x_wconf 90' lang='lat' dir='ltr'><strong>suns,</strong></span> <span class='ocrx_word' id='word_1_365' title='bbox 1424 2586 1522 2657; x_wconf 89' lang='lat' dir='ltr'><strong>ipsam</strong></span> <span class='ocrx_word' id='word_1_366' title='bbox 1539 2585 1701 2642; x_wconf 86' lang='lat' dir='ltr'><strong>inimicum</strong></span> <span class='ocrx_word' id='word_1_367' title='bbox 1735 2576 1896 2640; x_wconf 76' lang='lat' dir='ltr'><strong>venientem</strong></span> 
     </span>
     <span class='ocr_line' id='line_1_44' title="bbox 169 2665 1898 2749; baseline 0.016 -39"><span class='ocrx_word' id='word_1_368' title='bbox 169 2675 239 2728; x_wconf 67' lang='lat' dir='ltr'><strong>bum</strong></span> <span class='ocrx_word' id='word_1_369' title='bbox 255 2672 420 2742; x_wconf 68' lang='lat' dir='ltr'><strong>sequuntur</strong></span> <span class='ocrx_word' id='word_1_370' title='bbox 435 2665 538 2721; x_wconf 74' lang='lat' dir='ltr'><strong>sancti.</strong></span> <span class='ocrx_word' id='word_1_371' title='bbox 1053 2667 1090 2721; x_wconf 85' lang='lat' dir='ltr'><strong>ed</strong></span> <span class='ocrx_word' id='word_1_372' title='bbox 1105 2665 1289 2739; x_wconf 89' lang='lat' dir='ltr'><strong>diripiendas</strong></span> <span class='ocrx_word' id='word_1_373' title='bbox 1304 2687 1370 2728; x_wconf 91' lang='lat' dir='ltr'><strong>oves</strong></span> <span class='ocrx_word' id='word_1_374' title='bbox 1386 2672 1482 2746; x_wconf 81' lang='lat' dir='ltr'><strong>rapuit</strong></span> <span class='ocrx_word' id='word_1_375' title='bbox 1496 2674 1600 2748; x_wconf 92' lang='lat' dir='ltr'><strong>lupum</strong></span> <span class='ocrx_word' id='word_1_376' title='bbox 1621 2671 1778 2749; x_wconf 85' lang='lat' dir='ltr'><strong>Paulum,</strong></span> <span class='ocrx_word' id='word_1_377' title='bbox 1794 2675 1898 2739; x_wconf 81' lang='lat' dir='ltr'><strong>inciens</strong></span> 
     </span>
     <span class='ocr_line' id='line_1_45' title="bbox 203 2751 1885 2837; baseline 0.011 -29"><span class='ocrx_word' id='word_1_378' title='bbox 203 2762 247 2816; x_wconf 79' lang='grc'><strong>56,</strong></span> <span class='ocrx_word' id='word_1_379' title='bbox 270 2781 284 2810; x_wconf 72' lang='lat' dir='ltr'><strong>e</strong></span> <span class='ocrx_word' id='word_1_380' title='bbox 313 2758 419 2814; x_wconf 90' lang='lat' dir='ltr'><strong>Decem</strong></span> <span class='ocrx_word' id='word_1_381' title='bbox 448 2752 550 2820; x_wconf 88' lang='lat' dir='ltr'><strong>millia,</strong></span> <span class='ocrx_word' id='word_1_382' title='bbox 579 2775 593 2802; x_wconf 75' lang='lat' dir='ltr'><strong>n</strong></span> <span class='ocrx_word' id='word_1_383' title='bbox 622 2751 727 2823; x_wconf 89' lang='lat' dir='ltr'><strong>inquit,</strong></span> <span class='ocrx_word' id='word_1_384' title='bbox 756 2777 769 2803; x_wconf 75' lang='lat' dir='ltr'><strong>e</strong></span> <span class='ocrx_word' id='word_1_385' title='bbox 802 2754 997 2826; x_wconf 77' lang='lat' dir='ltr'><strong>Ephrem,&#39;ct</strong></span> <span class='ocrx_word' id='word_1_386' title='bbox 1053 2770 1087 2810; x_wconf 86' lang='lat' dir='ltr'><strong>ex</strong></span> <span class='ocrx_word' id='word_1_387' title='bbox 1117 2761 1307 2827; x_wconf 89' lang='lat' dir='ltr'><strong>persecutore</strong></span> <span class='ocrx_word' id='word_1_388' title='bbox 1334 2762 1493 2819; x_wconf 90' lang='lat' dir='ltr'><strong>doctorem.</strong></span> <span class='ocrx_word' id='word_1_389' title='bbox 1522 2764 1563 2821; x_wconf 90' lang='lat' dir='ltr'><strong>Do</strong></span> <span class='ocrx_word' id='word_1_390' title='bbox 1592 2781 1650 2837; x_wconf 89' lang='lat' dir='ltr'><strong>quo</strong></span> <span class='ocrx_word' id='word_1_391' title='bbox 1686 2761 1771 2829; x_wconf 88' lang='lat' dir='ltr'><strong>dicit</strong></span> <span class='ocrx_word' id='word_1_392' title='bbox 1798 2775 1885 2836; x_wconf 72' lang='lat' dir='ltr'><strong>Jschb</strong></span> 
     </span>
     <span class='ocr_line' id='line_1_46' title="bbox 168 2823 1896 2938; baseline 0.003 -33"><span class='ocrx_word' id='word_1_393' title='bbox 168 2848 260 2907; x_wconf 81' lang='lat' dir='ltr'><strong>millia</strong></span> <span class='ocrx_word' id='word_1_394' title='bbox 274 2848 425 2904; x_wconf 80' lang='lat' dir='ltr'><strong>Monaeses</strong></span> <span class='ocrx_word' id='word_1_395' title='bbox 455 2844 544 2912; x_wconf 77' lang='lat' dir='ltr'><strong>(iteret.</strong></span> <span class='ocrx_word' id='word_1_396' title='bbox 573 2855 672 2908; x_wconf 86' lang='grc' dir='ltr'><strong>ιιιιιιιιι,</strong></span> <span class='ocrx_word' id='word_1_397' title='bbox 706 2842 761 2910; x_wconf 86' lang='grc'>17),</span> <span class='ocrx_word' id='word_1_398' title='bbox 794 2866 807 2892; x_wconf 76' lang='lat' dir='ltr'><strong>n</strong></span> <span class='ocrx_word' id='word_1_399' title='bbox 836 2842 865 2898; x_wconf 93' lang='lat' dir='ltr'><strong>id</strong></span> <span class='ocrx_word' id='word_1_400' title='bbox 895 2845 951 2907; x_wconf 88' lang='lat' dir='ltr'><strong>est,</strong></span> <span class='ocrx_word' id='word_1_401' title='bbox 968 2843 998 2896; x_wconf 86' lang='lat' dir='ltr'><strong>et</strong></span> <span class='ocrx_word' id='word_1_402' title='bbox 1052 2843 1406 2918; x_wconf 82' lang='lat' dir='ltr'><strong>sieutscriptumest:«</strong></span> <span class='ocrx_word' id='word_1_403' title='bbox 1425 2853 1683 2927; x_wconf 81' lang='lat' dir='ltr'><strong>BenJ&#39;aminlupus</strong></span> <span class='ocrx_word' id='word_1_404' title='bbox 1702 2869 1800 2938; x_wconf 63' lang='lat' dir='ltr'><strong>rapu</strong></span> <span class='ocrx_word' id='word_1_405' title='bbox 1812 2823 1896 2933; x_wconf 52' lang='lat' dir='ltr'><strong>mag</strong></span> 
     </span>
     <span class='ocr_line' id='line_1_47' title="bbox 166 2915 1892 3024; baseline 0.011 -28"><span class='ocrx_word' id='word_1_406' title='bbox 166 2939 334 2996; x_wconf 71' lang='lat' dir='ltr'><strong>iudeorum</strong></span> <span class='ocrx_word' id='word_1_407' title='bbox 360 2938 389 2990; x_wconf 91' lang='lat' dir='ltr'><strong>et</strong></span> <span class='ocrx_word' id='word_1_408' title='bbox 413 2933 546 3006; x_wconf 86' lang='lat' dir='ltr'><strong>gentium</strong></span> <span class='ocrx_word' id='word_1_409' title='bbox 571 2930 748 3000; x_wconf 89' lang='lat' dir='ltr'><strong>dominetur,</strong></span> <span class='ocrx_word' id='word_1_410' title='bbox 765 2935 794 2987; x_wconf 90' lang='lat' dir='ltr'><strong>et</strong></span> <span class='ocrx_word' id='word_1_411' title='bbox 815 2949 850 2988; x_wconf 85' lang='lat' dir='ltr'><strong>ex</strong></span> <span class='ocrx_word' id='word_1_412' title='bbox 869 2937 996 3002; x_wconf 88' lang='lat' dir='ltr'><strong>utroque</strong></span> <span class='ocrx_word' id='word_1_413' title='bbox 1052 2932 1186 2988; x_wconf 87' lang='lat' dir='ltr'><strong>comedet</strong></span> <span class='ocrx_word' id='word_1_414' title='bbox 1215 2937 1323 3008; x_wconf 81' lang='lat' dir='ltr'><strong>adhuc,</strong></span> <span class='ocrx_word' id='word_1_415' title='bbox 1354 2945 1383 2997; x_wconf 90' lang='lat' dir='ltr'><strong>et</strong></span> <span class='ocrx_word' id='word_1_416' title='bbox 1410 2941 1445 2996; x_wconf 87' lang='lat' dir='ltr'><strong>ed</strong></span> <span class='ocrx_word' id='word_1_417' title='bbox 1469 2959 1620 3014; x_wconf 86' lang='lat' dir='ltr'><strong>vesperam</strong></span> <span class='ocrx_word' id='word_1_418' title='bbox 1650 2942 1774 3013; x_wconf 88' lang='lat' dir='ltr'><strong>dividet</strong></span> <span class='ocrx_word' id='word_1_419' title='bbox 1796 2915 1892 3024; x_wconf 76' lang='lat' dir='ltr'><strong>dscum</strong></span> 
     </span>
     <span class='ocr_line' id='line_1_48' title="bbox 165 3018 1889 3112; baseline 0.019 -31"><span class='ocrx_word' id='word_1_420' title='bbox 165 3025 275 3103; x_wconf 84' lang='lat' dir='ltr'><strong>populo</strong></span> <span class='ocrx_word' id='word_1_421' title='bbox 287 3023 421 3096; x_wconf 85' lang='lat' dir='ltr'><strong>acquiret</strong></span> <span class='ocrx_word' id='word_1_422' title='bbox 435 3021 489 3078; x_wconf 87' lang='lat' dir='ltr'><strong>sibi</strong></span> <span class='ocrx_word' id='word_1_423' title='bbox 508 3019 640 3076; x_wconf 78' lang='lat' dir='ltr'><strong>Ecclesiee</strong></span> <span class='ocrx_word' id='word_1_424' title='bbox 656 3018 882 3090; x_wconf 87' lang='lat' dir='ltr'><strong>plenitudinem.</strong></span> <span class='ocrx_word' id='word_1_425' title='bbox 910 3020 996 3074; x_wconf 90' lang='lat' dir='ltr'><strong>Ideo·</strong></span> <span class='ocrx_word' id='word_1_426' title='bbox 1051 3020 1238 3093; x_wconf 90' lang='lat' dir='ltr'><strong>principibus</strong></span> <span class='ocrx_word' id='word_1_427' title='bbox 1254 3027 1330 3099; x_wconf 82' lang='lat' dir='ltr'><strong>(Gen.</strong></span> <span class='ocrx_word' id='word_1_428' title='bbox 1348 3047 1423 3094; x_wconf 83' lang='grc' dir='ltr'><strong>ιιιιιι,</strong></span> <span class='ocrx_word' id='word_1_429' title='bbox 1437 3030 1493 3102; x_wconf 77' lang='grc'>27).</span> <span class='ocrx_word' id='word_1_430' title='bbox 1511 3053 1526 3080; x_wconf 79' lang='lat' dir='ltr'><strong>s</strong></span> <span class='ocrx_word' id='word_1_431' title='bbox 1542 3032 1641 3104; x_wconf 84' lang='lat' dir='ltr'><strong>Lupus</strong></span> <span class='ocrx_word' id='word_1_432' title='bbox 1656 3041 1725 3093; x_wconf 79' lang='lat' dir='ltr'><strong>eras</strong></span> <span class='ocrx_word' id='word_1_433' title='bbox 1738 3059 1806 3106; x_wconf 83' lang='lat' dir='ltr'><strong>curn</strong></span> <span class='ocrx_word' id='word_1_434' title='bbox 1829 3054 1889 3112; x_wconf 87' lang='lat' dir='ltr'><strong>dis·</strong></span> 
     </span>
     <span class='ocr_line' id='line_1_49' title="bbox 166 3107 1886 3212; baseline 0.015 -42"><span class='ocrx_word' id='word_1_435' title='bbox 166 3133 226 3192; x_wconf 87' lang='lat' dir='ltr'><strong>que</strong></span> <span class='ocrx_word' id='word_1_436' title='bbox 240 3115 386 3170; x_wconf 84' lang='lat' dir='ltr'><strong>dexteram</strong></span> <span class='ocrx_word' id='word_1_437' title='bbox 403 3127 488 3166; x_wconf 87' lang='lat' dir='ltr'><strong>suam</strong></span> <span class='ocrx_word' id='word_1_438' title='bbox 504 3126 592 3181; x_wconf 88' lang='lat' dir='ltr'><strong>super</strong></span> <span class='ocrx_word' id='word_1_439' title='bbox 605 3107 739 3180; x_wconf 78' lang='lat' dir='ltr'><strong>Ephrem</strong></span> <span class='ocrx_word' id='word_1_440' title='bbox 756 3110 855 3182; x_wconf 88' lang='lat' dir='ltr'><strong>posuit</strong></span> <span class='ocrx_word' id='word_1_441' title='bbox 875 3113 995 3166; x_wconf 77' lang='lat' dir='ltr'><strong>sanctus</strong></span> <span class='ocrx_word' id='word_1_442' title='bbox 1051 3114 1183 3182; x_wconf 78' lang='lat' dir='ltr'><strong>pergeret</strong></span> <span class='ocrx_word' id='word_1_443' title='bbox 1199 3117 1229 3168; x_wconf 88' lang='lat' dir='ltr'><strong>et</strong></span> <span class='ocrx_word' id='word_1_444' title='bbox 1241 3115 1392 3174; x_wconf 89' lang='lat' dir='ltr'><strong>devoraret</strong></span> <span class='ocrx_word' id='word_1_445' title='bbox 1406 3135 1473 3174; x_wconf 87' lang='lat' dir='ltr'><strong>oves</strong></span> <span class='ocrx_word' id='word_1_446' title='bbox 1488 3119 1631 3177; x_wconf 79' lang='lat' dir='ltr'><strong>Ecclesiu.</strong></span> <span class='ocrx_word' id='word_1_447' title='bbox 1648 3121 1707 3179; x_wconf 82' lang='lat' dir='ltr'><strong>Sed</strong></span> <span class='ocrx_word' id='word_1_448' title='bbox 1729 3136 1781 3202; x_wconf 89' lang='lat' dir='ltr'><strong>qai</strong></span> <span class='ocrx_word' id='word_1_449' title='bbox 1797 3138 1886 3212; x_wconf 86' lang='lat' dir='ltr'><strong>lupus</strong></span> 
     </span>
     <span class='ocr_line' id='line_1_50' title="bbox 165 3183 1884 3286; baseline 0.01 -23"><span class='ocrx_word' id='word_1_450' title='bbox 165 3205 269 3273; x_wconf 79' lang='lat' dir='ltr'><strong>Jacob,</strong></span> <span class='ocrx_word' id='word_1_451' title='bbox 286 3219 319 3259; x_wconf 94' lang='lat' dir='ltr'><strong>eo</strong></span> <span class='ocrx_word' id='word_1_452' title='bbox 334 3203 412 3274; x_wconf 86' lang='lat' dir='ltr'><strong>quod</strong></span> <span class='ocrx_word' id='word_1_453' title='bbox 427 3198 560 3272; x_wconf 85' lang='lat' dir='ltr'><strong>legamus</strong></span> <span class='ocrx_word' id='word_1_454' title='bbox 573 3197 717 3253; x_wconf 88' lang='lat' dir='ltr'><strong>dicentem</strong></span> <span class='ocrx_word' id='word_1_455' title='bbox 738 3197 820 3254; x_wconf 85' lang='lat' dir='ltr'><strong>illam</strong></span> <span class='ocrx_word' id='word_1_456' title='bbox 844 3199 874 3254; x_wconf 91' lang='lat' dir='ltr'><strong>in</strong></span> <span class='ocrx_word' id='word_1_457' title='bbox 898 3196 994 3254; x_wconf 83' lang='lat' dir='ltr'><strong>Cunti-</strong></span> <span class='ocrx_word' id='word_1_458' title='bbox 1011 3183 1032 3248; x_wconf 81' lang='lat' dir='ltr'>C</span> <span class='ocrx_word' id='word_1_459' title='bbox 1051 3203 1178 3264; x_wconf 81' lang='lat' dir='ltr'><strong>venerat,</strong></span> <span class='ocrx_word' id='word_1_460' title='bbox 1195 3209 1297 3272; x_wconf 88' lang='lat' dir='ltr'><strong>pastor</strong></span> <span class='ocrx_word' id='word_1_461' title='bbox 1311 3211 1356 3263; x_wconf 91' lang='lat' dir='ltr'><strong>est</strong></span> <span class='ocrx_word' id='word_1_462' title='bbox 1372 3209 1476 3264; x_wconf 82' lang='lat' dir='ltr'><strong>iaetus.</strong></span> <span class='ocrx_word' id='word_1_463' title='bbox 1493 3209 1593 3282; x_wconf 89' lang='lat' dir='ltr'><strong>Lupus</strong></span> <span class='ocrx_word' id='word_1_464' title='bbox 1607 3214 1671 3267; x_wconf 80' lang='lat' dir='ltr'><strong>erat</strong></span> <span class='ocrx_word' id='word_1_465' title='bbox 1684 3227 1755 3273; x_wconf 83' lang='lat' dir='ltr'><strong>oum</strong></span> <span class='ocrx_word' id='word_1_466' title='bbox 1775 3223 1884 3286; x_wconf 82' lang='lat' dir='ltr'><strong>Saulus</strong></span> 
     </span>
     <span class='ocr_line' id='line_1_51' title="bbox 165 3286 1887 3369; baseline 0.005 -20"><span class='ocrx_word' id='word_1_467' title='bbox 165 3295 211 3353; x_wconf 87' lang='lat' dir='ltr'><strong>cis</strong></span> <span class='ocrx_word' id='word_1_468' title='bbox 226 3292 428 3350; x_wconf 83' lang='lat' dir='ltr'><strong>canticorum:</strong></span> <span class='ocrx_word' id='word_1_469' title='bbox 446 3289 563 3344; x_wconf 79' lang='lat' dir='ltr'><strong>«Frater</strong></span> <span class='ocrx_word' id='word_1_470' title='bbox 577 3303 661 3343; x_wconf 88' lang='lat' dir='ltr'><strong>mens</strong></span> <span class='ocrx_word' id='word_1_471' title='bbox 676 3286 819 3343; x_wconf 89' lang='lat' dir='ltr'><strong>candidas</strong></span> <span class='ocrx_word' id='word_1_472' title='bbox 834 3291 863 3343; x_wconf 89' lang='lat' dir='ltr'><strong>et</strong></span> <span class='ocrx_word' id='word_1_473' title='bbox 877 3286 995 3344; x_wconf 87' lang='lat' dir='ltr'><strong>rubeus.</strong></span> <span class='ocrx_word' id='word_1_474' title='bbox 1053 3290 1126 3357; x_wconf 86' lang='lat' dir='ltr'><strong>emt,</strong></span> <span class='ocrx_word' id='word_1_475' title='bbox 1144 3292 1262 3358; x_wconf 83' lang='lat' dir='ltr'><strong>quando</strong></span> <span class='ocrx_word' id='word_1_476' title='bbox 1279 3294 1407 3351; x_wconf 85' lang='lat' dir='ltr'><strong>introbnt</strong></span> <span class='ocrx_word' id='word_1_477' title='bbox 1421 3296 1451 3352; x_wconf 90' lang='lat' dir='ltr'><strong>in</strong></span> <span class='ocrx_word' id='word_1_478' title='bbox 1467 3297 1580 3368; x_wconf 90' lang='lat' dir='ltr'><strong>domos,</strong></span> <span class='ocrx_word' id='word_1_479' title='bbox 1597 3303 1626 3356; x_wconf 91' lang='lat' dir='ltr'><strong>et</strong></span> <span class='ocrx_word' id='word_1_480' title='bbox 1638 3298 1718 3359; x_wconf 92' lang='lat' dir='ltr'><strong>viros</strong></span> <span class='ocrx_word' id='word_1_481' title='bbox 1734 3321 1767 3362; x_wconf 88' lang='lat' dir='ltr'><strong>uo</strong></span> <span class='ocrx_word' id='word_1_482' title='bbox 1781 3312 1887 3369; x_wconf 88' lang='lat' dir='ltr'><strong>mulis.</strong></span> 
     </span>
     <span class='ocr_line' id='line_1_52' title="bbox 164 3374 1885 3470; baseline 0.006 -28"><span class='ocrx_word' id='word_1_483' title='bbox 164 3384 283 3442; x_wconf 87' lang='lat' dir='ltr'><strong>electus</strong></span> <span class='ocrx_word' id='word_1_484' title='bbox 297 3397 331 3436; x_wconf 85' lang='lat' dir='ltr'><strong>ex</strong></span> <span class='ocrx_word' id='word_1_485' title='bbox 346 3381 446 3436; x_wconf 88' lang='lat' dir='ltr'><strong>decem</strong></span> <span class='ocrx_word' id='word_1_486' title='bbox 463 3376 593 3432; x_wconf 91' lang='lat' dir='ltr'><strong>millibus</strong></span> <span class='ocrx_word' id='word_1_487' title='bbox 609 3375 699 3444; x_wconf 82' lang='lat' dir='ltr'><strong>(Ceut.</strong></span> <span class='ocrx_word' id='word_1_488' title='bbox 715 3391 743 3444; x_wconf 94' lang='lat' dir='ltr'><strong>v,</strong></span> <span class='ocrx_word' id='word_1_489' title='bbox 762 3375 816 3447; x_wconf 87' lang='grc'>10).</span> <span class='ocrx_word' id='word_1_490' title='bbox 834 3397 848 3424; x_wconf 81' lang='lat' dir='ltr'><strong>n</strong></span> <span class='ocrx_word' id='word_1_491' title='bbox 870 3375 999 3446; x_wconf 91' lang='lat' dir='ltr'><strong>Denique</strong></span> <span class='ocrx_word' id='word_1_492' title='bbox 1053 3391 1100 3430; x_wconf 86' lang='lat' dir='ltr'><strong>res</strong></span> <span class='ocrx_word' id='word_1_493' title='bbox 1115 3374 1253 3436; x_wconf 84' lang='lat' dir='ltr'><strong>trahebat</strong></span> <span class='ocrx_word' id='word_1_494' title='bbox 1267 3381 1298 3438; x_wconf 95' lang='lat' dir='ltr'><strong>in</strong></span> <span class='ocrx_word' id='word_1_495' title='bbox 1313 3401 1469 3441; x_wconf 82' lang='lat' dir='ltr'><strong>carcerem.</strong></span> <span class='ocrx_word' id='word_1_496' title='bbox 1487 3386 1587 3460; x_wconf 88' lang='lat' dir='ltr'><strong>Lupus</strong></span> <span class='ocrx_word' id='word_1_497' title='bbox 1608 3393 1671 3445; x_wconf 88' lang='lat' dir='ltr'><strong>emt</strong></span> <span class='ocrx_word' id='word_1_498' title='bbox 1694 3397 1812 3464; x_wconf 83' lang='lat' dir='ltr'><strong>quando</strong></span> <span class='ocrx_word' id='word_1_499' title='bbox 1824 3398 1885 3470; x_wconf 89' lang='lat' dir='ltr'><strong>spi-</strong></span> 
     </span>
     <span class='ocr_line' id='line_1_53' title="bbox 164 3463 1885 3554; baseline 0.007 -25"><span class='ocrx_word' id='word_1_500' title='bbox 164 3472 259 3530; x_wconf 86' lang='lat' dir='ltr'><strong>etiam</strong></span> <span class='ocrx_word' id='word_1_501' title='bbox 283 3468 372 3526; x_wconf 81' lang='lat' dir='ltr'><strong>David</strong></span> <span class='ocrx_word' id='word_1_502' title='bbox 393 3464 557 3539; x_wconf 72' lang='lat' dir='ltr'><strong>juvenculis</strong></span> <span class='ocrx_word' id='word_1_503' title='bbox 581 3465 637 3536; x_wconf 85' lang='grc'>(32)</span> <span class='ocrx_word' id='word_1_504' title='bbox 661 3463 757 3527; x_wconf 71' lang='lat' dir='ltr'><strong>Marias</strong></span> <span class='ocrx_word' id='word_1_505' title='bbox 782 3469 941 3530; x_wconf 84' lang='lat' dir='ltr'><strong>auctorem,</strong></span> <span class='ocrx_word' id='word_1_506' title='bbox 964 3481 998 3520; x_wconf 84' lang='lat' dir='ltr'><strong>ex</strong></span> <span class='ocrx_word' id='word_1_507' title='bbox 1053 3479 1124 3518; x_wconf 85' lang='lat' dir='ltr'><strong>rens</strong></span> <span class='ocrx_word' id='word_1_508' title='bbox 1153 3465 1251 3524; x_wconf 89' lang='lat' dir='ltr'><strong>minas</strong></span> <span class='ocrx_word' id='word_1_509' title='bbox 1274 3475 1303 3526; x_wconf 89' lang='lat' dir='ltr'><strong>et</strong></span> <span class='ocrx_word' id='word_1_510' title='bbox 1329 3471 1487 3539; x_wconf 84' lang='lat' dir='ltr'><strong>homicidis</strong></span> <span class='ocrx_word' id='word_1_511' title='bbox 1513 3476 1543 3532; x_wconf 94' lang='lat' dir='ltr'><strong>in</strong></span> <span class='ocrx_word' id='word_1_512' title='bbox 1567 3476 1730 3552; x_wconf 88' lang='lat' dir='ltr'><strong>discipulos</strong></span> <span class='ocrx_word' id='word_1_513' title='bbox 1758 3485 1885 3554; x_wconf 86' lang='lat' dir='ltr'><strong>Domini,</strong></span> 
     </span>
     <span class='ocr_line' id='line_1_54' title="bbox 161 3552 1886 3641; baseline 0.006 -23"><span class='ocrx_word' id='word_1_514' title='bbox 161 3563 255 3634; x_wconf 91' lang='lat' dir='ltr'><strong>cnjus</strong></span> <span class='ocrx_word' id='word_1_515' title='bbox 272 3556 457 3614; x_wconf 87' lang='lat' dir='ltr'><strong>successione</strong></span> <span class='ocrx_word' id='word_1_516' title='bbox 472 3554 605 3612; x_wconf 84' lang='lat' dir='ltr'><strong>Christus</strong></span> <span class='ocrx_word' id='word_1_517' title='bbox 630 3557 674 3608; x_wconf 88' lang='lat' dir='ltr'><strong>est</strong></span> <span class='ocrx_word' id='word_1_518' title='bbox 695 3557 782 3609; x_wconf 91' lang='lat' dir='ltr'><strong>natus</strong></span> <span class='ocrx_word' id='word_1_519' title='bbox 803 3570 855 3624; x_wconf 89' lang='lat' dir='ltr'><strong>per</strong></span> <span class='ocrx_word' id='word_1_520' title='bbox 869 3552 998 3625; x_wconf 83' lang='lat' dir='ltr'><strong>Virginis</strong></span> <span class='ocrx_word' id='word_1_521' title='bbox 1054 3553 1172 3626; x_wconf 83' lang='lat' dir='ltr'><strong>petebat</strong></span> <span class='ocrx_word' id='word_1_522' title='bbox 1205 3558 1345 3627; x_wconf 89' lang='lat' dir='ltr'><strong>epistolas</strong></span> <span class='ocrx_word' id='word_1_523' title='bbox 1374 3579 1391 3616; x_wconf 89' lang='lat' dir='ltr'><strong>o</strong></span> <span class='ocrx_word' id='word_1_524' title='bbox 1423 3564 1607 3636; x_wconf 88' lang='lat' dir='ltr'><strong>principibus</strong></span> <span class='ocrx_word' id='word_1_525' title='bbox 1634 3569 1831 3641; x_wconf 84' lang='lat' dir='ltr'><strong>secerdotum,</strong></span> <span class='ocrx_word' id='word_1_526' title='bbox 1852 3579 1886 3628; x_wconf 90' lang='lat' dir='ltr'><strong>ut</strong></span> 
     </span>
     <span class='ocr_line' id='line_1_55' title="bbox 159 3641 1883 3731; baseline 0.006 -25"><span class='ocrx_word' id='word_1_527' title='bbox 159 3653 301 3725; x_wconf 80' lang='lat' dir='ltr'><strong>partum,</strong></span> <span class='ocrx_word' id='word_1_528' title='bbox 317 3647 346 3702; x_wconf 92' lang='lat' dir='ltr'><strong>in</strong></span> <span class='ocrx_word' id='word_1_529' title='bbox 363 3647 462 3701; x_wconf 87' lang='lat' dir='ltr'><strong>decem</strong></span> <span class='ocrx_word' id='word_1_530' title='bbox 480 3642 611 3699; x_wconf 88' lang='lat' dir='ltr'><strong>millibus</strong></span> <span class='ocrx_word' id='word_1_531' title='bbox 626 3641 824 3714; x_wconf 84' lang='lat' dir='ltr'><strong>praedicabunt</strong></span> <span class='ocrx_word' id='word_1_532' title='bbox 840 3659 846 3696; x_wconf 80' lang='grc' dir='ltr'><strong>ι</strong></span> <span class='ocrx_word' id='word_1_533' title='bbox 865 3641 998 3698; x_wconf 86' lang='lat' dir='ltr'><strong>Soulau-</strong></span> <span class='ocrx_word' id='word_1_534' title='bbox 1053 3641 1205 3697; x_wconf 84' lang='lat' dir='ltr'><strong>invaderet</strong></span> <span class='ocrx_word' id='word_1_535' title='bbox 1229 3662 1327 3702; x_wconf 82' lang='lat' dir='ltr'><strong>servos</strong></span> <span class='ocrx_word' id='word_1_536' title='bbox 1351 3649 1469 3706; x_wconf 85' lang='lat' dir='ltr'><strong>Christi.</strong></span> <span class='ocrx_word' id='word_1_537' title='bbox 1495 3653 1587 3718; x_wconf 84' lang='lat' dir='ltr'><strong>Quem</strong></span> <span class='ocrx_word' id='word_1_538' title='bbox 1610 3659 1752 3728; x_wconf 88' lang='lat' dir='ltr'><strong>tunqnnm</strong></span> <span class='ocrx_word' id='word_1_539' title='bbox 1778 3657 1883 3731; x_wconf 88' lang='lat' dir='ltr'><strong>lupum</strong></span> 
     </span>
     <span class='ocr_line' id='line_1_56' title="bbox 159 3729 1882 3804; baseline 0.005 -10"><span class='ocrx_word' id='word_1_540' title='bbox 159 3746 226 3797; x_wconf 87' lang='lat' dir='ltr'><strong>tem</strong></span> <span class='ocrx_word' id='word_1_541' title='bbox 244 3739 277 3792; x_wconf 93' lang='lat' dir='ltr'><strong>in</strong></span> <span class='ocrx_word' id='word_1_542' title='bbox 294 3735 506 3801; x_wconf 88' lang='lat' dir='ltr'><strong>millibus,eurn</strong></span> <span class='ocrx_word' id='word_1_543' title='bbox 519 3732 685 3787; x_wconf 78' lang='lat' dir='ltr'><strong>reverentius</strong></span> <span class='ocrx_word' id='word_1_544' title='bbox 702 3731 794 3804; x_wconf 85' lang='lat' dir='ltr'><strong>gratie</strong></span> <span class='ocrx_word' id='word_1_545' title='bbox 810 3731 885 3786; x_wconf 90' lang='lat' dir='ltr'><strong>eirea</strong></span> <span class='ocrx_word' id='word_1_546' title='bbox 900 3747 997 3804; x_wconf 86' lang='lat' dir='ltr'><strong>regern</strong></span> <span class='ocrx_word' id='word_1_547' title='bbox 1054 3729 1207 3785; x_wconf 82' lang='lat' dir='ltr'><strong>nocturnis</strong></span> <span class='ocrx_word' id='word_1_548' title='bbox 1227 3736 1355 3791; x_wconf 86' lang='lat' dir='ltr'><strong>tenebris</strong></span> <span class='ocrx_word' id='word_1_549' title='bbox 1380 3737 1563 3795; x_wconf 89' lang='lat' dir='ltr'><strong>aberrantem</strong></span> <span class='ocrx_word' id='word_1_550' title='bbox 1590 3742 1684 3797; x_wconf 79' lang='lat' dir='ltr'><strong>effuse</strong></span> <span class='ocrx_word' id='word_1_551' title='bbox 1705 3743 1792 3801; x_wconf 87' lang='lat' dir='ltr'><strong>Jesus</strong></span> <span class='ocrx_word' id='word_1_552' title='bbox 1816 3745 1882 3804; x_wconf 88' lang='lat' dir='ltr'><strong>lnce</strong></span> 
     </span>
     <span class='ocr_line' id='line_1_57' title="bbox 156 3816 1881 3901; baseline 0.005 -22"><span class='ocrx_word' id='word_1_553' title='bbox 156 3827 268 3900; x_wconf 76' lang='lat' dir='ltr'><strong>magis</strong></span> <span class='ocrx_word' id='word_1_554' title='bbox 294 3823 515 3897; x_wconf 81' lang='lat' dir='ltr'><strong>praeponderare</strong></span> <span class='ocrx_word' id='word_1_555' title='bbox 539 3821 719 3877; x_wconf 86' lang='lat' dir='ltr'><strong>debuissent.</strong></span> <span class='ocrx_word' id='word_1_556' title='bbox 738 3820 790 3884; x_wconf 83' lang='lat' dir='ltr'><strong>Qui</strong></span> <span class='ocrx_word' id='word_1_557' title='bbox 816 3837 884 3892; x_wconf 91' lang='lat' dir='ltr'><strong>ergo</strong></span> <span class='ocrx_word' id='word_1_558' title='bbox 908 3836 999 3875; x_wconf 89' lang='lat' dir='ltr'><strong>eornn</strong></span> <span class='ocrx_word' id='word_1_559' title='bbox 1054 3816 1180 3874; x_wconf 80' lang='lat' dir='ltr'><strong>cecavit.</strong></span> <span class='ocrx_word' id='word_1_560' title='bbox 1200 3821 1265 3877; x_wconf 84' lang='lat' dir='ltr'><strong>ideo</strong></span> <span class='ocrx_word' id='word_1_561' title='bbox 1280 3822 1386 3880; x_wconf 82' lang='lat' dir='ltr'><strong>Rachel</strong></span> <span class='ocrx_word' id='word_1_562' title='bbox 1402 3843 1468 3882; x_wconf 86' lang='lat' dir='ltr'><strong>ram</strong></span> <span class='ocrx_word' id='word_1_563' title='bbox 1483 3833 1600 3896; x_wconf 87' lang='lat' dir='ltr'><strong>&#39;pureret</strong></span> <span class='ocrx_word' id='word_1_564' title='bbox 1618 3829 1782 3901; x_wconf 84' lang='lat' dir='ltr'><strong>Benjemin,</strong></span> <span class='ocrx_word' id='word_1_565' title='bbox 1797 3847 1881 3888; x_wconf 87' lang='lat' dir='ltr'><strong>voes-</strong></span> 
     </span>
     <span class='ocr_line' id='line_1_58' title="bbox 153 3907 1881 3988; baseline 0.001 -15"><span class='ocrx_word' id='word_1_566' title='bbox 153 3915 279 3974; x_wconf 87' lang='lat' dir='ltr'><strong>Christi</strong></span> <span class='ocrx_word' id='word_1_567' title='bbox 309 3911 488 3977; x_wconf 84' lang='lat' dir='ltr'><strong>exultaverit,</strong></span> <span class='ocrx_word' id='word_1_568' title='bbox 517 3909 670 3966; x_wconf 87' lang='lat' dir='ltr'><strong>consessas</strong></span> <span class='ocrx_word' id='word_1_569' title='bbox 697 3909 760 3980; x_wconf 83' lang='lat' dir='ltr'><strong>ejas</strong></span> <span class='ocrx_word' id='word_1_570' title='bbox 790 3908 912 3980; x_wconf 85' lang='lat' dir='ltr'><strong>glorium</strong></span> <span class='ocrx_word' id='word_1_571' title='bbox 936 3909 999 3980; x_wconf 89' lang='lat' dir='ltr'><strong>ipse</strong></span> <span class='ocrx_word' id='word_1_572' title='bbox 1054 3907 1096 3962; x_wconf 91' lang='lat' dir='ltr'><strong>vit</strong></span> <span class='ocrx_word' id='word_1_573' title='bbox 1111 3921 1218 3963; x_wconf 89' lang='lat' dir='ltr'><strong>nomen</strong></span> <span class='ocrx_word' id='word_1_574' title='bbox 1237 3911 1302 3981; x_wconf 88' lang='lat' dir='ltr'><strong>ejus</strong></span> <span class='ocrx_word' id='word_1_575' title='bbox 1326 3935 1340 3962; x_wconf 77' lang='lat' dir='ltr'><strong>s</strong></span> <span class='ocrx_word' id='word_1_576' title='bbox 1364 3914 1454 3969; x_wconf 82' lang='lat' dir='ltr'><strong>Filius</strong></span> <span class='ocrx_word' id='word_1_577' title='bbox 1477 3915 1586 3972; x_wconf 83' lang='lat' dir='ltr'><strong>doloris</strong></span> <span class='ocrx_word' id='word_1_578' title='bbox 1610 3916 1667 3972; x_wconf 88' lang='lat' dir='ltr'><strong>mei</strong></span> <span class='ocrx_word' id='word_1_579' title='bbox 1694 3917 1770 3988; x_wconf 80' lang='lat' dir='ltr'><strong>(Gen.</strong></span> <span class='ocrx_word' id='word_1_580' title='bbox 1795 3934 1881 3988; x_wconf 83' lang='lat' dir='ltr'><strong>xxxv,</strong></span> 
     </span>
     <span class='ocr_line' id='line_1_59' title="bbox 154 3995 1883 4078; baseline 0.006 -25"><span class='ocrx_word' id='word_1_581' title='bbox 154 4019 289 4078; x_wconf 86' lang='lat' dir='ltr'><strong>quoqne</strong></span> <span class='ocrx_word' id='word_1_582' title='bbox 312 3999 434 4073; x_wconf 85' lang='lat' dir='ltr'><strong>accipiet</strong></span> <span class='ocrx_word' id='word_1_583' title='bbox 453 4015 572 4054; x_wconf 87' lang='lat' dir='ltr'><strong>cornus.</strong></span> <span class='ocrx_word' id='word_1_584' title='bbox 599 3999 679 4053; x_wconf 86' lang='lat' dir='ltr'><strong>Unde</strong></span> <span class='ocrx_word' id='word_1_585' title='bbox 702 3997 790 4053; x_wconf 87' lang='lat' dir='ltr'><strong>etiam</strong></span> <span class='ocrx_word' id='word_1_586' title='bbox 816 3997 910 4053; x_wconf 86' lang='lat' dir='ltr'><strong>saneti</strong></span> <span class='ocrx_word' id='word_1_587' title='bbox 935 3997 998 4052; x_wconf 90' lang='lat' dir='ltr'><strong>uni-</strong></span> <span class='ocrx_word' id='word_1_588' title='bbox 1055 3997 1111 4067; x_wconf 79' lang='lat' dir='ltr'><strong>te),</strong></span> <span class='ocrx_word' id='word_1_589' title='bbox 1134 4018 1148 4044; x_wconf 82' lang='lat' dir='ltr'><strong>a</strong></span> <span class='ocrx_word' id='word_1_590' title='bbox 1169 3995 1303 4054; x_wconf 85' lang='lat' dir='ltr'><strong>laturum</strong></span> <span class='ocrx_word' id='word_1_591' title='bbox 1325 4003 1503 4074; x_wconf 83' lang='lat' dir='ltr'><strong>prophetans</strong></span> <span class='ocrx_word' id='word_1_592' title='bbox 1526 4023 1561 4061; x_wconf 84' lang='lat' dir='ltr'><strong>ex</strong></span> <span class='ocrx_word' id='word_1_593' title='bbox 1587 4022 1621 4062; x_wconf 87' lang='lat' dir='ltr'><strong>en</strong></span> <span class='ocrx_word' id='word_1_594' title='bbox 1649 4005 1727 4061; x_wconf 90' lang='lat' dir='ltr'><strong>tribu</strong></span> <span class='ocrx_word' id='word_1_595' title='bbox 1747 4004 1883 4076; x_wconf 86' lang='lat' dir='ltr'><strong>Paulum,</strong></span> 
     </span>
     <span class='ocr_line' id='line_1_60' title="bbox 152 4084 1883 4166; baseline 0.001 -16"><span class='ocrx_word' id='word_1_596' title='bbox 152 4090 274 4150; x_wconf 86' lang='lat' dir='ltr'><strong>cornui</strong></span> <span class='ocrx_word' id='word_1_597' title='bbox 291 4089 359 4146; x_wconf 89' lang='lat' dir='ltr'><strong>dicti</strong></span> <span class='ocrx_word' id='word_1_598' title='bbox 376 4092 446 4144; x_wconf 89' lang='lat' dir='ltr'><strong>sunt</strong></span> <span class='ocrx_word' id='word_1_599' title='bbox 461 4088 490 4142; x_wconf 92' lang='lat' dir='ltr'><strong>in</strong></span> <span class='ocrx_word' id='word_1_600' title='bbox 504 4084 611 4158; x_wconf 84' lang='lat' dir='ltr'><strong>psalmi</strong></span> <span class='ocrx_word' id='word_1_601' title='bbox 626 4087 768 4142; x_wconf 88' lang='lat' dir='ltr'><strong>versiculo</strong></span> <span class='ocrx_word' id='word_1_602' title='bbox 784 4102 811 4140; x_wconf 74' lang='lat' dir='ltr'><strong>:a</strong></span> <span class='ocrx_word' id='word_1_603' title='bbox 830 4087 863 4141; x_wconf 81' lang='lat' dir='ltr'><strong>Di</strong></span> <span class='ocrx_word' id='word_1_604' title='bbox 876 4085 1000 4142; x_wconf 89' lang='lat' dir='ltr'><strong>dilectus</strong></span> <span class='ocrx_word' id='word_1_605' title='bbox 1055 4085 1104 4157; x_wconf 91' lang='lat' dir='ltr'><strong>qui</strong></span> <span class='ocrx_word' id='word_1_606' title='bbox 1122 4084 1266 4158; x_wconf 78' lang='lat' dir='ltr'><strong>attigeret</strong></span> <span class='ocrx_word' id='word_1_607' title='bbox 1282 4088 1356 4146; x_wconf 83' lang='lat' dir='ltr'><strong>filios</strong></span> <span class='ocrx_word' id='word_1_608' title='bbox 1372 4090 1502 4147; x_wconf 73' lang='lat' dir='ltr'><strong>ecclesie</strong></span> <span class='ocrx_word' id='word_1_609' title='bbox 1518 4093 1727 4166; x_wconf 88' lang='lat' dir='ltr'><strong>persecutionis</strong></span> <span class='ocrx_word' id='word_1_610' title='bbox 1738 4110 1797 4150; x_wconf 77' lang='lat' dir='ltr'><strong>sues</strong></span> <span class='ocrx_word' id='word_1_611' title='bbox 1812 4098 1883 4151; x_wconf 78' lang='lat' dir='ltr'><strong>tem·</strong></span> 
     </span>
     <span class='ocr_line' id='line_1_61' title="bbox 150 4175 1883 4253; baseline 0.002 -17"><span class='ocrx_word' id='word_1_612' title='bbox 150 4189 315 4253; x_wconf 82' lang='lat' dir='ltr'><strong>tanquam</strong></span> <span class='ocrx_word' id='word_1_613' title='bbox 342 4177 421 4233; x_wconf 85' lang='lat' dir='ltr'><strong>lilius</strong></span> <span class='ocrx_word' id='word_1_614' title='bbox 446 4175 675 4230; x_wconf 90' lang='lat' dir='ltr'><strong>unicornuorum</strong></span> <span class='ocrx_word' id='word_1_615' title='bbox 700 4176 786 4246; x_wconf 80' lang='lat' dir='ltr'><strong>(Psoi.</strong></span> <span class='ocrx_word' id='word_1_616' title='bbox 813 4191 912 4240; x_wconf 80' lang='lat' dir='ltr'><strong>xxviii,</strong></span> <span class='ocrx_word' id='word_1_617' title='bbox 929 4175 966 4246; x_wconf 84' lang='grc'><strong>6).</strong></span> <span class='ocrx_word' id='word_1_618' title='bbox 986 4198 999 4225; x_wconf 77' lang='lat' dir='ltr'><strong>n</strong></span> <span class='ocrx_word' id='word_1_619' title='bbox 1055 4191 1135 4246; x_wconf 93' lang='lat' dir='ltr'><strong>pore,</strong></span> <span class='ocrx_word' id='word_1_620' title='bbox 1152 4179 1180 4229; x_wconf 91' lang='lat' dir='ltr'><strong>et</strong></span> <span class='ocrx_word' id='word_1_621' title='bbox 1194 4177 1275 4248; x_wconf 87' lang='lat' dir='ltr'><strong>gravi</strong></span> <span class='ocrx_word' id='word_1_622' title='bbox 1301 4184 1424 4235; x_wconf 84' lang='lat' dir='ltr'><strong>metrum</strong></span> <span class='ocrx_word' id='word_1_623' title='bbox 1449 4180 1548 4238; x_wconf 90' lang='lat' dir='ltr'><strong>dolore</strong></span> <span class='ocrx_word' id='word_1_624' title='bbox 1570 4185 1695 4238; x_wconf 84' lang='lat' dir='ltr'><strong>vexaret.</strong></span> <span class='ocrx_word' id='word_1_625' title='bbox 1712 4181 1767 4239; x_wconf 77' lang='lat' dir='ltr'><strong>Sed</strong></span> <span class='ocrx_word' id='word_1_626' title='bbox 1783 4186 1883 4240; x_wconf 85' lang='lat' dir='ltr'><strong>tamen</strong></span> 
     </span>
     <span class='ocr_line' id='line_1_62' title="bbox 150 4263 1885 4344; baseline 0.001 -17"><span class='ocrx_word' id='word_1_627' title='bbox 150 4268 287 4328; x_wconf 85' lang='lat' dir='ltr'><strong>Etenim</strong></span> <span class='ocrx_word' id='word_1_628' title='bbox 304 4267 379 4322; x_wconf 87' lang='lat' dir='ltr'><strong>sicut</strong></span> <span class='ocrx_word' id='word_1_629' title='bbox 394 4263 503 4320; x_wconf 82' lang='lat' dir='ltr'><strong>animal</strong></span> <span class='ocrx_word' id='word_1_630' title='bbox 530 4263 711 4335; x_wconf 87' lang='lat' dir='ltr'><strong>hujusmodi,</strong></span> <span class='ocrx_word' id='word_1_631' title='bbox 728 4280 795 4318; x_wconf 90' lang='lat' dir='ltr'><strong>enm</strong></span> <span class='ocrx_word' id='word_1_632' title='bbox 817 4263 843 4318; x_wconf 92' lang='lat' dir='ltr'><strong>ci</strong></span> <span class='ocrx_word' id='word_1_633' title='bbox 867 4264 1001 4320; x_wconf 88' lang='lat' dir='ltr'><strong>oriuntur</strong></span> <span class='ocrx_word' id='word_1_634' title='bbox 1056 4263 1134 4318; x_wconf 90' lang='lat' dir='ltr'><strong>idem</strong></span> <span class='ocrx_word' id='word_1_635' title='bbox 1155 4271 1254 4335; x_wconf 86' lang='lat' dir='ltr'><strong>posteo</strong></span> <span class='ocrx_word' id='word_1_636' title='bbox 1275 4266 1458 4340; x_wconf 79' lang='lat' dir='ltr'><strong>principibus</strong></span> <span class='ocrx_word' id='word_1_637' title='bbox 1477 4287 1576 4327; x_wconf 85' lang='lat' dir='ltr'><strong>escam</strong></span> <span class='ocrx_word' id='word_1_638' title='bbox 1597 4270 1756 4344; x_wconf 87' lang='lat' dir='ltr'><strong>posteriore</strong></span> <span class='ocrx_word' id='word_1_639' title='bbox 1785 4270 1885 4329; x_wconf 88' lang='lat' dir='ltr'><strong>divisit</strong></span> 
     </span>
     <span class='ocr_line' id='line_1_63' title="bbox 150 4350 1886 4429; baseline 0.001 -13"><span class='ocrx_word' id='word_1_640' title='bbox 150 4373 294 4426; x_wconf 85' lang='lat' dir='ltr'><strong>cornua,</strong></span> <span class='ocrx_word' id='word_1_641' title='bbox 310 4371 479 4428; x_wconf 85' lang='lat' dir='ltr'><strong>processum</strong></span> <span class='ocrx_word' id='word_1_642' title='bbox 496 4352 644 4424; x_wconf 85' lang='lat' dir='ltr'><strong>significet</strong></span> <span class='ocrx_word' id='word_1_643' title='bbox 663 4350 803 4424; x_wconf 88' lang='lat' dir='ltr'><strong>plenioris</strong></span> <span class='ocrx_word' id='word_1_644' title='bbox 826 4352 919 4406; x_wconf 80' lang='lat' dir='ltr'><strong>etatis</strong></span> <span class='ocrx_word' id='word_1_645' title='bbox 938 4369 943 4408; x_wconf 91' lang='lat'>:</span> <span class='ocrx_word' id='word_1_646' title='bbox 961 4353 1002 4409; x_wconf 87' lang='lat' dir='ltr'><strong>ite</strong></span> <span class='ocrx_word' id='word_1_647' title='bbox 1055 4356 1196 4424; x_wconf 88' lang='lat' dir='ltr'><strong>tempore,</strong></span> <span class='ocrx_word' id='word_1_648' title='bbox 1226 4354 1429 4426; x_wconf 71' lang='lat' dir='ltr'><strong>evangelizans</strong></span> <span class='ocrx_word' id='word_1_649' title='bbox 1461 4359 1597 4429; x_wconf 90' lang='lat' dir='ltr'><strong>gentibus</strong></span> <span class='ocrx_word' id='word_1_650' title='bbox 1626 4360 1677 4416; x_wconf 82' lang='lat' dir='ltr'><strong>Dei</strong></span> <span class='ocrx_word' id='word_1_651' title='bbox 1701 4359 1835 4427; x_wconf 88' lang='lat' dir='ltr'><strong>verbnm,</strong></span> <span class='ocrx_word' id='word_1_652' title='bbox 1854 4364 1886 4417; x_wconf 84' lang='lat' dir='ltr'><strong>et</strong></span> 
     </span>
     <span class='ocr_line' id='line_1_64' title="bbox 148 4427 1937 4522; baseline -0.001 -17"><span class='ocrx_word' id='word_1_653' title='bbox 148 4442 728 4517; x_wconf 79' lang='lat' dir='ltr'><strong>cumecapiteqrrodeurnostrieanimae</strong></span> <span class='ocrx_word' id='word_1_654' title='bbox 740 4439 1001 4512; x_wconf 82' lang='lat' dir='ltr'><strong>cornnnpullulare</strong></span> <span class='ocrx_word' id='word_1_655' title='bbox 1056 4439 1199 4512; x_wconf 88' lang='lat' dir='ltr'><strong>plurimos</strong></span> <span class='ocrx_word' id='word_1_656' title='bbox 1216 4443 1249 4496; x_wconf 81' lang='lat' dir='ltr'><strong>iad</strong></span> <span class='ocrx_word' id='word_1_657' title='bbox 1269 4443 1353 4498; x_wconf 74' lang='lat' dir='ltr'><strong>Ditem</strong></span> <span class='ocrx_word' id='word_1_658' title='bbox 1372 4462 1547 4517; x_wconf 77' lang='lat' dir='ltr'><strong>provocans3</strong></span> <span class='ocrx_word' id='word_1_659' title='bbox 1567 4465 1625 4522; x_wconf 87' lang='lat' dir='ltr'><strong>quo</strong></span> <span class='ocrx_word' id='word_1_660' title='bbox 1648 4449 1827 4522; x_wconf 85' lang='lat' dir='ltr'><strong>disputante,</strong></span> <span class='ocrx_word' id='word_1_661' title='bbox 1842 4449 1882 4505; x_wconf 86' lang='lat' dir='ltr'><strong>si·</strong></span> <span class='ocrx_word' id='word_1_662' title='bbox 1922 4427 1937 4438; x_wconf 56' lang='grc'><strong><em>’</em></strong></span> 
     </span>
     <span class='ocr_line' id='line_1_65' title="bbox 146 4528 1882 4610; baseline 0.001 -18"><span class='ocrx_word' id='word_1_663' title='bbox 146 4529 1106 4610; x_wconf 81' lang='lat' dir='ltr'><strong>coeperint,processumvideniurperleetiorissignificare1]eut</strong></span> <span class='ocrx_word' id='word_1_664' title='bbox 1129 4528 1266 4601; x_wconf 85' lang='lat' dir='ltr'><strong>legimns,</strong></span> <span class='ocrx_word' id='word_1_665' title='bbox 1282 4532 1391 4588; x_wconf 78' lang='lat' dir='ltr'><strong>Paulus</strong></span> <span class='ocrx_word' id='word_1_666' title='bbox 1414 4538 1583 4606; x_wconf 90' lang='lat' dir='ltr'><strong>proconsul,</strong></span> <span class='ocrx_word' id='word_1_667' title='bbox 1604 4545 1632 4595; x_wconf 90' lang='lat' dir='ltr'><strong>et</strong></span> <span class='ocrx_word' id='word_1_668' title='bbox 1655 4537 1779 4595; x_wconf 92' lang='lat' dir='ltr'><strong>Publius</strong></span> <span class='ocrx_word' id='word_1_669' title='bbox 1803 4538 1882 4610; x_wconf 90' lang='lat' dir='ltr'><strong>prin-</strong></span> 
     </span>
     <span class='ocr_line' id='line_1_66' title="bbox 143 4618 1882 4700; baseline -0.002 -17"><span class='ocrx_word' id='word_1_670' title='bbox 143 4625 302 4685; x_wconf 81' lang='lat' dir='ltr'><strong>virtutis.</strong></span> <span class='ocrx_word' id='word_1_671' title='bbox 317 4627 345 4678; x_wconf 90' lang='lat' dir='ltr'><strong>et</strong></span> <span class='ocrx_word' id='word_1_672' title='bbox 360 4622 463 4678; x_wconf 83' lang='lat' dir='ltr'><strong>tandiu</strong></span> <span class='ocrx_word' id='word_1_673' title='bbox 478 4623 622 4688; x_wconf 87' lang='lat' dir='ltr'><strong>crescant,</strong></span> <span class='ocrx_word' id='word_1_674' title='bbox 641 4619 770 4692; x_wconf 83' lang='lat' dir='ltr'><strong>quandiu</strong></span> <span class='ocrx_word' id='word_1_675' title='bbox 791 4619 1000 4689; x_wconf 81' lang='lat' dir='ltr'><strong>compleantur.</strong></span> <span class='ocrx_word' id='word_1_676' title='bbox 1057 4634 1125 4690; x_wconf 84' lang='lat' dir='ltr'><strong>ceps</strong></span> <span class='ocrx_word' id='word_1_677' title='bbox 1141 4618 1206 4690; x_wconf 80' lang='grc'>(33),</span> <span class='ocrx_word' id='word_1_678' title='bbox 1224 4619 1341 4676; x_wconf 90' lang='lat' dir='ltr'><strong>Domini</strong></span> <span class='ocrx_word' id='word_1_679' title='bbox 1366 4622 1493 4694; x_wconf 79' lang='lat' dir='ltr'><strong>gretiam</strong></span> <span class='ocrx_word' id='word_1_680' title='bbox 1518 4632 1690 4700; x_wconf 87' lang='lat' dir='ltr'><strong>receperunt</strong></span> <span class='ocrx_word' id='word_1_681' title='bbox 1712 4629 1779 4699; x_wconf 79' lang='lat' dir='ltr'><strong>(let.</strong></span> <span class='ocrx_word' id='word_1_682' title='bbox 1800 4640 1882 4691; x_wconf 83' lang='lat' dir='ltr'><strong>xxvii,</strong></span> 
     </span>
     <span class='ocr_line' id='line_1_67' title="bbox 142 4706 1274 4780; baseline -0.005 -8"><span class='ocrx_word' id='word_1_683' title='bbox 142 4717 227 4772; x_wconf 86' lang='lat' dir='ltr'><strong>Hoc</strong></span> <span class='ocrx_word' id='word_1_684' title='bbox 256 4729 348 4768; x_wconf 88' lang='lat' dir='ltr'><strong>cornu</strong></span> <span class='ocrx_word' id='word_1_685' title='bbox 376 4710 520 4766; x_wconf 90' lang='lat' dir='ltr'><strong>Dominus</strong></span> <span class='ocrx_word' id='word_1_686' title='bbox 547 4710 633 4765; x_wconf 88' lang='lat' dir='ltr'><strong>Jesus</strong></span> <span class='ocrx_word' id='word_1_687' title='bbox 656 4706 830 4764; x_wconf 90' lang='lat' dir='ltr'><strong>comminuit</strong></span> <span class='ocrx_word' id='word_1_688' title='bbox 845 4712 956 4780; x_wconf 82' lang='lat' dir='ltr'><strong>gentes,</strong></span> <span class='ocrx_word' id='word_1_689' title='bbox 973 4713 1005 4764; x_wconf 90' lang='lat' dir='ltr'><strong>ut</strong></span> <span class='ocrx_word' id='word_1_690' title='bbox 1060 4708 1107 4775; x_wconf 77' lang='lat'><strong>123</strong></span> <span class='ocrx_word' id='word_1_691' title='bbox 1124 4725 1221 4775; x_wconf 83' lang='lat' dir='ltr'><strong>xxvru,</strong></span> <span class='ocrx_word' id='word_1_692' title='bbox 1236 4710 1274 4779; x_wconf 88' lang='lat'><strong>8).</strong></span> 
     </span>
    </p>
   </div>
   <div class='ocr_carea' id='block_1_8' title="bbox 132 4851 1887 5779">
    <p class='ocr_par' dir='ltr' id='par_1_8' title="bbox 139 4851 1884 5210">
     <span class='ocr_line' id='line_1_68' title="bbox 193 4851 1883 4926; baseline 0 -15"><span class='ocrx_word' id='word_1_693' title='bbox 193 4857 268 4926; x_wconf 86' lang='grc'>(31)</span> <span class='ocrx_word' id='word_1_694' title='bbox 293 4855 346 4919; x_wconf 85' lang='lat' dir='ltr'><strong>Oui</strong></span> <span class='ocrx_word' id='word_1_695' title='bbox 369 4853 465 4908; x_wconf 85' lang='lat' dir='ltr'><strong>verius</strong></span> <span class='ocrx_word' id='word_1_696' title='bbox 490 4857 643 4906; x_wconf 83' lang='lat' dir='ltr'><strong>suetorum</strong></span> <span class='ocrx_word' id='word_1_697' title='bbox 668 4851 703 4905; x_wconf 91' lang='lat' dir='ltr'><strong>de</strong></span> <span class='ocrx_word' id='word_1_698' title='bbox 732 4855 915 4906; x_wconf 89' lang='lat' dir='ltr'><strong>monocerote</strong></span> <span class='ocrx_word' id='word_1_699' title='bbox 942 4852 1004 4922; x_wconf 90' lang='lat' dir='ltr'><strong>npi-</strong></span> <span class='ocrx_word' id='word_1_700' title='bbox 1060 4856 1152 4905; x_wconf 85' lang='lat' dir='ltr'><strong>torem</strong></span> <span class='ocrx_word' id='word_1_701' title='bbox 1165 4851 1321 4920; x_wconf 82' lang='lat' dir='ltr'><strong>exemplari</strong></span> <span class='ocrx_word' id='word_1_702' title='bbox 1339 4871 1355 4908; x_wconf 85' lang='lat' dir='ltr'><strong>u</strong></span> <span class='ocrx_word' id='word_1_703' title='bbox 1371 4854 1472 4911; x_wconf 79' lang='lat' dir='ltr'><strong>uiuitis</strong></span> <span class='ocrx_word' id='word_1_704' title='bbox 1495 4865 1523 4912; x_wconf 84' lang='lat' dir='ltr'><strong>et</strong></span> <span class='ocrx_word' id='word_1_705' title='bbox 1546 4858 1730 4915; x_wconf 84' lang='lat' dir='ltr'><strong>versionibus</strong></span> <span class='ocrx_word' id='word_1_706' title='bbox 1745 4855 1883 4912; x_wconf 89' lang='lat' dir='ltr'><strong>omnibus</strong></span> 
     </span>
     <span class='ocr_line' id='line_1_69' title="bbox 142 4921 1884 4998; baseline -0.002 -13"><span class='ocrx_word' id='word_1_707' title='bbox 142 4931 282 4986; x_wconf 85' lang='lat' dir='ltr'><strong>rriones</strong></span> <span class='ocrx_word' id='word_1_708' title='bbox 311 4921 485 4998; x_wconf 80' lang='lat' dir='ltr'><strong>cognoscere</strong></span> <span class='ocrx_word' id='word_1_709' title='bbox 514 4922 646 4986; x_wconf 85' lang='lat' dir='ltr'><strong>voluerii,</strong></span> <span class='ocrx_word' id='word_1_710' title='bbox 675 4923 756 4976; x_wconf 86' lang='lat' dir='ltr'><strong>adeat</strong></span> <span class='ocrx_word' id='word_1_711' title='bbox 782 4921 866 4977; x_wconf 86' lang='lat' dir='ltr'><strong>Conr.</strong></span> <span class='ocrx_word' id='word_1_712' title='bbox 884 4922 1003 4979; x_wconf 83' lang='lat' dir='ltr'><strong>Gesner.</strong></span> <span class='ocrx_word' id='word_1_713' title='bbox 1060 4939 1123 4994; x_wconf 78' lang='lat' dir='ltr'><strong>que</strong></span> <span class='ocrx_word' id='word_1_714' title='bbox 1138 4939 1216 4977; x_wconf 89' lang='lat' dir='ltr'><strong>nnnc</strong></span> <span class='ocrx_word' id='word_1_715' title='bbox 1233 4923 1385 4994; x_wconf 86' lang='lat' dir='ltr'><strong>habentur,</strong></span> <span class='ocrx_word' id='word_1_716' title='bbox 1402 4927 1587 4998; x_wconf 87' lang='lat' dir='ltr'><strong>discrepante</strong></span> <span class='ocrx_word' id='word_1_717' title='bbox 1602 4946 1689 4984; x_wconf 90' lang='lat' dir='ltr'><strong>usum</strong></span> <span class='ocrx_word' id='word_1_718' title='bbox 1705 4943 1771 4982; x_wconf 90' lang='lat' dir='ltr'><strong>esse</strong></span> <span class='ocrx_word' id='word_1_719' title='bbox 1796 4942 1884 4998; x_wconf 92' lang='lat' dir='ltr'><strong>opor-</strong></span> 
     </span>
     <span class='ocr_line' id='line_1_70' title="bbox 141 4992 1882 5071; baseline 0 -17"><span class='ocrx_word' id='word_1_720' title='bbox 141 5002 216 5058; x_wconf 83' lang='lat' dir='ltr'><strong>lrb.</strong></span> <span class='ocrx_word' id='word_1_721' title='bbox 240 5016 251 5052; x_wconf 91' lang='grc' dir='ltr'><strong>ι</strong></span> <span class='ocrx_word' id='word_1_722' title='bbox 267 4998 337 5053; x_wconf 77' lang='lat' dir='ltr'><strong>um.</strong></span> <span class='ocrx_word' id='word_1_723' title='bbox 355 4996 533 5061; x_wconf 81' lang='lat' dir='ltr'><strong>animalium,</strong></span> <span class='ocrx_word' id='word_1_724' title='bbox 571 5011 617 5066; x_wconf 84' lang='lat' dir='ltr'><strong>ag.</strong></span> <span class='ocrx_word' id='word_1_725' title='bbox 632 4994 694 5062; x_wconf 79' lang='lat'><strong>781,</strong></span> <span class='ocrx_word' id='word_1_726' title='bbox 711 4999 740 5048; x_wconf 90' lang='lat' dir='ltr'><strong>et</strong></span> <span class='ocrx_word' id='word_1_727' title='bbox 755 4992 885 5066; x_wconf 76' lang='lat' dir='ltr'><strong>Ulyssem</strong></span> <span class='ocrx_word' id='word_1_728' title='bbox 903 4993 1004 5048; x_wconf 77' lang='lat' dir='ltr'><strong>hidre·</strong></span> <span class='ocrx_word' id='word_1_729' title='bbox 1062 4998 1141 5048; x_wconf 85' lang='lat' dir='ltr'><strong>teret.</strong></span> <span class='ocrx_word' id='word_1_730' title='bbox 1160 4995 1232 5049; x_wconf 84' lang='lat' dir='ltr'><strong>Nara</strong></span> <span class='ocrx_word' id='word_1_731' title='bbox 1249 4996 1357 5068; x_wconf 78' lang='lat' dir='ltr'><strong>ubique</strong></span> <span class='ocrx_word' id='word_1_732' title='bbox 1373 5015 1431 5052; x_wconf 91' lang='lat' dir='ltr'><strong>non</strong></span> <span class='ocrx_word' id='word_1_733' title='bbox 1448 5001 1529 5055; x_wconf 85' lang='lat' dir='ltr'><strong>Penii</strong></span> <span class='ocrx_word' id='word_1_734' title='bbox 1553 4997 1735 5071; x_wconf 87' lang='lat' dir='ltr'><strong>proconsulis</strong></span> <span class='ocrx_word' id='word_1_735' title='bbox 1757 4997 1882 5071; x_wconf 81' lang='lat' dir='ltr'><strong>legatus,</strong></span> 
     </span>
     <span class='ocr_line' id='line_1_71' title="bbox 139 5011 1883 5139; baseline -0.001 -13"><span class='ocrx_word' id='word_1_736' title='bbox 139 5070 320 5136; x_wconf 81' lang='lat' dir='ltr'><strong>vandum,</strong></span> <span class='ocrx_word' id='word_1_737' title='bbox 333 5067 368 5124; x_wconf 81' lang='lat' dir='ltr'><strong>de</strong></span> <span class='ocrx_word' id='word_1_738' title='bbox 382 5066 520 5135; x_wconf 79' lang='lat' dir='ltr'><strong>Qeourup.</strong></span> <span class='ocrx_word' id='word_1_739' title='bbox 547 5011 667 5131; x_wconf 76' lang='lat' dir='ltr'><strong>lisetets,</strong></span> <span class='ocrx_word' id='word_1_740' title='bbox 694 5064 743 5119; x_wconf 93' lang='lat' dir='ltr'><strong>lib.</strong></span> <span class='ocrx_word' id='word_1_741' title='bbox 770 5083 790 5132; x_wconf 90' lang='grc' dir='ltr'><strong>ι,</strong></span> <span class='ocrx_word' id='word_1_742' title='bbox 816 5081 879 5136; x_wconf 86' lang='lat' dir='ltr'><strong>cup.</strong></span> <span class='ocrx_word' id='word_1_743' title='bbox 905 5067 949 5132; x_wconf 90' lang='grc'><strong>33,</strong></span> <span class='ocrx_word' id='word_1_744' title='bbox 974 5066 1006 5121; x_wconf 84' lang='lat' dir='ltr'><strong>de</strong></span> <span class='ocrx_word' id='word_1_745' title='bbox 1060 5066 1110 5122; x_wconf 88' lang='lat' dir='ltr'><strong>sed</strong></span> <span class='ocrx_word' id='word_1_746' title='bbox 1125 5065 1189 5136; x_wconf 90' lang='lat' dir='ltr'><strong>ipse</strong></span> <span class='ocrx_word' id='word_1_747' title='bbox 1204 5066 1311 5122; x_wconf 85' lang='lat' dir='ltr'><strong>Paulus</strong></span> <span class='ocrx_word' id='word_1_748' title='bbox 1337 5070 1493 5139; x_wconf 81' lang='lat' dir='ltr'><strong>proconsul</strong></span> <span class='ocrx_word' id='word_1_749' title='bbox 1517 5075 1652 5126; x_wconf 81' lang='lat' dir='ltr'><strong>narratur</strong></span> <span class='ocrx_word' id='word_1_750' title='bbox 1674 5085 1832 5125; x_wconf 88' lang='lat' dir='ltr'><strong>conversos</strong></span> <span class='ocrx_word' id='word_1_751' title='bbox 1847 5069 1883 5125; x_wconf 87' lang='lat' dir='ltr'><strong>ab</strong></span> 
     </span>
     <span class='ocr_line' id='line_1_72' title="bbox 142 5137 1882 5210; baseline -0.002 -10"><span class='ocrx_word' id='word_1_752' title='bbox 142 5142 367 5208; x_wconf 77' lang='lat' dir='ltr'><strong>Rlez&#39;noceinte,</strong></span> <span class='ocrx_word' id='word_1_753' title='bbox 385 5154 450 5210; x_wconf 87' lang='lat' dir='ltr'><strong>png.</strong></span> <span class='ocrx_word' id='word_1_754' title='bbox 466 5137 519 5190; x_wconf 80' lang='lat'><strong>878</strong></span> <span class='ocrx_word' id='word_1_755' title='bbox 532 5141 560 5190; x_wconf 91' lang='lat' dir='ltr'><strong>et</strong></span> <span class='ocrx_word' id='word_1_756' title='bbox 574 5138 636 5190; x_wconf 73' lang='grc'><strong>838.</strong></span> <span class='ocrx_word' id='word_1_757' title='bbox 1061 5137 1210 5209; x_wconf 78' lang='lat' dir='ltr'><strong>Apostolo.</strong></span> <span class='ocrx_word' id='word_1_758' title='bbox 1229 5138 1394 5210; x_wconf 80' lang='lat' dir='ltr'><strong>Excipimas</strong></span> <span class='ocrx_word' id='word_1_759' title='bbox 1418 5145 1516 5196; x_wconf 89' lang='lat' dir='ltr'><strong>tamon</strong></span> <span class='ocrx_word' id='word_1_760' title='bbox 1541 5141 1703 5198; x_wconf 88' lang='lat' dir='ltr'><strong>versionem</strong></span> <span class='ocrx_word' id='word_1_761' title='bbox 1716 5141 1882 5199; x_wconf 65' lang='lat' dir='ltr'><strong>Arabicam.</strong></span> 
     </span>
    </p>

    <p class='ocr_par' dir='ltr' id='par_1_9' title="bbox 132 5205 1887 5779">
     <span class='ocr_line' id='line_1_73' title="bbox 194 5205 1883 5296; baseline 0.002 -31"><span class='ocrx_word' id='word_1_762' title='bbox 194 5213 271 5284; x_wconf 81' lang='grc'>(32)</span> <span class='ocrx_word' id='word_1_763' title='bbox 288 5211 454 5274; x_wconf 65' lang='lat' dir='ltr'><strong>lucernulae,</strong></span> <span class='ocrx_word' id='word_1_764' title='bbox 472 5208 499 5262; x_wconf 88' lang='lat' dir='ltr'><strong>id</strong></span> <span class='ocrx_word' id='word_1_765' title='bbox 517 5211 570 5273; x_wconf 78' lang='lat' dir='ltr'><strong>est,</strong></span> <span class='ocrx_word' id='word_1_766' title='bbox 587 5206 642 5261; x_wconf 82' lang='lat' dir='ltr'><strong>iiim</strong></span> <span class='ocrx_word' id='word_1_767' title='bbox 660 5205 878 5278; x_wconf 77' lang='lat' dir='ltr'><strong>mulieresque.</strong></span> <span class='ocrx_word' id='word_1_768' title='bbox 903 5207 1006 5264; x_wconf 85' lang='lat' dir='ltr'><strong>choros</strong></span> <span class='ocrx_word' id='word_1_769' title='bbox 1062 5209 1092 5262; x_wconf 90' lang='lat' dir='ltr'><strong>lu</strong></span> <span class='ocrx_word' id='word_1_770' title='bbox 1118 5209 1171 5264; x_wconf 87' lang='lat' dir='ltr'><strong>hnc</strong></span> <span class='ocrx_word' id='word_1_771' title='bbox 1196 5210 1341 5281; x_wconf 80' lang='lat' dir='ltr'><strong>siquidem</strong></span> <span class='ocrx_word' id='word_1_772' title='bbox 1365 5216 1463 5280; x_wconf 87' lang='lat' dir='ltr'><strong>aperte</strong></span> <span class='ocrx_word' id='word_1_773' title='bbox 1486 5213 1550 5267; x_wconf 77' lang='lat' dir='ltr'><strong>dure</strong></span> <span class='ocrx_word' id='word_1_774' title='bbox 1574 5229 1704 5284; x_wconf 76' lang='lat' dir='ltr'><strong>personae</strong></span> <span class='ocrx_word' id='word_1_775' title='bbox 1728 5229 1762 5268; x_wconf 86' lang='lat' dir='ltr'><strong>ex</strong></span> <span class='ocrx_word' id='word_1_776' title='bbox 1784 5211 1883 5296; x_wconf 85' lang='lat' dir='ltr'><strong>Sergio</strong></span> 
     </span>
     <span class='ocr_line' id='line_1_74' title="bbox 138 5277 1884 5356; baseline -0.001 -14"><span class='ocrx_word' id='word_1_777' title='bbox 138 5287 324 5342; x_wconf 80' lang='lat' dir='ltr'><strong>ducentes</strong></span> <span class='ocrx_word' id='word_1_778' title='bbox 336 5281 424 5336; x_wconf 88' lang='lat' dir='ltr'><strong>David</strong></span> <span class='ocrx_word' id='word_1_779' title='bbox 442 5297 476 5333; x_wconf 84' lang='lat' dir='ltr'><strong>rx</strong></span> <span class='ocrx_word' id='word_1_780' title='bbox 488 5277 563 5334; x_wconf 89' lang='lat' dir='ltr'><strong>bello</strong></span> <span class='ocrx_word' id='word_1_781' title='bbox 589 5282 654 5350; x_wconf 90' lang='lat' dir='ltr'><strong>post</strong></span> <span class='ocrx_word' id='word_1_782' title='bbox 678 5278 805 5332; x_wconf 88' lang='lat' dir='ltr'><strong>occisum</strong></span> <span class='ocrx_word' id='word_1_783' title='bbox 830 5277 944 5333; x_wconf 85' lang='lat' dir='ltr'><strong>Geliath</strong></span> <span class='ocrx_word' id='word_1_784' title='bbox 962 5297 1005 5334; x_wconf 89' lang='lat' dir='ltr'><strong>re·</strong></span> <span class='ocrx_word' id='word_1_785' title='bbox 1062 5280 1150 5336; x_wconf 89' lang='lat' dir='ltr'><strong>Paulo</strong></span> <span class='ocrx_word' id='word_1_786' title='bbox 1166 5282 1394 5350; x_wconf 76' lang='lat' dir='ltr'><strong>constituantur,</strong></span> <span class='ocrx_word' id='word_1_787' title='bbox 1418 5283 1465 5336; x_wconf 90' lang='lat' dir='ltr'><strong>ubi</strong></span> <span class='ocrx_word' id='word_1_788' title='bbox 1491 5283 1654 5339; x_wconf 81' lang='lat' dir='ltr'><strong>secundnm</strong></span> <span class='ocrx_word' id='word_1_789' title='bbox 1669 5284 1801 5340; x_wconf 83' lang='lat' dir='ltr'><strong>Latinam</strong></span> <span class='ocrx_word' id='word_1_790' title='bbox 1820 5299 1884 5356; x_wconf 72' lang='lat' dir='ltr'><strong>ejus</strong></span> 
     </span>
     <span class='ocr_line' id='line_1_75' title="bbox 137 5349 1886 5428; baseline -0.001 -16"><span class='ocrx_word' id='word_1_791' title='bbox 137 5353 304 5412; x_wconf 76' lang='lat' dir='ltr'><strong>vertenti</strong></span> <span class='ocrx_word' id='word_1_792' title='bbox 330 5355 528 5417; x_wconf 87' lang='lat' dir='ltr'><strong>occurrerunt,</strong></span> <span class='ocrx_word' id='word_1_793' title='bbox 555 5353 587 5404; x_wconf 91' lang='lat' dir='ltr'><strong>nt</strong></span> <span class='ocrx_word' id='word_1_794' title='bbox 611 5349 736 5405; x_wconf 84' lang='lat' dir='ltr'><strong>hebetur</strong></span> <span class='ocrx_word' id='word_1_795' title='bbox 762 5351 770 5404; x_wconf 96' lang='lat' dir='ltr'><strong>l</strong></span> <span class='ocrx_word' id='word_1_796' title='bbox 796 5350 864 5421; x_wconf 81' lang='lat' dir='ltr'><strong>ch.</strong></span> <span class='ocrx_word' id='word_1_797' title='bbox 885 5367 965 5418; x_wconf 82' lang='lat' dir='ltr'><strong>xvur,</strong></span> <span class='ocrx_word' id='word_1_798' title='bbox 989 5353 1007 5406; x_wconf 81' lang='grc'><strong>6</strong></span> <span class='ocrx_word' id='word_1_799' title='bbox 1061 5351 1330 5423; x_wconf 83' lang='lat' dir='ltr'><strong>interpretationem</strong></span> <span class='ocrx_word' id='word_1_800' title='bbox 1346 5350 1525 5422; x_wconf 86' lang='lat' dir='ltr'><strong>itolegimus</strong></span> <span class='ocrx_word' id='word_1_801' title='bbox 1542 5371 1549 5410; x_wconf 80' lang='lat' dir='ltr'><strong>t</strong></span> <span class='ocrx_word' id='word_1_802' title='bbox 1568 5356 1621 5424; x_wconf 84' lang='lat' dir='ltr'><strong>Qui</strong></span> <span class='ocrx_word' id='word_1_803' title='bbox 1635 5357 1753 5428; x_wconf 90' lang='lat' dir='ltr'><strong>(nempe</strong></span> <span class='ocrx_word' id='word_1_804' title='bbox 1777 5355 1886 5412; x_wconf 81' lang='lat' dir='ltr'><strong>Elimas</strong></span> 
     </span>
     <span class='ocr_line' id='line_1_76' title="bbox 135 5423 1883 5494; baseline 0.008 -25"><span class='ocrx_word' id='word_1_805' title='bbox 135 5438 179 5487; x_wconf 58' lang='grc' dir='ltr'><strong>ει</strong></span> <span class='ocrx_word' id='word_1_806' title='bbox 203 5429 241 5480; x_wconf 84' lang='grc'><strong>7,</strong></span> <span class='ocrx_word' id='word_1_807' title='bbox 1063 5425 1176 5494; x_wconf 74' lang='lat' dir='ltr'><strong>iringus)</strong></span> <span class='ocrx_word' id='word_1_808' title='bbox 1202 5429 1261 5477; x_wconf 82' lang='lat' dir='ltr'><strong>erut</strong></span> <span class='ocrx_word' id='word_1_809' title='bbox 1285 5423 1359 5494; x_wconf 71' lang='lat' dir='ltr'><strong>oprtet</strong></span> <span class='ocrx_word' id='word_1_810' title='bbox 1380 5426 1508 5494; x_wconf 66' lang='lat' dir='ltr'><strong>Sergium</strong></span> <span class='ocrx_word' id='word_1_811' title='bbox 1533 5427 1674 5482; x_wconf 81' lang='lat' dir='ltr'><strong>tritonum</strong></span> <span class='ocrx_word' id='word_1_812' title='bbox 1700 5443 1763 5483; x_wconf 79' lang='lat' dir='ltr'><strong>mm</strong></span> <span class='ocrx_word' id='word_1_813' title='bbox 1785 5427 1883 5492; x_wconf 78' lang='lat' dir='ltr'><strong>Ponto,</strong></span> 
     </span>
     <span class='ocr_line' id='line_1_77' title="bbox 1061 5493 1884 5570; baseline 0.007 -22"><span class='ocrx_word' id='word_1_814' title='bbox 1061 5497 1119 5550; x_wconf 75' lang='lat' dir='ltr'><strong>rire</strong></span> <span class='ocrx_word' id='word_1_815' title='bbox 1134 5493 1274 5565; x_wconf 71' lang='lat' dir='ltr'><strong>prule-nte.</strong></span> <span class='ocrx_word' id='word_1_816' title='bbox 1292 5493 1371 5558; x_wconf 88' lang='lat' dir='ltr'><strong>Quod</strong></span> <span class='ocrx_word' id='word_1_817' title='bbox 1386 5511 1456 5550; x_wconf 89' lang='lat' dir='ltr'><strong>sone</strong></span> <span class='ocrx_word' id='word_1_818' title='bbox 1471 5495 1586 5554; x_wconf 89' lang='lat' dir='ltr'><strong>lectioni</strong></span> <span class='ocrx_word' id='word_1_819' title='bbox 1603 5499 1766 5570; x_wconf 88' lang='lat' dir='ltr'><strong>priscorum</strong></span> <span class='ocrx_word' id='word_1_820' title='bbox 1781 5498 1884 5555; x_wconf 88' lang='lat' dir='ltr'><strong>editio-</strong></span> 
     </span>
     <span class='ocr_line' id='line_1_78' title="bbox 133 5562 1887 5635; baseline 0.005 -17"><span class='ocrx_word' id='word_1_821' title='bbox 133 5577 177 5627; x_wconf 62' lang='grc' dir='ltr'><strong>ει</strong></span> <span class='ocrx_word' id='word_1_822' title='bbox 225 5566 286 5624; x_wconf 82' lang='lat' dir='ltr'><strong>alii</strong></span> <span class='ocrx_word' id='word_1_823' title='bbox 320 5582 391 5621; x_wconf 89' lang='lat' dir='ltr'><strong>mss.</strong></span> <span class='ocrx_word' id='word_1_824' title='bbox 421 5562 548 5619; x_wconf 89' lang='lat' dir='ltr'><strong>melioris</strong></span> <span class='ocrx_word' id='word_1_825' title='bbox 576 5567 662 5630; x_wconf 78' lang='lat' dir='ltr'><strong>noim,</strong></span> <span class='ocrx_word' id='word_1_826' title='bbox 698 5564 746 5634; x_wconf 82' lang='lat' dir='ltr'><strong>qui</strong></span> <span class='ocrx_word' id='word_1_827' title='bbox 775 5579 805 5618; x_wconf 86' lang='lat' dir='ltr'><strong>eo</strong></span> <span class='ocrx_word' id='word_1_828' title='bbox 840 5565 1004 5635; x_wconf 75' lang='lat' dir='ltr'><strong>disputante,</strong></span> <span class='ocrx_word' id='word_1_829' title='bbox 1062 5566 1887 5635; x_wconf 71' lang='lat' dir='ltr'><strong>nu1ns.nor·cpotcst,sidicomusSor&#39;omiltumox</strong></span> 
     </span>
     <span class='ocr_line' id='line_1_79' title="bbox 132 5634 1885 5716; baseline 0 -20"><span class='ocrx_word' id='word_1_830' title='bbox 132 5643 246 5698; x_wconf 78' lang='lat' dir='ltr'><strong>sicut</strong></span> <span class='ocrx_word' id='word_1_831' title='bbox 266 5639 375 5706; x_wconf 72' lang='lat' dir='ltr'><strong>leuatus</strong></span> <span class='ocrx_word' id='word_1_832' title='bbox 393 5636 477 5690; x_wconf 81' lang='lat' dir='ltr'><strong>t’ontz&#39;</strong></span> <span class='ocrx_word' id='word_1_833' title='bbox 497 5634 679 5707; x_wconf 80' lang='lat' dir='ltr'><strong>proconsulis,</strong></span> <span class='ocrx_word' id='word_1_834' title='bbox 696 5641 721 5690; x_wconf 88' lang='lat' dir='ltr'><strong>et</strong></span> <span class='ocrx_word' id='word_1_835' title='bbox 737 5635 849 5688; x_wconf 80' lang='lat' dir='ltr'><strong>Publius·</strong></span> <span class='ocrx_word' id='word_1_836' title='bbox 868 5639 1005 5708; x_wconf 77' lang='lat' dir='ltr'><strong>prriierps,</strong></span> <span class='ocrx_word' id='word_1_837' title='bbox 1062 5636 1192 5692; x_wconf 76' lang='lat' dir='ltr'><strong>versione</strong></span> <span class='ocrx_word' id='word_1_838' title='bbox 1217 5635 1340 5692; x_wconf 77' lang='lat' dir='ltr'><strong>Arabica</strong></span> <span class='ocrx_word' id='word_1_839' title='bbox 1355 5637 1506 5695; x_wconf 88' lang='lat' dir='ltr'><strong>tribunam</strong></span> <span class='ocrx_word' id='word_1_840' title='bbox 1530 5643 1567 5697; x_wconf 92' lang='lat' dir='ltr'><strong>ab</strong></span> <span class='ocrx_word' id='word_1_841' title='bbox 1590 5643 1642 5700; x_wconf 78' lang='lat' dir='ltr'><strong>Am</strong></span> <span class='ocrx_word' id='word_1_842' title='bbox 1666 5643 1885 5716; x_wconf 85' lang='lat' dir='ltr'><strong>rosiolegutam</strong></span> 
     </span>
     <span class='ocr_line' id='line_1_80' title="bbox 135 5705 1581 5779; baseline 0.002 -13"><span class='ocrx_word' id='word_1_843' title='bbox 135 5719 225 5770; x_wconf 79' lang='lat' dir='ltr'><strong>etc.</strong></span> <span class='ocrx_word' id='word_1_844' title='bbox 248 5710 323 5774; x_wconf 75' lang='lat' dir='ltr'><strong>Qaze</strong></span> <span class='ocrx_word' id='word_1_845' title='bbox 339 5711 436 5763; x_wconf 87' lang='lat' dir='ltr'><strong>tamen</strong></span> <span class='ocrx_word' id='word_1_846' title='bbox 454 5705 539 5763; x_wconf 88' lang='lat' dir='ltr'><strong>lectio</strong></span> <span class='ocrx_word' id='word_1_847' title='bbox 554 5705 578 5761; x_wconf 89' lang='lat' dir='ltr'><strong>si</strong></span> <span class='ocrx_word' id='word_1_848' title='bbox 596 5721 661 5761; x_wconf 84' lang='lat' dir='ltr'><strong>vere</strong></span> <span class='ocrx_word' id='word_1_849' title='bbox 676 5710 761 5771; x_wconf 89' lang='lat' dir='ltr'><strong>esset,</strong></span> <span class='ocrx_word' id='word_1_850' title='bbox 778 5711 912 5763; x_wconf 83' lang='lat' dir='ltr'><strong>sanctam</strong></span> <span class='ocrx_word' id='word_1_851' title='bbox 939 5709 1006 5765; x_wconf 89' lang='lat' dir='ltr'><strong>doc·</strong></span> <span class='ocrx_word' id='word_1_852' title='bbox 1065 5707 1146 5764; x_wconf 89' lang='lat' dir='ltr'><strong>Pnuli</strong></span> <span class='ocrx_word' id='word_1_853' title='bbox 1161 5706 1343 5779; x_wconf 87' lang='lat' dir='ltr'><strong>proconsulis</strong></span> <span class='ocrx_word' id='word_1_854' title='bbox 1356 5707 1466 5766; x_wconf 86' lang='lat' dir='ltr'><strong>dictum</strong></span> <span class='ocrx_word' id='word_1_855' title='bbox 1481 5711 1581 5771; x_wconf 85' lang='lat' dir='ltr'><strong>fuisse.</strong></span> 
     </span>
    </p>
   </div>
   <div class='ocr_carea' id='block_1_9' title="bbox 191 5492 1004 5570">
    <p class='ocr_par' dir='ltr' id='par_1_10' title="bbox 191 5492 1004 5570">
     <span class='ocr_line' id='line_1_81' title="bbox 191 5492 1004 5570; baseline -0.002 -19"><span class='ocrx_word' id='word_1_856' title='bbox 191 5495 271 5570; x_wconf 81' lang='grc'>(33)</span> <span class='ocrx_word' id='word_1_857' title='bbox 290 5494 336 5551; x_wconf 87' lang='lat' dir='ltr'><strong>Sic</strong></span> <span class='ocrx_word' id='word_1_858' title='bbox 351 5493 420 5549; x_wconf 88' lang='lat' dir='ltr'><strong>edit.</strong></span> <span class='ocrx_word' id='word_1_859' title='bbox 436 5493 519 5548; x_wconf 85' lang='lat' dir='ltr'><strong>ltom.</strong></span> <span class='ocrx_word' id='word_1_860' title='bbox 545 5496 574 5547; x_wconf 90' lang='lat' dir='ltr'><strong>et</strong></span> <span class='ocrx_word' id='word_1_861' title='bbox 591 5493 716 5562; x_wconf 80' lang='lat' dir='ltr'><strong>quatuor</strong></span> <span class='ocrx_word' id='word_1_862' title='bbox 740 5493 851 5546; x_wconf 67' lang='lat' dir='ltr'><strong>mssutt</strong></span> <span class='ocrx_word' id='word_1_863' title='bbox 866 5492 934 5547; x_wconf 89' lang='lat' dir='ltr'><strong>edit.</strong></span> <span class='ocrx_word' id='word_1_864' title='bbox 950 5497 1004 5550; x_wconf 88' lang='lat' dir='ltr'><strong>vet.</strong></span> 
     </span>
    </p>
   </div>
   <div class='ocr_carea' id='block_1_10' title="bbox 0 0 2084 6184">
    <p class='ocr_par' dir='ltr' id='par_1_11' title="bbox 0 0 2084 6184">
     <span class='ocr_line' id='line_1_82' title="bbox 0 0 2084 6184; baseline 0 5"><span class='ocrx_word' id='word_1_865' title='bbox 0 0 2084 6184; x_wconf 95' lang='lat' dir='ltr'><strong> </strong></span> 
     </span>
    </p>
   </div>
  </div>
 </body>
</html>
