4159 6184
256 339 320 413 aet
986 334 1019 403 S.
1041 330 1228 403 aenaeae
1870 340 1915 405 til

260 472 429 533 innocentia
450 474 547 533 cordis
575 472 621 533 sui
654 471 735 531 nullo
764 489 820 531 usu
850 471 972 530 terrenis
1000 470 1079 527 vitiis
1093 468 1122 535 Α
1135 468 1269 527 osculum
1285 468 1415 527 adheret
1428 468 1528 529 anima
1543 468 1602 528 lleo
1612 466 1717 537 Verbo,
1731 483 1779 542 per
1791 470 1859 543 qnod
1874 472 1918 529 sibi

259 566 427 627 misceatur,
462 568 550 635 atquo
583 561 866 635 irreprehensibilem
895 562 970 615 virm
1004 560 1078 615 inol—
1133 558 1352 616 transfunditur
1385 557 1700 631 spiritusosculantis:
1728 557 1799 613 sicut
1822 558 1921 616 ademit

259 653 344 710 t'euso
359 655 466 710 mentis
480 657 579 723 carpat
595 652 714 721 vestigio
739 668 791 705 nec
814 651 907 707 ullum
936 649 1032 706 locum
1049 650 1079 704 in
1134 646 1184 717 qai
1199 663 1230 702 se
1244 646 1428 711 osculantur,
1445 662 1503 703 non
1516 650 1587 703 sunt
1600 645 1741 715 labiorum
1751 646 1921 716 prelibatione

261 758 293 798 se
308 743 419 815 apariat
434 739 622 812 corruptioni.
1134 735 1272 803 contenti,
1289 736 1338 791 sed
1356 735 1497 806 spiritum
1514 752 1602 791 suurn
1612 735 1669 791 sibi
1681 733 1797 790 invicem
1810 735 1923 791 edentur

295 832 323 886 7.
339 830 423 887 Malis
438 832 500 886 erat
514 830 594 884 Isaac
609 844 676 883 curn
692 828 850 884 Rebeccam
878 826 1080 883 advenientem
1133 822 1296 880 infundere.

155 959 157 965 ·
260 922 447 989 exspectaret,
464 932 633 988 preparans
648 933 679 973 se
693 914 804 987 copule
825 914 960 987 spiritali.
976 914 1080 969 Venie-
1169 912 1196 966 9.
1213 912 1377 969 Ostendens
1403 912 1504 985 itaque
1527 928 1586 969 nou
1614 911 1678 969 sola
1702 912 1820 985 speciem
1844 911 1924 977 Verbi,

260 1004 403 1061 batonim
418 1006 478 1075 iam
495 1004 661 1061 caelestibus
676 1005 776 1060 dotata
791 1004 956 1075 mysteriis:
984 1003 1080 1059 venie·
1135 1004 1164 1055 et
1190 997 1306 1057 vultum
1335 1001 1504 1073 quomdam,
1534 1000 1585 1057 sed
1613 1000 1713 1056 omnia
1738 999 1926 1068 ajusintericra

259 1092 539 1164 batmagnasecum
555 1096 726 1147 ornamenta
753 1092 870 1148 numum
895 1096 924 1147 et
939 1106 1081 1146 manuum
1135 1086 1255 1159 diligere
1284 1089 1429 1161 adjungit,
1460 1090 1497 1145 ad
1529 1088 1697 1146 osculorum
1728 1088 1928 1159 gratiam:Qute

261 1178 426 1241 larens;eo
441 1181 516 1251 quod
535 1180 636 1236 auditu
653 1184 682 1235 et
709 1180 845 1251 operibus
870 1179 1005 1236 emineat.
1029 1180 1081 1234 lic-
1136 1176 1597 1249 boae.inquit,eberetaeceper
1631 1180 1727 1233 einum
1749 1184 1774 1232 et
1802 1176 1859 1232 eder
1885 1192 1928 1230 ea·

261 1266 356 1324 clesie
372 1266 568 1339 pulchritudo,
584 1268 630 1323 cui
646 1269 846 1324 rectedictnm
877 1268 1079 1323 advertimus:
1134 1272 1297 1333 eameram
1310 1269 1421 1322 tecnam
1435 1282 1517 1339 seper
1538 1268 1633 1323 omnic
1663 1272 1787 1322 mamete
1817 1264 1896 1333 (cent.
1909 1280 1926 1329 1,

260 1356 365 1413 Eiteia
391 1356 482 1410 miliia
510 1357 641 1421 millium,
673 1364 700 1411 et
734 1371 824 1411 semea
845 1360 924 1411 teum
946 1356 1083 1427 possideat
1137 1353 1215 1418 1,2).
1232 1351 1433 1409 lllacsculum
1460 1354 1603 1427 poposcit,
1627 1353 1705 1410 Deus
1725 1351 1845 1408 Verbum
1866 1366 1893 1405 se
1908 1348 1929 1405 ei

261 1443 482 1500 adversariorum
507 1446 631 1500 civitatee
660 1443 736 1516 (aaa.
764 1461 838 1509 xxiv,
875 1446 932 1514 60).
973 1443 1083 1499 Decora
1135 1443 1214 1497 totus
1230 1440 1368 1507 infundit,
1385 1447 1414 1497 et
1428 1442 1549 1498 nudavit
1573 1442 1599 1498 ei
1629 1442 1720 1498 ubam
1742 1456 1803 1507 sus,
1825 1439 1930 1501 bocest,

260 1530 352 1605 igitur
370 1531 500 1597 ecclesia,
528 1549 591 1605 que
620 1549 654 1589 ex
682 1532 809 1589 inimicis
836 1532 972 1605 gentibus
1005 1529 1082 1586 filios
1135 1528 1274 1597 dogmata
1289 1546 1353 1598 sua,
1370 1535 1398 1586 et
1412 1530 1559 1587 interioris
1569 1530 1720 1601 sapientie
1731 1526 1897 1599 disciplinas,
1908 1530 1929 1580 et

263 1619 427 1691 acquisivit.
461 1619 516 1675 Sed
549 1624 646 1693 potest
678 1620 733 1675 hoc
765 1621 853 1675 etiam
886 1620 921 1674 sd
952 1618 1082 1673 animam
1136 1621 1354 1686 unguentorum
1389 1634 1512 1675 suorum
1544 1617 1623 1673 dulci
1670 1618 1758 1675 odore
1804 1612 1930 1685 fragravit.

262 1707 394 1781 deputari
419 1724 482 1780 que
514 1708 666 1778 passiones
699 1709 828 1779 corporis
860 1707 981 1779 subigit,
1003 1706 1082 1762 etad
1136 1703 1248 1770 Quibus
1287 1709 1381 1778 capta,
1420 1705 1492 1762 dicit
1521 1707 1688 1763 uberiorem
1720 1720 1784 1762 asse
1810 1700 1930 1775 jucundi-

262 1796 404 1853 virtutum
420 1795 517 1851 atticis
531 1796 683 1862 convertit,
699 1800 954 1867 repugnantesque
984 1798 1083 1850 motus
1098 1826 1122 1891 B
1137 1794 1226 1848 tatem
1248 1792 1352 1849 divine
1377 1794 1563 1866 cognitionis,
1590 1810 1682 1867 quam
1705 1791 1831 1849 letitiam
1851 1788 1931 1846 omnis

263 1883 320 1941 sibi
335 1884 503 1941 obedientes
518 1884 595 1941 889
619 1884 717 1940 eflicit.
745 1886 818 1955 Ergo
847 1884 890 1940 vel
915 1883 1083 1939 animaPa·
1138 1895 1281 1952 corporee
1296 1881 1465 1954 voluptatis.
1494 1882 1612 1954 Aspirat
1635 1878 1860 1938 eniminVerbo
1877 1876 1935 1932 odor

263 1972 396 2029 triorche
410 1973 512 2028 videns
527 1973 701 2045 mysterium
714 1972 832 2041 Christi,
847 1973 950 2027 videus
973 1971 1084 2027 Rebec-
1138 1969 1248 2039 gratie,
1263 1973 1293 2025 et
1305 1970 1441 2026 remissio
1456 1975 1654 2043 peccatorum,
1671 1986 1736 2042 que
1750 1969 1779 2023 in
1793 1972 1879 2023 totum
1890 1962 1935 2018 eit-

263 2074 328 2116 cam
360 2060 524 2116 venientem
545 2077 611 2116 curu
644 2061 722 2116 vasis
755 2061 852 2117 aureis
879 2063 908 2116 ot
927 2059 1083 2130 argenteis,
1138 2055 1370 2122 lusamuadum,
1391 2060 1492 2116 omnia
1510 2062 1651 2131 tanquam
1676 2056 1821 2113 exinanite
1835 2050 1935 2125 replevit

263 2150 404 2219 tanquam
420 2146 578 2203 Ecclesiam
590 2165 656 2204 cum
672 2148 780 2222 populo
794 2150 959 2213 nationum,
981 2147 1085 2202 mirata
1139 2149 1308 2215 unguento,
1324 2147 1394 2217 quia
1425 2163 1476 2219 per
1508 2147 1661 2204 universos
1695 2146 1790 2219 gravis
1818 2142 1935 2198 vitiorum

265 2234 515 2308 pulchritudinem
543 2236 640 2304 Verbi,
657 2240 685 2293 et
721 2240 972 2293 sacramentorum
1020 2236 1085 2305 ejus
1137 2231 1277 2288 colluvies
1291 2234 1406 2291 detersa
1415 2238 1469 2291 est.

265 2322 354 2378 dicit:
394 2322 536 2379 esceenr
564 2340 608 2380 me
640 2326 674 2381 eb
688 2326 787 2380 arcetis
806 2326 862 2380 eris
880 2324 1028 2394 anismam,
1062 2340 1083 2391 r,
1175 2321 1402 2392 inerepare,
1430 2322 1537 2394 inquit,
1566 2322 1775 2379 adolescentie
1804 2320 1940 2375 diluerunt

265 2410 303 2481 1).
320 2410 371 2467 Vel
387 2411 516 2467 Rebecca
540 2412 642 2468 videns
656 2429 756 2468 verum
774 2414 864 2478 lssac,
893 2428 995 2471 verum
1011 2411 1084 2468 illud
1139 2413 1174 2465 te.
1191 2410 1303 2464 Attente
1331 2425 1391 2479 aes,
1424 2415 1455 2466 et
1467 2410 1650 2483 posteriorem
1674 2413 1871 2483 unquentorum
1891 2414 1940 2460 tue·

264 2498 417 2571 madium,
432 2515 529 2555 veram
545 2498 687 2568 letitiam,
703 2501 851 2557 desiderat
866 2499 1000 2557 osculari.
1138 2513 1202 2552 rem
1224 2513 1367 2553 careamus
1387 2498 1467 2569 (leid.
1494 2501 1512 2554 2
1534 2506 1562 2555 et
1584 2499 1623 2570 3).
1649 2500 1733 2555 Bona
1755 2496 1868 2569 quidem
1885 2506 1940 2564 pro·

300 2584 327 2640 8.
353 2588 465 2641 Primus
490 2590 594 2645 anime
620 2604 768 2659 processus,
798 2588 871 2655 Quid
901 2593 946 2645 est
973 2588 1083 2661 igitur:
1139 2583 1313 2649 dontia,sed
1328 2585 1644 2644 dulciamiesricordis.
1673 2588 1756 2644 lllam
1783 2586 1856 2642 cuim
1870 2576 1940 2654 pauci

266 2674 408 2731 Oeeeleter
421 2690 465 2730 me
478 2676 512 2730 ob
545 2678 644 2731 ecmelis
671 2679 727 2733 oric
755 2678 825 2733 sei‘l
854 2677 1026 2734 Considerat
1040 2676 1085 2733 vel
1139 2680 1348 2744 assequuntur,
1376 2674 1437 2730 hec
1465 2676 1501 2731 ad
1531 2691 1633 2732 omnes
1663 2676 1805 2748 pervenit.
1839 2672 1941 2739 Propter

264 2760 423 2817 Ecclesiam
449 2762 565 2831 Jamdiu
595 2764 739 2835 promisso
766 2764 822 2820 sibi
851 2781 903 2836 per
927 2764 1086 2837 Prophetas
1139 2760 1226 2825 hanc,
1241 2760 1348 2833 inquit,
1363 2762 1577 2833 indulgentiam
1589 2764 1764 2821 lwtuam
1792 2757 1941 2832 diligente

265 2848 417 2904 Dominico
432 2850 568 2918 adventu,
584 2866 636 2921 per
650 2855 783 2923 tempora
797 2851 891 2908 multa
899 2868 1084 2924 suspensam,
1140 2848 1242 2904 anime
1258 2854 1402 2907 renovatae
1415 2852 1532 2922 spiritu.
1550 2852 1633 2909 Unde
1648 2858 1678 2908 at
1692 2854 1729 2909 ad
1745 2850 1869 2909 enimam
1881 2841 1942 2900 dici·

265 2933 311 2991 vol
326 2933 465 3003 enimam,
480 2953 544 3010 quoa
559 2936 675 2994 elevans
690 2955 721 2994 se
750 2955 767 2995 a
795 2956 925 3011 corpore,
941 2940 1086 2996 abdicatis
1139 2939 1208 2993 tur:
1225 2938 1488 2995 meebdersieet
1501 2940 1605 3012 alique
1628 2941 1761 3010 jevenas
1788 2941 1836 2993 tec
1866 2930 1941 3006 (Ptol.

268 3019 499 3095 luxuriemque
527 3023 650 3091 deliciis,
678 3024 936 3099 voluptatibusque
960 3026 1085 3083 carnali·
1139 3041 1187 3091 cn,
1213 3025 1252 3097 5).
1282 3026 1325 3081 ad
1352 3026 1482 3082 animam
1509 3027 1589 3084 enim
1616 3026 1804 3100 loquebatur,
1833 3025 1941 3081 dicens:

267 3109 333 3175 bus,
349 3114 435 3167 exuta
454 3111 782 3184 quequesollicitudine
806 3114 989 3171 secularium
1005 3113 1086 3170 vani·
1140 3113 1265 3181 benedic,
1281 3115 1465 3180 animoniae,
1496 3116 1645 3171 Dominum
1675 3114 1755 3187 (leid.
1785 3114 1811 3169 l.
1839 3112 1871 3168 aa
1888 3111 1941 3165 ideo

267 3200 373 3262 tatum,
384 3198 447 3269 jam
462 3200 575 3256 dudum
591 3200 768 3257 inlusionem
783 3202 839 3258 sibi
849 3203 951 3259 divine
962 3184 1123 3274 presan-C
1142 3200 1259 3256 festinat
1273 3202 1308 3256 ad
1324 3202 1463 3266 Verbum,
1493 3208 1522 3258 ot
1546 3206 1631 3275 rogat
1656 3210 1691 3259 ut
1717 3202 1885 3266 attrahatur,
1916 3214 1944 3253 ne

268 3284 326 3349 tie,
341 3290 371 3342 et
384 3286 508 3360 gratiam
536 3288 623 3345 Verbi
647 3289 786 3347 salutaris
812 3296 937 3363 exoptet,
958 3307 1088 3347 comme·
1142 3288 1215 3343 sorte
1229 3290 1471 3362 derelinquatur;
1496 3290 1566 3364 quia
1593 3292 1690 3347 currit
1704 3291 1756 3347 Dei
1783 3288 1944 3353 verbumst

269 3372 361 3429 cerari
394 3375 471 3444 quod
504 3392 568 3434 sere
605 3377 712 3443 veniat,
749 3383 778 3434 et
816 3380 924 3451 afiligi:
963 3379 1087 3450 ideoque
1142 3393 1200 3432 non
1215 3381 1259 3433 est
1272 3376 1437 3450 alligatum.
1453 3378 1584 3451 Denique
1598 3379 1732 3437 exsultat
1760 3384 1893 3451 tanquam
1910 3376 1944 3446 gi·

271 3460 355 3532 qussi
371 3460 551 3519 vulneratam
564 3464 713 3533 charitate,
730 3483 797 3523 cum
811 3482 909 3523 moras
933 3468 996 3539 ejus
1012 3467 1087 3523 terre
1141 3479 1194 3537 gas
1207 3481 1241 3520 ac
1253 3467 1427 3522 currendam
1441 3466 1529 3523 viam
1545 3468 1581 3523 llt
1602 3469 1677 3540 quis
1704 3484 1841 3542 egressus
1860 3466 1944 3532 ajuss

270 3563 329 3603 non
344 3549 448 3619 possit,
461 3566 630 3608 conversam
646 3553 681 3609 ad
696 3554 812 3611 Patrem
828 3570 938 3625 rogare,
964 3560 995 3610 ut
1019 3555 1086 3611 mit·
1141 3568 1258 3609 summo
1272 3553 1355 3621 celo,
1371 3559 1400 3610 st
1414 3571 1554 3612 occursus
1568 3556 1634 3628 ejus
1651 3556 1798 3630 usquead
1813 3567 1946 3613 summum

266 3636 489 3693 tatsibiileum
517 3640 660 3707 Verbum;
696 3646 724 3697 et
756 3659 875 3699 causam
902 3660 960 3715 que
988 3643 1084 3699 sitite
1139 3640 1376 3710 ejus,vidensse
1404 3643 1546 3716 imparem
1568 3648 1657 3700 tante
1688 3644 1832 3701 velocitati
1860 3642 1944 3698 dicit:

264 3720 422 3795 impatiens
448 3725 604 3795 declarare,
628 3728 793 3786 dicentem:
823 3731 965 3787 Oseeleter
992 3731 1083 3786 meet
1139 3729 1323 3787 Attrelaenea.
1339 3726 1683 3804 Benssnimaquenon
1700 3750 1754 3807 pro
1769 3749 1801 3790 se
1823 3726 1945 3797 sola,sed

262 3812 362 3867 ascetis
377 3814 500 3869 aristei.
530 3815 592 3872 Non
614 3833 707 3873 unum
736 3817 870 3873 osculum
895 3819 1007 3889 querit,
1029 3820 1080 3875 sed
1138 3836 1190 3891 pro
1218 3819 1356 3875 omnibus
1384 3824 1478 3892 roget,
1507 3821 1630 3886 attrahe,
1661 3820 1771 3894 inquit,
1800 3818 1947 3875 neallabe

260 3896 346 3969 plura
360 3899 461 3956 oscula
476 3906 508 3956 ut
523 3902 701 3959 desiderium
727 3921 814 3960 suum
842 3905 935 3976 possit
953 3906 1096 3978 explere.'
1137 3924 1204 3963 mus
1219 3906 1298 3963 enim
1313 3906 1504 3979 cupiditatem
1533 3910 1690 3979 sequendi,
1719 3920 1945 3982 quamuuguen·

259 3986 419 4051 Queenim
436 3986 542 4062 diligit,
559 3996 674 4046 nonest
699 3992 788 4047 unius
815 3991 907 4050 osculi
937 3994 1079 4065 parcitate
1135 3996 1505 4067 torumtooruminspirat
1532 3997 1646 4069 gratis:
1678 3998 1732 4054 sed
1763 3997 1833 4071 quia
1854 4008 1946 4051 cursus

257 4077 414 4131 contenta:
429 4076 480 4131 sed
496 4076 580 4146 plura
596 4078 694 4151 exigit,
711 4079 797 4152 plura
822 4080 970 4150 vindicut;
995 4089 1024 4138 et
1038 4084 1080 4139 its
1133 4086 1200 4139 tuos
1214 4098 1328 4153 equare
1343 4100 1402 4139 nou
1415 4100 1584 4155 possumus,
1600 4088 1719 4142 attrahe
1735 4102 1799 4149 nos,
1828 4088 1860 4140 ut
1873 4081 1944 4137 suxi·

258 4176 290 4216 se
304 4160 431 4233 amplius
446 4163 551 4220 dilecto
571 4167 775 4222 commendare
801 4170 961 4226 consuevit.
987 4170 1077 4227 Dani·
1133 4168 1172 4225 lio
1185 4176 1237 4226 tuo
1253 4170 1329 4225 t‘ulte
1345 4172 1476 4243 vestigiis
1490 4173 1549 4229 tuis
1578 4174 1734 4245 possimus
1759 4173 1899 4230 insistere.
1920 4166 1946 4223 Si

258 4247 425 4319 queillain
454 4252 606 4325 Evangelio
634 4254 677 4309 sic
706 4257 828 4326 probata
855 4262 909 4321 est,
937 4258 1003 4331 qaia
1018 4276 1074 4315 nen
1131 4259 1210 4314 enirn
1224 4264 1257 4314 tu
1271 4259 1434 4326 attraxeris,
1450 4276 1603 4317 curremus
1617 4267 1647 4317 et
1663 4277 1731 4330 nos,
1759 4268 1788 4318 et
1815 4256 1945 4333 spiritalia

257 4338 372 4392 cessavit
398 4337 504 4411 inquit,
529 4342 650 4397 osculari
685 4344 765 4414 peden
800 4360 917 4400 areos...
956 4356 981 4402 et
1014 4348 1074 4404 ideo
1130 4345 1290 4403 velocitatis
1305 4346 1397 4403 llsbrs
1411 4350 1572 4419 capiemus.
1587 4349 1756 4421 Deponitur
1769 4352 1847 4407 enim
1861 4346 1944 4404 sarci-

256 4422 371 4478 remtase
384 4434 449 4479 eant
460 4429 487 4481 ei
500 4436 607 4497 peccate
621 4432 719 4498 metm,
735 4433 800 4503 quic
826 4432 929 4488 ditexit
957 4436 1076 4491 meltum
1131 4435 1289 4506 nequibas
1304 4436 1583 4492 manustuslulcro
1612 4440 1669 4506 est,
1701 4442 1732 4494 et
1747 4438 1844 4495 oleum
1871 4441 1943 4490 tuum

256 4508 333 4579 (lec.
362 4526 411 4577 vri,
442 4514 486 4579 45,
515 4520 540 4569 et
568 4516 623 4577 47).
651 4518 1569 4606 llrgoetheconimaosculaDinluuditur,quocurstusest
1597 4524 1647 4581 ille
1677 4527 1731 4599 qui
1761 4522 1944 4582 slatroaibus

255 4594 341 4653 Verbi
370 4597 462 4655 multo
500 4602 655 4669 desiderat,
695 4610 727 4660 ut
758 4605 942 4664 illuminetur
966 4610 1072 4667 divine
1130 4608 1299 4666 vulneratus
1338 4617 1392 4666 est.
1421 4614 1461 4667 Ac
1489 4628 1526 4668 ne
1553 4612 1717 4686 impudens
1743 4614 1796 4671 tibi
1823 4613 1945 4669 videatur

252 4685 435 4757 cognationis
450 4685 572 4744 lumine.
589 4690 647 4746 Hoc
662 4694 796 4749 estenim
812 4696 946 4752 osculum
971 4697 1069 4766 Verbi,
1127 4699 1204 4769 quod
1219 4698 1277 4754 sit:
1292 4700 1405 4754 Attrelw
1419 4701 1718 4765 eec,audidicentem
1731 4720 1739 4759 ε
1752 4700 1943 4761 emendet,

251 4771 352 4829 lumen
368 4773 479 4831 scilicet
493 4776 666 4849 cognitionis
694 4797 792 4837 sacre.
822 4783 1070 4842 Osculaturenim
1124 4789 1279 4858 omnesqui
1294 4788 1435 4852 inderetis,
1464 4796 1490 4843 et
1518 4792 1630 4846 caerae
1658 4794 1738 4861 atis,
1768 4802 1796 4848 et
1822 4806 1869 4862 eea
1903 4802 1943 4841 eet

251 4878 304 4959 nos
319 4861 397 4918 Deus
412 4864 550 4932 Verbum,
566 4867 684 4937 quando
699 4885 749 4924 cor
762 4874 906 4937 nostrum,
923 4879 951 4929 et
970 4872 1068 4946 ipsum
1124 4875 1501 4947 reficiornlMattt.xr,28).
1531 4876 1620 4935 Vides
1649 4881 1732 4953 quod
1764 4879 1886 4937 libenter
1898 4892 1943 4931 nos

247 4949 408 5047 principale
441 4950 569 5009 hominis
602 4953 708 5026 spiritu
752 4956 854 5013 divine
894 4962 1069 5034 cognitionis
1122 4963 1260 5029 attrahat,
1273 4980 1309 5019 ne
1323 4980 1530 5021 remaneamus
1542 4974 1713 5038 sequentes.
1740 4970 1797 5025 Sed
1824 4966 1873 5039 qui
1886 4962 1941 5021 vult

226 5035 404 5131 'illuminat
432 5055 489 5111 quo
512 5042 612 5097 anima
640 5043 748 5099 donata
774 5046 924 5103 charitatis
945 5050 1067 5122 pignore
1122 5050 1239 5117 attrahi,
1270 5054 1368 5106 currat
1397 5057 1429 5106 ut
1456 5054 1707 5124 comprehendat:
1731 5062 1761 5115 et
1790 5058 1942 5113 curratsu·

246 5125 382 5197 nuptiali,
397 5126 462 5184 leta
477 5132 564 5203 atque
580 5146 669 5187 ovans
685 5132 772 5188 dicit:
790 5140 822 5189 oa
849 5152 939 5193 eseam
957 5142 1066 5209 eperat,
1121 5140 1217 5211 perior
1232 5138 1417 5210 obliviscens,
1433 5145 1507 5197 elea
1518 5158 1583 5214 que
1597 5148 1669 5199 sunt
1680 5147 1782 5216 priora
1792 5148 1941 5219 appetens:

245 5213 272 5264 et
284 5212 356 5309 deci
369 5216 497 5313 apisitem
516 5216 603 5289 (Psoi,
631 5234 728 5286 cxvrn,
759 5220 831 5293 iil).
861 5222 1001 5282 Osculum
1022 5231 1067 5282 est
1120 5227 1255 5284 siceuim
1283 5227 1389 5299 poterit
1410 5228 1548 5287 Christus
1571 5232 1841 5305 comprehendere.
1869 5228 1942 5289 Unde

246 5310 324 5396 emat
339 5314 396 5399 quio
411 5303 534 5361 invicem
547 5310 680 5363 amantes
696 5308 755 5364 sibi
771 5308 931 5377 adherent,
944 5315 971 5367 et
987 5312 1066 5370 velut
1118 5320 1147 5372 et
1160 5314 1317 5388 Apostolus
1332 5316 1391 5372 ait:
1407 5316 1453 5374 Sic
1466 5320 1585 5388 cerrita
1612 5328 1643 5375 et
1659 5337 1757 5379 omnes
1771 5324 1813 5395 (9)
1827 5335 1941 5392 compre-

246 5387 347 5456 gratre
374 5390 520 5447 anterioris
548 5394 690 5451 suavitate
720 5396 881 5468 potiuntur.
917 5399 970 5455 Per
1008 5400 1063 5457 hec
1118 5402 1280 5475 tenacitati
1305 5404 1369 5469 Cer,
1397 5422 1434 5473 rx,
1462 5408 1520 5476 24).
1551 5406 1619 5463 Vult
1647 5413 1680 5465 et
1707 5411 1769 5467 ists
1805 5410 1843 5467 ad
1879 5409 1940 5464 bra·

280 5596 319 5669 (tl)
352 5598 425 5655 uait.
459 5618 492 5665 ao
525 5604 609 5674 penei
643 5622 727 5677 mes,
749 5614 778 5664 et
810 5613 1062 5685 comprehendisse
1083 5616 1132 5676 alii
1147 5616 1246 5691 plures
1261 5618 1489 5692 potioresquc,et
1501 5638 1594 5681 amaea
1608 5624 1856 5698 comprehendetis.
