4159 6184
247 324 305 387 683

979 326 1009 387 S.
1034 321 1221 386 nuuauslt
1868 332 1915 391 bill

247 456 334 530 culpa
348 458 401 511 est.
420 454 481 511 Non
499 458 561 511 erat
586 455 615 511 in
643 460 785 529 potestate
812 456 917 513 servuli
947 460 980 513 ut
1013 473 1070 512 non
1087 462 1113 525 Α
1128 456 1252 530 neglecti
1269 456 1356 512 officii
1373 456 1462 512 etiam
1478 472 1495 510 a
1513 452 1738 511 domiuocavcre
1750 456 1857 516 debebat
1879 466 1916 517 ot-

246 544 410 613 vidorctur:
441 544 567 601 maritus
597 545 698 601 debuit
725 562 826 602 cnvere
853 545 954 603 oculos
994 562 1068 602 uxo-

245 632 285 688 ris
300 632 370 705 (22).
391 632 421 689 Si
435 632 484 689 illa
499 633 572 690 nibil
588 634 710 691 timebat
728 635 763 691 de
778 635 912 709 conjuge,
942 634 1067 691 arbitra·

244 719 333 777 batur
359 718 414 777 iste
442 722 644 779 testimonium
674 740 737 779 esse
778 722 967 791 castimonie,
1011 741 1068 780 non

245 808 448 867 remissionem
478 810 597 867 incuriae
623 812 690 884 (23).
722 812 843 869 Discunt
875 816 973 869 tamen
1015 812 1069 867 viri

245 914 346 956 cavera
361 898 448 955 etiam
459 900 558 957 oculos
573 900 760 958 feminarum.
777 902 959 958 Adamantur
990 902 1069 958 enim

245 991 273 1044 et
291 986 343 1061 qui
367 987 471 1043 nolunt
486 989 588 1045 amari.
606 990 736 1063 Denique
769 991 922 1048 adamatus
949 994 993 1048 est
1020 991 1070 1047 lo·

246 1075 329 1149 saph,
346 1075 396 1148 qui
413 1082 560 1134 amantem
573 1082 780 1135 contemneret.
792 1081 827 1135 llt
837 1080 909 1136 bene
924 1080 1071 1136 excusavit

246 1179 314 1221 eum
338 1163 490 1237 Scriptura
514 1166 633 1223 dicens:
664 1191 678 1218 ιι
709 1168 837 1224 immisit
865 1168 964 1226 oculos
1000 1185 1072 1225 uxor

1125 545 1255 601 tensam:
1272 544 1362 601 simul
1377 545 1474 601 adbuc
1490 542 1644 609 sermonis,
1670 560 1728 599 non
1758 548 1918 619 comprehen-

1125 634 1217 689 sionis
1233 634 1355 706 putabat
1375 633 1540 689 audaciam.

1158 725 1203 778 25.
1221 723 1383 779 Excusatur
1401 722 1478 795 quod
1500 722 1653 797 ingressus
1681 725 1744 777 est:
1769 724 1920 795 predicetur

1124 812 1200 883 quod
1216 811 1334 885 elapsus
1352 815 1396 867 est
1410 812 1477 883 (21),
1499 826 1552 866 nec
1568 809 1661 883 pluris
1686 810 1751 866 tecit
1772 813 1921 871 vestimenta

1125 901 1265 973 corporis,
1282 916 1370 973 quam
1386 899 1477 956 animi
1497 898 1712 955 castimoniam.
1736 899 1855 973 Reliquit
1867 906 1920 958 ton-

1125 1006 1213 1062 quam
1230 1006 1287 1044 non
1303 1006 1368 1056 sua,
1384 1006 1447 1062 qua
1468 987 1601 1045 adultera
1622 988 1684 1044 suis
1709 988 1837 1045 munibus
1862 991 1922 1046 deti·

1126 1077 1234 1134 nebat:
1250 1081 1278 1132 et
1301 1076 1397 1133 aliena
1416 1076 1571 1148 judicavit,
1597 1092 1660 1148 quae
1687 1079 1764 1133 tactu
1790 1076 1923 1149 impudica

1125 1170 1281 1239 potuerant
1297 1164 1516 1238 comprehendi.
1540 1165 1663 1237 Magnus
1686 1170 1781 1220 tamen
1810 1165 1858 1232 vir,
1884 1166 1923 1239 qui

246 1251 359 1308 domini
390 1254 455 1325 ejus
488 1255 517 1310 in
547 1255 655 1329 loseph
684 1256 760 1329 (Gen.
789 1274 885 1329 xxxix,
911 1259 951 1331 7),
979 1280 992 1307 v
1016 1258 1072 1314 hoc
1124 1253 1689 1326 venditasservilenescivitingenium,
1713 1252 1858 1309 adamatus
1876 1272 1924 1310 non

247 1348 301 1409 est,
318 1342 455 1415 nonipse
480 1344 556 1401 m
587 1362 617 1400 se
647 1346 815 1413 ostentavit,
845 1362 897 1401 nec
922 1346 999 1419 cepit
1027 1346 1071 1400 in·
1127 1343 1296 1408 redamavit,
1318 1347 1437 1415 rogatus
1462 1358 1520 1399 non
1538 1341 1695 1415 acquievit,
1720 1341 1926 1413 comprehensus

245 1434 360 1487 cautam
379 1433 452 1493 :sed
467 1432 517 1489 illa
532 1434 605 1489 retia
620 1451 674 1491 sua
690 1435 780 1501 misit,
810 1440 838 1490 et
864 1435 1001 1507 indagine
1026 1434 1071 1489 sui
1126 1432 1250 1504 aufugit.
1272 1431 1326 1497 Qui
1348 1447 1416 1486 cum
1436 1431 1473 1486 ab
1491 1445 1579 1485 uxore
1601 1429 1711 1485 domini
1735 1430 1926 1494 conveniretur,

245 1524 331 1593 capta
355 1524 409 1576 est.
442 1522 574 1593 Laqueus
600 1540 669 1579 suos
700 1522 816 1596 sparsit,
847 1528 874 1579 et
899 1524 961 1579 suis
988 1523 1073 1579 bresit
1126 1518 1546 1593 tenerivestepotuit,animo
1566 1518 1631 1591 capi
1655 1518 1878 1591 nonpotuit:oc
1898 1534 1927 1573 ue

244 1607 380 1664 vinculis.
1127 1610 1190 1680 ipso
1205 1608 1323 1679 quidem
1339 1609 1427 1663 verba
1441 1609 1490 1662 diu
1502 1624 1618 1679 passus,
1634 1605 1929 1680 contagiumjudicavit

279 1699 323 1754 23.
342 1696 532 1755 uiritantem
563 1699 626 1756 llli:
655 1701 784 1756 «Dormi
810 1717 924 1756 mecum
950 1700 1071 1771 (1111).»
1127 1699 1151 1753 si
1171 1693 1930 1769 diutiusmoraretur:neperrnanusadulteralibi·

245 1784 341 1841 Prima
375 1786 513 1843 adultere
542 1788 693 1844 oculorum
732 1788 787 1844 tela
824 1794 902 1855 sunt,
944 1790 1072 1845 secunda
1126 1788 1203 1843 dinis
1229 1786 1375 1842 incentive
1402 1785 1570 1841 transirent.
1597 1786 1697 1857 ltaque
1725 1788 1830 1840 vestam
1855 1784 1928 1844 exuit,

244 1872 409 1931 verborum.
427 1875 482 1930 Sed
501 1876 550 1948 qui
567 1892 622 1931 nnn
640 1877 754 1949 capitur
768 1876 869 1943 nmilia,
895 1882 988 1950 potest
1006 1895 1070 1932 ver-
1126 1877 1235 1931 crimen
1250 1875 1388 1939 excussit,
1414 1879 1443 1930 ct
1459 1874 1567 1931 relictis
1583 1874 1692 1946 quibus
1706 1872 1861 1941 tenebatur,
1876 1888 1931 1927 exu-

245 1962 289 2017 bis
313 1963 458 2018 resistere.
478 1964 612 2037 Suppetit
635 1964 775 2024 detonsio.
801 1965 849 2021 ubi
876 1966 970 2022 adhuc
999 1964 1073 2021 liber
1126 1965 1191 2031 viis,
1205 1963 1349 2037 spoliatus
1365 1964 1492 2033 quidem,
1506 1964 1557 2019 sed
1573 1979 1631 2018 non
1647 1963 1746 2018 nudus
1761 1960 1874 2034 aufugit,
1888 1960 1930 2031 qui

245 2050 366 2106 allectus
391 2056 444 2106 est.
477 2051 543 2108 ldco
573 2052 714 2125 scriptum
744 2058 788 2108 ost
812 2052 880 2125 quia
904 2053 952 2109 ille
979 2053 1074 2111 noluit
1126 2058 1188 2108 erat
1217 2051 1318 2107 tectior
1346 2051 1518 2108 indumento
1549 2052 1625 2108 m
1661 2050 1791 2124 pudoris.
1813 2050 1870 2106 Non
1897 2052 1933 2103 est

245 2138 378 2211 (11118).
405 2139 535 2195 Primum
556 2139 646 2212 igilur
667 2141 871 2211 conpressione
898 2141 1005 2198 mentis
1020 2160 1071 2198 su·
1127 2140 1205 2198 enim
1222 2142 1328 2209 nudus,
1346 2141 1401 2196 nisi
1418 2156 1505 2212 quem
1519 2138 1605 2212 culpa
1637 2139 1798 2195 nudaverit.
1820 2138 1931 2209 Denique

246 2231 368 2300 peravil‚
383 2233 523 2301 tanquam
541 2234 624 2285 scuto
636 2229 725 2285 animi
742 2232 899 2286 irruentem
917 2231 1071 2303 repellens:

247 2315 351 2371 deinde
367 2332 532 2373 sermonem
549 2323 691 2391 tanquam
708 2318 822 2374 baalam
838 2320 969 2385 vibravit,
984 2325 1015 2375 ut
1041 2338 1072 2377 sc

247 2404 298 2460 illa
318 2410 472 2461 revocaret.
485 2430 498 2455 a
516 2407 548 2461 llt
563 2407 635 2462 dixit
650 2409 730 2463 uxori
748 2408 857 2463 domini
879 2409 923 2463 sui
953 2398 1072 2481 (1111).»

248 2492 335 2549 Recto
351 2510 422 2549 uxor
436 2494 558 2561 domini,
575 2512 632 2550 non
649 2496 713 2567 ipsu
729 2497 847 2552 domina
873 2497 981 2553 dicitur
1008 2516 1073 2569 quae

247 2597 303 2638 non
322 2583 417 2655 potuit
433 2588 605 2655 extorquere
622 2586 698 2656 qnod
723 2584 813 2641 voluit
828 2586 981 2658 imperare.
999 2587 1073 2641 Nam

246 2670 392 2744 quomodo
420 2671 540 2727 domina
574 2690 637 2744 quae
676 2674 847 2730 dominandi
873 2675 1074 2731 nonhabebat

246 2758 393 2823 ellectum.
410 2778 474 2834 quac
491 2762 678 2835 disciplinam
694 2764 819 2819 domine
848 2781 906 2820 non
944 2765 1071 2832 tenebat,

246 2865 310 2921 qua
343 2849 466 2905 servulis
486 2850 618 2907 libidinis
643 2851 789 2907 incentiva
817 2853 999 2925 praestabat?
1022 2853 1073 2910 Ille

246 2936 385 2993 dominus
401 2937 451 3009 qui
468 2938 594 2993 amantis
611 2956 668 2993 non
680 2940 792 3011 excepit
808 2940 896 3009 laces,
927 2942 975 3013 qui
993 2940 1072 2997 leno·

1128 2230 1157 2285 in
1171 2228 1371 2303 superioribus
1388 2229 1531 2285 babemus
1546 2229 1623 2301 quod
1640 2230 1745 2293 Adam,
1762 2231 1932 2300 posteaquam

1130 2318 1178 2374 boi
1199 2318 1338 2373 mandata
1352 2318 1589 2391 praevaricatione
1617 2316 1759 2386 deseruit,
1789 2319 1818 2372 et
1842 2312 1935 2388 peccati

1129 2408 1298 2480 gravisrera
1326 2407 1479 2473 contruxit,
1504 2408 1601 2462 nuilus
1626 2412 1711 2462 erat.
1743 2405 1861 2461 Undoet
1885 2403 1935 2474 ipse

1130 2496 1187 2552 ait:
1207 2496 1340 2550 «Vocem
1362 2502 1443 2551 tuam
1461 2496 1558 2551 audivi
1585 2496 1614 2549 in
1645 2495 1792 2567 paradiso,
1808 2498 1835 2549 et
1855 2491 1936 2554 timui,

1129 2585 1198 2657 qnia
1218 2586 1315 2640 nudus
1331 2602 1410 2652 suin,
1425 2588 1453 2639 et
1467 2584 1608 2639 abscondi
1626 2600 1674 2639 me
1698 2586 1775 2655 (Gen.
1800 2599 1838 2649 ιιι,
1853 2580 1900 2651 llil.
1924 2600 1935 2624 a

1129 2672 1274 2729 Intellexit
1289 2675 1366 2727 enini
1383 2690 1413 2727 se
1428 2689 1492 2727 usse
1508 2673 1632 2738 nudum,
1650 2674 1701 2745 qui
1730 2670 1836 2727 iutulas
1849 2668 1935 2724 diviua

1128 2759 1315 2834 protectionis
1331 2762 1480 2817 amiserat.
1498 2760 1531 2815 Et
1546 2761 1610 2816 ideo
1629 2760 1750 2828 latebat,
1767 2758 1833 2832 quia
1845 2760 1937 2813 vestem

1128 2850 1193 2905 tldei
1211 2866 1266 2905 non
1284 2850 1420 2915 babebat,
1432 2866 1521 2921 quam
1552 2849 1657 2921 utique
1683 2846 1889 2921 prevaricando
1901 2844 1938 2897 de·

1129 2939 1235 3012 posuit.
1254 2939 1389 3012 lingnam
1411 2954 1472 2993 rem
1496 2938 1586 2994 vides.
1610 2937 1663 2993 llle
1689 2938 1789 2993 nudus
1813 2938 1870 2992 crat
1894 2930 1937 3003 qui

247 3024 373 3082 cinantis
396 3025 492 3081 vincla
525 3030 583 3081 non
613 3027 715 3093 sensit,
745 3045 830 3100 quem
861 3028 942 3084 nulla
971 3030 1073 3087 mortis
1126 3026 1257 3082 tunicum
1285 3026 1476 3082 nonamisit:
1500 3026 1554 3081 iste
1574 3021 1938 3094 nudusnoneratquive-

248 3112 372 3169 formido
388 3115 543 3187 perterruit
564 3114 614 3187 qui
630 3116 735 3171 maluit
752 3115 825 3172 libor
839 3118 972 3174 orimin's
987 3119 1073 3187 mori,
1129 3113 1275 3171 stimentia
1291 3132 1323 3170 se
1337 3114 1426 3181 exuit,
1444 3130 1507 3186 quor
1524 3114 1553 3168 in
1569 3114 1712 3170 manibus
1727 3108 1937 3168 adulterasdere·

248 3219 336 3275 quam
368 3203 502 3275 potentia
544 3203 708 3260 criminosae
741 3204 847 3279 eligere
880 3208 1070 3265 consortium.
1090 3192 1111 3258 G
1130 3203 1224 3275 liquit.
1250 3203 1356 3259 Eadem
1381 3202 1533 3275 Scriptura
1562 3202 1650 3258 illum
1675 3190 1790 3258 nudum
1818 3194 1936 3259 asseruit,

249 3290 299 3348 llla
321 3291 405 3361 liber,
431 3291 480 3365 qui
506 3294 590 3364 turpe
620 3293 743 3349 credidit
762 3295 854 3350 vicem
876 3295 976 3368 gratiae
1013 3313 1071 3352 non
1126 3292 1205 3347 hunc
1230 3291 1343 3347 abnuit.
1374 3292 1409 3346 ut
1432 3292 1497 3346 ideo
1518 3290 1573 3345 iste
1595 3290 1773 3363 exspoliavit
1799 3302 1829 3343 se
1856 3282 1938 3357 potius

248 3381 365 3437 reterre.
382 3380 513 3451 Dedique
529 3397 584 3435 non
603 3386 635 3435 ut
650 3380 839 3438 meticulosus
859 3387 989 3455 excusat,
1020 3400 1073 3439 nec
1127 3397 1216 3453 quarn
1232 3380 1364 3447 nudavit,
1376 3380 1424 3451 qui
1442 3379 1612 3451 incorrupta
1626 3379 1774 3434 virtutum
1788 3376 1942 3433 vestimenta

251 3474 392 3541 tanquam
420 3469 556 3539 perieulis
581 3468 703 3525 timidus
726 3476 825 3528 cavet:
851 3473 902 3527 sed
931 3479 1073 3545 tanquam
1128 3470 1270 3539 servabat,
1286 3467 1452 3541 exspolians
1466 3484 1496 3523 se
1510 3472 1638 3523 veterem
1650 3457 1945 3555 bominemcumacil.

249 3549 1945 3635 mmmwffimmmmaemmmeommmmmmmwmfflmwmmmh

249 3643 359 3702 crimen
375 3644 493 3719 ingrati,
510 3646 676 3719 peccatique
691 3646 786 3704 labem
806 3657 834 3705 et
858 3649 948 3721 culpor
977 3656 1074 3707 conta·
1128 3645 1396 3701 nemCreatorisin
1414 3645 1563 3719 agnitione
1587 3649 1757 3701 renovatur.
1788 3642 1837 3698 ille
1859 3643 1941 3694 autem

250 3734 332 3808 gium
362 3734 446 3807 quasi
466 3736 566 3805 justus
590 3736 742 3791 horrescit.
767 3736 895 3793 Tertium
925 3739 1073 3809 spiculum
1129 3735 1226 3790 nudus
1237 3735 1387 3799 remansit,
1404 3735 1454 3806 qni
1471 3750 1503 3790 se
1518 3733 1626 3790 iterum
1652 3733 1761 3790 vestire
1783 3723 1943 3801 nonpotuit,

249 3822 382 3879 adultera
417 3823 617 3893 interpellandi
647 3825 819 3881 assiduitate
843 3826 994 3883 vibrabat:
1021 3828 1072 3884 aed
1128 3820 1270 3895 singulari
1294 3821 1387 3894 spolio
1410 3822 1528 3878 virtutis
1551 3826 1671 3878 exutus.
1698 3822 1782 3878 Unde
1807 3817 1942 3892 pelliceam

248 3910 355 3983 loseph
371 3926 429 3965 non
447 3910 584 3967 audiebat
599 3929 675 3967 eum.
693 3913 788 3969 Habes
798 3918 863 3984 post
879 3914 973 3987 prima
987 3917 1074 3972 verba
1128 3910 1238 3984 accepit
1249 3911 1398 3979 tunicam;
1414 3912 1485 3982 quia
1500 3914 1637 3983 peccator
1652 3911 1762 3967 babere
1777 3925 1834 3964 nou
1849 3902 1946 3979 polemi

248 3998 442 4070 quidcaveas.
460 4000 522 4054 Non
539 4000 633 4055 solum
651 4000 773 4067 lubrica,
793 4002 843 4057 sed
855 4002 941 4057 etiam
954 4019 1074 4075 procax,
1128 3999 1301 4073 spiritalem.
1319 4000 1448 4071 Reliquit
1474 4000 1564 4073 igitur
1582 4000 1764 4055 vestimenta
1788 3993 1901 4067 loseph,
1921 3992 1945 4043 el

247 4087 427 4160 importuna,
451 4088 588 4159 petulans
618 4094 662 4144 cst
681 4088 781 4157 libido,
800 4107 851 4145 nec
879 4090 967 4147 habet
995 4094 1073 4165 quod
1128 4088 1249 4144 nudavit
1263 4087 1400 4143 adultere
1416 4087 1668 4157 inverecundiam,
1685 4081 1945 4161 quopostealrteu

246 4180 381 4232 vereatur
399 4176 541 4233 adultera.
567 4177 635 4241 Oua
655 4177 811 4249 dispendia
833 4180 954 4251 pudoris
978 4182 1074 4254 prima
1128 4194 1186 4232 non
1209 4176 1312 4249 potuit.
1938 4249 1943 4260 Ι

248 4281 305 4320 non
321 4264 424 4331 doluit,
444 4264 641 4321 insidiaturut
656 4265 761 4338 capiat.
1162 4267 1207 4321 25.
1233 4265 1362 4339 Denique
1391 4265 1479 4321 exivit
1499 4265 1587 4331 toras,
1603 4269 1634 4321 et
1664 4265 1732 4338 ipsa
1753 4256 1885 4319 adulterii
1907 4267 1944 4309 sui

282 4354 326 4407 21.
349 4354 480 4426 Denique
493 4354 581 4410 oflicii
601 4352 647 4410 sui
662 4361 691 4410 et
716 4356 865 4412 commissi
881 4358 1011 4413 muneris
1028 4359 1073 4413 in-
1127 4356 1308 4409 tentamenta
1331 4353 1470 4425 vulgavit,
1497 4353 1629 4409 exaltans
1655 4369 1761 4410 vocem
1785 4364 1889 4413 suam;
1919 4355 1946 4395 ⁰0

246 4456 380 4512 gressum
414 4441 516 4515 gratia,
552 4444 672 4499 remotis
697 4444 814 4499 arbitris
847 4462 879 4500 nc
903 4446 1074 4504 domesticis
1128 4446 1205 4515 quud
1228 4442 1336 4498 relictis
1359 4442 1501 4510 vestibus,
1527 4443 1669 4500 Habreus
1703 4441 1867 4513 aufugerat.
1891 4434 1945 4503 Ipsa

248 4528 327 4599 libid.
358 4532 409 4601 tl),
444 4532 637 4603 apprehendit
677 4548 743 4587 eum
774 4533 889 4589 dicens:
919 4556 934 4585 a
974 4535 1072 4591 Dormi
1089 4531 1816 4623 Digiturquodcelaredebucrat,prodebat:ut
1842 4535 1946 4593 compo·

247 4632 375 4674 mecum.
398 4638 411 4669 ιι
437 4619 598 4676 Excusatur
621 4620 727 4691 loseph
752 4622 907 4693 Scripturas
939 4624 1070 4680 testimo·
1128 4623 1184 4678 sito
1200 4620 1451 4678 criminaledcret
1466 4621 1665 4677 innocentem.
1683 4621 1792 4676 Justus
1807 4620 1946 4672 autemco-

247 4706 306 4773 nio,
341 4705 412 4779 quia
444 4709 636 4764 commissum
668 4709 827 4766 adomino
858 4712 997 4783 nequibat
1021 4714 1071 4769 de·
1126 4710 1410 4777 eusarenonnovit;
1436 4714 1464 4765 et
1488 4710 1552 4766 ideo
1575 4708 1705 4781 impune
1726 4708 1784 4765 hoc
1812 4696 1945 4775 impudica

247 4811 343 4853 serere
358 4796 543 4868 obsequium.
568 4797 631 4853 Non
655 4798 731 4853 enim
758 4799 830 4855 satia
853 4803 899 4855 est
923 4800 1001 4871 quod
1029 4819 1070 4858 se·
1126 4798 1258 4855 faciebat.
1276 4797 1359 4853 Illam
1379 4798 1471 4869 igitur
1489 4814 1556 4854 vcro
1570 4802 1694 4853 exutam
1711 4795 1847 4862 dixerim,
1871 4787 1945 4844 cuam

247 4900 336 4941 curua
361 4884 418 4954 sui,
440 4886 546 4941 domus
571 4885 719 4951 interiora,
742 4888 825 4958 quasi
852 4889 902 4959 qui
926 4890 989 4959 capi
1012 4906 1071 4945 non
1126 4887 1220 4944 aliena
1234 4887 1408 4942 vestimenta
1424 4890 1598 4955 servantem,
1621 4902 1692 4959 quae
1706 4874 1947 4971 omniaamiserat

246 4974 521 5047 posset,ingressus
536 4980 598 5031 est:
612 4977 713 5047 justus
738 4975 838 5031 debuit
862 4977 1011 5048 providere
1035 4996 1071 5034 ne
1124 4975 1270 5032 velamina
1295 4974 1457 5031 castitatis:
1483 4974 1567 5030 illum
1591 4973 1670 5030 satis
1692 4977 1844 5035 ornatum,
1884 4965 1944 5057 88113

246 5061 355 5118 furenti
380 5063 494 5137 copiam
511 5063 602 5131 daret,
619 5068 647 5119 et
661 5064 725 5135 ejus
741 5064 791 5120 illa
806 5070 923 5136 peccato
943 5069 1068 5138 periret:
1125 5066 1289 5129 detonsum,
1305 5064 1390 5135 cujus
1406 5080 1460 5119 vox
1476 5081 1533 5120 nou
1545 5062 1738 5128 audiebatur,
1751 5066 1783 5117 et
1796 5053 1947 5146 innocentia

246 5150 296 5207 sed
312 5150 362 5223 qui
375 5152 521 5209 adversari
534 5152 590 5207 sibi
605 5153 716 5209 domini
747 5153 1069 5225 suividobotuxorenr,
1125 5153 1307 5226 loquebatur.
1325 5153 1372 5207 Sic
1387 5152 1524 5212 Susanna
1539 5154 1643 5225 postea
1658 5152 1734 5207 dum
1747 5152 1822 5205 tacet
1835 5146 1864 5199 in
1874 5138 1945 5211 judi-

283 5292 340 5364 (22)
366 5294 465 5353 trivero
492 5296 581 5352 oculos
615 5298 721 5363 acurio,
756 5313 807 5367 pro
845 5312 944 5353 cavere
977 5296 1070 5353 uculis
1125 5311 1281 5369 quaecum
1306 5311 1378 5350 mas.
1404 5295 1554 5361 omnibus,
1586 5309 1643 5348 non
1681 5292 1870 5372 remissionem
1882 5294 1946 5337 rm·

249 5362 730 5441 uxoris,seucovereuequisad
761 5384 879 5423 uxorem
911 5368 1069 5435 accederet,
1124 5366 1389 5433 rice,hooest,ricn
1408 5364 1611 5422 remissionem
1643 5365 1684 5420 ab
1706 5365 1822 5419 incuria
1848 5352 1944 5428 prof&

248 5434 335 5505 cujus
351 5436 443 5491 torma
457 5437 536 5495 illius
553 5438 652 5495 oculos
666 5437 828 5511 pelliceret:
844 5438 952 5495 locutio
965 5456 1071 5512 parum
1125 5444 1196 5496 tam.
1687 5505 1692 5516 1
1758 5503 1765 5517 ,

248 5504 914 5575 admodumusitata,sedhiceommunimss.
938 5526 971 5567 ae
999 5510 1068 5566 edit.
1160 5508 1533 5581 (2llPostvocemetopaus
1547 5514 1593 5575 cst,
1620 5506 1695 5562 addi
1717 5506 1790 5587 edit.
1820 5490 1945 5582 Rom-⁸⁸

248 5574 389 5649 suffragio
404 5584 525 5637 asserta.
1124 5582 1281 5653 relinquens
1307 5580 1466 5637 uestimento
1480 5581 1511 5637 in
1531 5577 1666 5638 manitus
1694 5592 1758 5649 eyes
1787 5572 1869 5647 suod-
1893 5563 1943 5620 ΝΜ

283 5646 1290 5737 ωωὼωωωωωωψωω
