4159 6184
169 287 211 349 iil
795 288 846 350 DD
867 284 1060 350 ADRAHAM
1082 288 1155 351 LlD.
1178 285 1203 350 1.
1788 289 1850 351 458
1875 347 1879 367 ,

167 435 217 479 cvm
230 418 371 491 Mambre,
388 419 458 493 quia
473 420 600 477 tructam
626 420 833 494 hospitalitatis
857 421 969 477 stolio·
984 420 1011 487 Α
1026 420 1054 474 in
1073 420 1224 493 Derangelin
1250 420 1334 495 legis,
1360 421 1475 479 dicente
1500 422 1624 480 Domino
1638 421 1709 479 lesu
1725 439 1733 479 ε
1749 423 1848 496 lloapeo

165 508 264 567 sissima
275 508 452 580 requirebat.
1022 524 1109 573 eram,
1133 516 1159 565 ο)
1176 510 1324 580 collegistis
1350 527 1427 567 me...
1445 510 1521 580 Quod
1534 513 1610 567 enim
1622 512 1674 567 nni
1685 512 1783 568 boram
1795 512 1849 568 mi·

189 597 226 653 33.
240 597 274 671 Ε)
288 596 444 669 respiciens,
461 596 567 670 inquit,
593 598 969 663 incandescentes
1022 599 1163 653 mimorum
1184 599 1297 669 fecistis,
1323 600 1395 654 miii
1409 600 1522 671 (οοὲοεὶι
1549 600 1659 672 (naon.
1693 617 1759 667 axv,
1775 600 1851 657 een

162 686 533 743 immarcescentem.
561 688 593 742 st
615 702 678 743 enm
700 685 809 742 vidisset
833 686 906 749 titos.
923 700 969 740 aa·
1024 685 1078 755 to).
1096 684 1187 742 Unius
1202 685 1280 742 hore
1295 685 1422 759 hospitio
1452 687 1541 743 vidua
1566 686 1616 744 illa
1636 688 1845 760 quaesuseepit

160 776 233 831 currit
245 774 354 831 civium
369 773 429 831 iltis
444 774 521 845 (Gen.
538 791 618 845 xvrn,
634 775 675 847 2).
695 773 767 831 Vide
783 772 877 847 primo
902 772 970 829 tidei
1025 773 1103 831 206
1122 771 1213 830 liliam
1229 778 1258 829 et
1278 774 1384 847 exiguo
1408 775 1471 831 cibo
1486 774 1575 847 pavit,
1597 780 1769 848 perpetuum
1787 780 1849 840 toto

160 863 329 937 mysterium.
347 864 425 920 Deus
440 861 480 919 illi
497 862 643 937 apparuit,
657 866 687 920 et
705 868 765 919 tres
778 862 898 935 aspexit.
918 860 970 919 Cui
1024 864 1155 932 tempere
1178 860 1265 917 tamis
1291 857 1401 917 invadit
1424 860 1608 929 alimentum,
1633 868 1661 918 et
1685 864 1850 921 mercedem

159 954 223 1009 Deus
237 951 374 1025 refulget,
390 950 563 1010 Trinitatem
576 952 653 1007 videt
666 952 731 1024 (40),
747 968 805 1007 ιιοιι
820 951 884 1007 sine
899 950 970 1007 l'ilio
1025 948 1137 1022 accepit
1151 948 1326 1018 mirabilem,
1344 952 1375 1005 ut
1388 963 1542 1023 nunquam
1567 951 1602 1007 dc
1626 951 1732 1024 hydria
1756 953 1851 1008 lerina

159 1042 259 1099 Patrem
285 1040 420 1113 suscipit.
445 1057 498 1097 nec
523 1040 586 1097 sine
609 1040 718 1115 Spiritu
743 1044 844 1097 saneto
864 1038 970 1095 Filium
1025 1038 1170 1094 deiiceret.
1191 1036 1313 1094 lliiseus
1337 1054 1453 1111 quoque
1477 1039 1606 1096 defuncti
1622 1040 1753 1114 pignoris
1769 1056 1850 1097 resu-

157 1130 312 1185 confitetur.
338 1128 402 1184 Hac
426 1127 496 1185 alibi
526 1128 641 1201 plenius
658 1128 699 1197 (in
714 1127 765 1183 lib.
782 1129 814 1183 do
841 1130 971 1183 Resurre—
1025 1125 1177 1183 scitatione
1192 1127 1310 1195 donata,
1326 1126 1412 1183 solvit
1426 1124 1545 1200 hospitii
1560 1128 1740 1200 pensionem.

155 1218 233 1287 ctione
245 1215 968 1289 cernis).Nuncmoraltspersequendipropositum
1060 1214 1104 1269 36.
1121 1214 1182 1269 Non
1209 1214 1272 1271 sela
1294 1220 1392 1273 tamen
1419 1213 1545 1272 facilitas
1568 1213 1771 1288 susceptionis,
1798 1218 1850 1273 sed

154 1310 191 1363 est
204 1304 269 1361 loni.
296 1304 359 1359 Non
373 1304 485 1361 otiosus
500 1304 590 1373 sedet,
608 1304 658 1377 qni
678 1303 764 1379 louge
779 1303 902 1377 aspicit:
919 1319 971 1363 nee
1025 1303 1112 1359 etiarn
1137 1299 1278 1360 sedulitas
1301 1303 1490 1378 suscipientis
1513 1308 1543 1361 et
1561 1306 1683 1363 attentus
1699 1305 1850 1379 queritur.

153 1392 295 1468 aspexisse
313 1396 477 1459 contentus,
506 1393 637 1449 cucurrit
659 1393 784 1449 obviam.
812 1390 972 1449 Festinavit
1025 1391 1227 1463 Utrumquete
1243 1392 1389 1449 Abrabam
1405 1393 1498 1450 docet.
1515 1393 1652 1450 Cucurrit
1666 1395 1794 1462 obviam,
1808 1411 1851 1450 ro·

152 1497 307 1550 occurrere,
331 1480 401 1553 quia
424 1496 481 1536 non
505 1480 579 1537 satis
602 1485 648 1539 est
679 1486 756 1537 reete
782 1480 887 1548 facere,
913 1478 969 1535 nisi
1027 1480 1105 1553 gavit
1127 1480 1207 1553 prior
1232 1478 1351 1537 dicens:
1368 1480 1489 1550 Domine,
1504 1482 1530 1538 si
1544 1484 1638 1539 inueni
1654 1484 1775 1555 qratiam
1789 1487 1853 1540 ants

152 1571 232 1627 etiam
247 1574 397 1626 maturare
412 1569 468 1642 (ll)
483 1570 559 1642 quod
577 1570 677 1627 iacias.
694 1570 878 1627 Festinanter
891 1568 970 1625 enim
1026 1573 1062 1635 tc,
1076 1584 1111 1624 ne
1137 1570 1308 1641 praeterieris
1335 1584 1444 1626 cererem
1472 1574 1570 1627 tuam:
1591 1579 1716 1628 sumatur
1729 1575 1810 1645 aqna,
1826 1574 1852 1629 ο)

152 1655 324 1715 manducare
349 1656 460 1730 pascha
484 1657 624 1729 lcxjubat
646 1658 741 1728 (exod.
760 1676 810 1727 ιιι,
827 1658 882 1731 11).
895 1656 969 1713 Ube·
1026 1658 1153 1713 iacenter
1179 1655 1262 1730 pedes
1284 1659 1378 1725 vestri,
1407 1662 1434 1714 ct
1459 1660 1619 1731 refrigerate
1631 1660 1681 1716 aab
1695 1661 1792 1718 oriere
1804 1680 1812 1716 ι
1826 1664 1853 1717 ο)

152 1748 235 1804 riores
255 1744 335 1802 enim
361 1747 473 1802 tructus
499 1746 587 1803 habet
607 1746 731 1805 celerata
746 1745 869 1803 devotio.
886 1744 971 1801 Disce
985 1779 1011 1844 B
1025 1762 1134 1802 samam
1159 1762 1271 1818 panem,
1298 1750 1324 1802 ο)
1352 1746 1527 1815 manducate,
1548 1749 1574 1803 et
1599 1753 1660 1821 post
1686 1748 1745 1807 iaec
1758 1752 1852 1805 trena·

153 1852 213 1909 erge
239 1850 329 1909 quum
352 1834 477 1909 impiger
490 1850 554 1893 esse
565 1836 682 1905 debeas,
697 1839 729 1893 ut
753 1835 849 1909 possis
864 1849 970 1908 preve·
1026 1837 1110 1899 ictio,-
1131 1842 1242 1907 propter
1266 1836 1336 1907 qood
1357 1835 1514 1891 declinastis
1539 1836 1575 1892 ed
1598 1852 1707 1893 emnam
1732 1845 1853 1893 vestrum

154 1924 209 1979 nire
221 1922 387 1995 hospitem
413 1924 531 1995 nequis
553 1922 888 1997 preveniat,etteboni
906 1938 970 1977 mu·
1026 1923 1200 1997 (θοιιιιιι,
1229 1922 1297 1991 35).
1327 1925 1399 1981 'lres
1425 1922 1510 1991 vidit,
1525 1929 1554 1981 et
1583 1942 1676 1982 unum
1692 1926 1851 1982 Dominum

153 2012 224 2068 ueris
236 2010 389 2068 defraudet
406 2012 498 2083 copia.
1026 2010 1193 2087 appellavit,
1209 2010 1303 2083 ipsius
1323 2010 1416 2068 soiius
1428 2028 1459 2069 se
1475 2029 1592 2069 servum
1608 2014 1724 2071 latetur.
1742 2013 1852 2071 Deinde

182 2102 225 2156 st.
241 2098 971 2175 Donaasthospitalitas‚habctmerccdemsuam,
1026 2116 1184 2157 conversus
1209 2101 1245 2156 ad
1269 2100 1343 2157 dnos
1367 2117 1442 2173 quos
1467 2102 1617 2159 ministros
1642 2100 1850 2173 arbitrabatur,

152 2186 273 2261 primum
288 2188 425 2245 humanae
440 2188 552 2261 gratiae,
568 2188 685 2257 deinde,
701 2188 777 2261 quod
796 2189 892 2259 majus
917 2190 971 2247 est.
1027 2189 1116 2244 etium
1131 2186 1203 2262 ipsis
1218 2188 1330 2245 deferre
1339 2189 1427 2263 gestit
1437 2189 1621 2263 obsequium,
1634 2192 1698 2263 jem
1715 2206 1772 2247 non
1785 2191 1853 2264 jure

152 2277 392 2337 remunerationis
422 2274 536 2333 divine.
568 2278 675 2334 Omnes
704 2278 732 2332 in
760 2277 815 2333 hee
843 2274 971 2331 incolatu
1028 2278 1124 2334 debito
1139 2277 1289 2333 servitutis
1303 2278 1481 2345 obstructus,
1501 2280 1552 2335 sed
1567 2278 1674 2336 blando
1689 2279 1854 2337 sedulitatis

152 2367 277 2440 hospites
293 2379 418 2433 sumus;
436 2365 471 2421 ad
486 2368 603 2438 tempus
619 2364 697 2422 enim
717 2364 869 2421 habitandi
884 2363 973 2419 baba·
1028 2366 1148 2423 nomiue
1163 2382 1280 2438 usuque
1294 2365 1466 2423 tumulatus.

150 2468 215 2512 mus
228 2454 410 2528 hospitium:
427 2453 610 2529 emigremus
625 2454 922 2527 propere.Caveamirs
938 2466 974 2507 ne
1064 2456 1110 2513 37..
1127 2454 1158 2509 tit
1186 2452 1330 2526 rectinaret
1360 2454 1500 2511 Amabam
1526 2458 1556 2512 in
1581 2454 1791 2515 tabernaculam
1819 2457 1855 2515 ad

149 2542 172 2601 si
185 2562 239 2602 nos
253 2542 319 2601 duri
336 2544 389 2600 aut
400 2540 581 2617 negligentes
597 2542 741 2599 fuerimus
754 2543 783 2597 in
799 2538 974 2614 recipiendis
1029 2542 1139 2609 Soram,
1156 2550 1182 2598 ο)
1201 2542 1274 2597 dicit
1301 2544 1343 2598 ei:
1369 2544 1478 2600 Festino
1505 2548 1532 2601 et
1558 2561 1702 2620 comperce
1715 2555 1769 2609 tras
1777 2562 1854 2604 men·

151 2632 326 2706 hospitibus,
343 2631 431 2689 etiam
455 2631 540 2688 nobis
567 2636 633 2705 post
659 2631 723 2687 vite
749 2630 836 2687 istius
854 2644 974 2685 cursum
1029 2646 1110 2686 sarus
1132 2630 1309 2702 sirititcpinia,
1334 2634 1361 2686 ο)
1382 2636 1428 2703 tac
1450 2633 1635 2690 subcinericia
1653 2635 1733 2705 (ibid.
1748 2635 1787 2707 6).
1801 2634 1854 2691 Bo·

152 2727 320 2779 sanctorum
335 2712 463 2796 hospitia
478 2720 667 2793 denegentur.
680 2720 761 2776 Unde
779 2716 976 2790 ianangelie
1031 2736 1088 2775 nus
1102 2719 1226 2776 maritus
1241 2724 1385 2776 exsortem
1409 2719 1540 2793 religiosi
1554 2722 1686 2779 muneris
1707 2738 1772 2781 esse
1793 2738 1852 2780 aon

150 2810 283 2867 Salvator
300 2807 387 2885 dicit:
411 2810 501 2883 Facite
524 2809 598 2865 vobis
623 2810 722 2864 ammae
735 2808 769 2863 de
783 2808 975 2879 iniqaonmm-
1030 2809 1282 2882 patitnruxorem,
1302 2824 1355 2865 neo
1371 2825 1454 2865 avare
1464 2808 1520 2865 sibi
1536 2814 1631 2867 tetum
1646 2826 1852 2869 munususur-

154 2900 377 2973 mono,qaiaos
396 2898 580 2971 recipientia
604 2906 708 2955 emmo
730 2895 907 2953 tabenaculo
926 2910 977 2951 aaa
1031 2902 1091 2971 pat.
1112 2898 1196 2954 ltacte
1218 2896 1309 2969 igitur
1331 2901 1360 2955 et
1386 2898 1504 2971 pietatis
1527 2902 1556 2955 et
1570 2901 1749 2956 verecundia
1763 2916 1853 2958 cause
1900 2909 1903 2913 “

155 2990 229 3059 (luo.
252 3006 310 3057 xvi,
335 2988 373 3060 9).
399 2986 509 3043 Deinde
533 2987 621 3043 etiam
647 2987 675 3043 in
705 2986 759 3042 bec
778 2999 898 3057 corpere
913 2981 977 3039 sitis
1032 2990 1173 3043 servatur.
1199 2986 1280 3052 Quod
1305 2985 1491 3058 pietatisest,
1517 2986 1580 3044 vult
1594 3002 1853 3049 essecommune:

156 3076 474 3150 pleramqueoboritur
488 3074 692 3148 peregrinandi
711 3073 880 3129 necessitas.
897 3071 977 3139 Quod
1031 3076 1109 3148 quod
1126 3075 1316 3147 pudorisest,
1331 3074 1479 3147 integrum
1503 3080 1603 3133 manet
1621 3076 1709 3133 Sere.
1724 3078 1798 3133 Ante
1811 3081 1856 3133 ta·

157 3180 225 3239 ergo
248 3165 313 3221 eliis
336 3162 497 3237 negaveris,
527 3163 557 3218 id
578 3160 608 3217 in
628 3167 656 3219 tc
681 3162 743 3235 ipse
773 3160 924 3217 decernis:
948 3143 1013 3215 etG
1031 3163 1221 3221 hernaculum
1236 3162 1441 3237 virbospitam
1456 3162 1588 3235 exploret
1602 3165 1762 3223 adventus:
1778 3164 1857 3223 intra

158 3254 235 3325 quod
257 3253 323 3323 aliis
347 3246 496 3320 detuleris,
513 3251 682 3309 eotaiacies
697 3250 820 3324 dignum
831 3249 932 3306 videri.
949 3247 979 3303 Si
1034 3252 1254 3311 tabernaculum
1268 3252 1341 3309 Sara
1361 3253 1585 3310 tuetnrtemine
1597 3254 1816 3319 verecundiam,
1829 3257 1859 3311 st

159 3359 259 3399 omnes
274 3358 339 3400 cam
364 3339 540 3399 senteutiam
568 3356 624 3396 non
651 3338 829 3412 suscipiendi
851 3336 981 3409 hospites
1035 3358 1124 3414 opera
1134 3340 1291 3397 muliebria
1307 3344 1370 3397 tuto
1380 3345 1492 3397 exercet
1502 3341 1623 3414 pudore.
1637 3341 1719 3399 Foris
1734 3343 1860 3407 maritus

159 3436 329 3505 sequentur,
346 3430 396 3487 ubi
425 3429 480 3487 erit
504 3427 620 3501 requies
635 3424 910 3501 peregrinantibus?
926 3426 981 3481 Re·
1035 3429 1149 3497 invitet,
1164 3428 1245 3485 intus
1269 3429 1341 3487 Sara
1362 3430 1527 3486 cnumvium
1541 3430 1674 3489 adornat.
1690 3430 1749 3489 Nec
1762 3429 1859 3495 selum

157 3520 235 3577 lictis
249 3521 339 3593 igitur
360 3518 501 3575 humanis
522 3516 710 3585 habitaculis,
732 3516 917 3589 captabimus
936 3533 981 3573 se·
1036 3516 1396 3592 ipselestinatrtbrabsm,
1412 3518 1563 3575 sedetiam
1575 3519 1775 3579 festinandum
1788 3518 1863 3577 dixit

158 3626 261 3667 cessus
275 3610 413 3675 terarum,
431 3606 590 3663 bestiarum
606 3605 723 3662 cubilia.
1037 3606 1131 3675 uxori,
1146 3604 1256 3662 sociam
1276 3604 1437 3661 devotionis
1463 3607 1633 3675 ostendens,
1659 3624 1712 3664 nea
1728 3608 1785 3665 lida
1799 3606 1862 3663 dis·

190 3698 239 3753 35.
255 3698 310 3753 Sed
326 3695 497 3769 pauperiem
515 3693 682 3767 praetendis.
699 3694 761 3750 Non
776 3710 844 3766 opas
859 3711 875 3750 a
890 3698 918 3749 te
933 3693 983 3751 bo-
1037 3709 1148 3770 parem.
1194 3685 1200 3701 “

155 3802 228 3861 spes
255 3783 387 3858 requirit,
416 3783 468 3841 ssd
497 3782 642 3857 gratiam
663 3799 721 3839 nen
737 3787 873 3839 ornatum
889 3782 984 3839 couvi·
1071 3784 1117 3840 38.
1132 3782 1292 3855 Cmmperqe,
1315 3782 1422 3855 inquit,
1442 3789 1497 3839 tres
1518 3799 1661 3842 mataras
1681 3784 1861 3856 similaginis,

153 3876 250 3941 mum,
266 3875 317 3931 sed
332 3873 431 3929 eibum
448 3872 576 3929 obvium.
597 3872 691 3929 liciter
704 3875 754 3938 est,
770 3871 875 3945 inquit,
890 3873 983 3944 bospi—
1036 3876 1063 3929 et
1085 3874 1129 3944 (οο
1151 3872 1347 3929 subcinericia.
1376 3870 1475 3927 (ireos
1489 3878 1607 3944 emptor«
1631 3872 1781 3939 dicuntur,
1806 3872 1861 3927 boc

153 3966 252 4020 totitas
264 3980 326 4019 cnm
351 3963 471 4017 oleribus
499 3960 534 4017 ad
548 3962 740 4019 omiciticmet
755 3964 885 4031 pretinm,
901 3975 984 4033 qoam
1037 3961 1285 4029 estabscondita;
1301 3976 1334 4015 eo
1353 3960 1431 4032 quod
1455 3959 1544 4017 latere
1572 3960 1675 4017 debeat
1692 3974 1780 4017 omns
1794 3976 1860 4032 my·

152 4056 180 4108 si
194 4054 296 4109 citatos
310 4049 465 4121 aecidasod
486 4052 620 4123 presepia
642 4064 704 4105 eom
718 4050 877 4106 inimicitiis
892 4050 982 4121 (Prae.
1038 4049 1159 4106 sterium
1176 4053 1205 4104 at
1220 4048 1303 4121 qnasi
1332 4048 1436 4121 operiri
1457 4048 1514 4106 ttdo
1529 4047 1646 4105 silentio
1659 4049 1729 4121 (t2),
1744 4066 1780 4105 ne
1796 4064 1862 4123 pre·

153 4160 205 4209 xv,
232 4140 288 4209 17).
313 4139 379 4195 Haec
401 4144 483 4212 grata
508 4136 680 4195 bominibus
709 4140 737 4193 et
772 4141 890 4209 accepta
914 4138 983 4193 Dee.
1038 4137 1115 4195 tanis
1137 4136 1572 4209 temeredivulgeturauribus.
1597 4136 1656 4195 iloc
1671 4137 1802 4210 pascitur
1815 4136 1862 4193 di-

155 4230 241 4285 Unde
258 4228 399 4284 Dominus
423 4226 510 4283 Jesus
533 4227 563 4283 in
587 4224 742 4299 Evangelia
765 4226 872 4295 (natm.
894 4243 923 4292 x,
940 4223 986 4297 12)
1037 4226 1106 4283 ιίιιο
1119 4226 1270 4298 majestas,
1281 4224 1360 4281 bunc
1376 4224 1512 4299 epulatur
1526 4226 1675 4291 allectum,
1690 4226 1740 4299 qui
1755 4242 1863 4300 pareus

156 4316 403 4389 eumqnicunque
414 4314 526 4372 dederit
534 4313 643 4387 hospiti
653 4316 756 4389 petum
767 4330 850 4386 aque
861 4312 984 4387 frigide,
1037 4314 1176 4387 loquendi
1196 4314 1244 4381 sit,
1262 4331 1314 4371 eac
1334 4330 1418 4370 sacra
1436 4314 1467 4369 in
1491 4314 1621 4372 medium
1637 4316 1720 4371 terat.
1738 4313 1867 4372 Breviter

156 4404 324 4463 celestium
349 4403 455 4461 asserit
466 4403 653 4477 premiorum
673 4418 730 4459 nen
746 4406 889 4459 exsortem
906 4403 984 4457 futu·
1039 4409 1138 4461 autem
1153 4402 1218 4458 fidei
1235 4402 1407 4475 mysterium
1427 4402 1510 4458 docet
1523 4402 1604 4470 Sara,
1619 4403 1707 4460 unius
1723 4403 1865 4477 similagi-

158 4511 239 4551 rum.
251 4493 379 4566 Denique
393 4492 410 4549 J
413 4492 485 4549 acob
497 4508 564 4549 oves
575 4490 732 4564 adequavit
743 4489 861 4559 Rachel,
877 4494 905 4547 et
920 4506 984 4563 gra-
1002 4508 1026 4574 D
1043 4494 1156 4549 nistres
1166 4506 1321 4547 mensuras
1333 4489 1453 4561 faciens,
1470 4506 1534 4563 que
1548 4494 1653 4565 typum
1663 4489 1800 4550 Ecclesiae
1814 4490 1866 4549 ba·

159 4586 236 4639 tiam
251 4582 369 4655 reperit,
386 4585 416 4638 et
429 4596 548 4637 uxorem
565 4578 729 4651 acquisivit.
748 4579 854 4636 Deinde
864 4579 914 4650 qui
930 4578 989 4635 scis
1044 4582 1102 4648 bet,
1125 4580 1172 4637 cui
1186 4579 1313 4635 dicitur:
1330 4579 1444 4650 Laetare,
1466 4580 1580 4648 sterilis,
1605 4596 1668 4654 qaae
1689 4598 1745 4639 non
1763 4582 1867 4655 poris:

160 4688 199 4727 an
212 4671 303 4727 Deum
316 4668 473 4741 suspicias,
484 4685 551 4725 cum
564 4668 710 4741 hospitem
722 4666 989 4740 putastAbraham
1044 4686 1156 4742 erumpe
1178 4677 1204 4725 et
1228 4668 1408 4739 clamaque
1432 4684 1488 4725 non
1510 4671 1634 4741 portaria
1656 4671 1725 4742 (lto.
1745 4687 1800 4740 mv,
1829 4669 1865 4740 1).

160 4761 234 4815 dum
248 4756 503 4831 peregrinantibus
515 4755 784 4829 defertbospitium‚
798 4755 891 4813 Deum
901 4760 990 4827 atque
1044 4759 1171 4815 Haecest
1196 4756 1275 4813 enim
1305 4771 1369 4828 qne
1397 4756 1502 4815 intimo
1531 4758 1619 4815 tidem
1647 4760 1752 4831 spiritu
1781 4759 1866 4824 levat,

161 4846 285 4921 angelos
307 4848 373 4918 eius
400 4845 527 4918 bospitio
552 4844 702 4917 suscepit:
724 4845 860 4917 quamvis
880 4849 991 4902 etcum
1045 4848 1179 4920 ejusdam
1196 4844 1358 4901 divinitatis
1369 4862 1504 4903 asserens
1514 4846 1699 4916 Trinitatem,
1716 4845 1779 4918 pari
1791 4860 1867 4917 qus-

162 4935 309 5007 bospitem
326 4934 466 5009 suscipis,
482 4933 627 5007 suscipias
639 4938 742 5001 Deum,
757 4934 834 4989 sicut
849 4932 990 5005 scriptum
1045 4937 1114 4993 dam
1129 4929 1336 5004 mensurattD)
1348 4936 1435 5005 atque
1445 4933 1608 4991 reverentia
1618 4933 1741 5001 Patrem,
1751 4930 1869 4986 Filium·

200 5084 336 5157 (topve.
360 5082 483 5141 aditet
512 5080 645 5157 quedam
670 5082 761 5139 Paris.
796 5099 864 5139 cum
892 5084 992 5156 paucis
1046 5088 1117 5144 dum
1138 5089 1193 5141 est.

163 5174 251 5225 mss,
276 5159 322 5212 eoi
336 5158 408 5215 Deam
422 5156 534 5227 restitit
548 5157 577 5211 in
602 5156 744 5221 Trinitate,
769 5160 824 5211 etc.
841 5154 910 5211 Alie
926 5172 992 5213 vero
1081 5158 1139 5229 (i2)
1154 5158 1196 5212 lta
1210 5172 1282 5213 mss.
1298 5160 1421 5227 septem.
1437 5154 1547 5211 Unicus
1555 5157 1664 5221 autem,
1678 5157 1773 5225 atque
1786 5154 1869 5222 edit,

164 5234 192 5285 et
208 5244 282 5285 mss.
318 5227 398 5285 tures
414 5227 610 5300 potioresque,
623 5228 669 5283 eui
684 5226 889 5297 amoremqe,
907 5227 994 5283 Trini-
1047 5230 1111 5299 fidei
1123 5227 1245 5283 silentio.
1272 5228 1365 5293 Forte,
1391 5226 1468 5294 fideti
1493 5225 1601 5281 silentio
1615 5228 1650 5280 ut
1662 5229 1708 5281 est
1720 5225 1798 5297 apud
1813 5225 1870 5282 ilo·

163 5306 249 5357 tatem
265 5244 346 5355 vitiet.
408 5369 413 5379 Ι
1047 5300 1155 5356 ratium
1170 5298 1206 5353 de
1220 5298 1313 5354 sacris
1328 5296 1439 5377 tiereris
1452 5294 1594 5351 lllsusine
1608 5295 1659 5351 lib.
1675 5313 1718 5365 ιιι,
1738 5297 1792 5353 ode
1806 5303 1833 5353 2.

199 5372 260 5444 (41)
281 5368 355 5428 edii.
381 5368 449 5425 Gril.
464 5384 498 5425 aa
514 5368 609 5437 Rom„
622 5369 914 5425 nisietiommotnraa.
927 5370 992 5427 Am.
1084 5370 1139 5441 (ta)
1154 5368 1263 5425 Omnes
1289 5368 1358 5423 edit.
1384 5381 1418 5422 nc
1441 5366 1499 5421 duo
1522 5382 1606 5435 mss,
1629 5369 1691 5423 tlaec
1712 5370 1787 5424 enim
1807 5384 1871 5441 qnae

163 5448 278 5507 autern,
294 5440 360 5497 Dra.
379 5444 413 5503 ,et
426 5456 500 5499 mss.
527 5454 641 5506 omnes,
662 5441 722 5495 nbi
744 5438 827 5501 ceam
841 5443 993 5513 maturare,
1047 5444 1146 5499 iniiam
1167 5440 1248 5511 emm
1273 5438 1375 5509 spirito
1399 5438 1471 5507 [ovet
1483 5437 1604 5509 easdem
1625 5438 1781 5495 divinitatis
1797 5456 1870 5496 asse·

163 5514 216 5571 ubi
232 5511 363 5585 ellipsim
377 5510 458 5569 verbi
473 5512 589 5578 omerio,
613 5509 657 5566 vel
672 5507 792 5565 alterius
811 5506 992 5581 hujusmodi,
1047 5529 1111 5572 rena
1138 5512 1305 5576 Trinitatem,
1318 5509 1384 5580 pori
1396 5506 1619 5590 quadam...tae.
1631 5511 1703 5574 am..
1717 5510 1773 5569 brec
1792 5511 1870 5569 deve·

162 5584 210 5645 val
226 5584 301 5643 torte
317 5583 406 5642 etism
430 5581 617 5641 librariorum
642 5584 793 5657 paccatum
813 5596 877 5639 esse
891 5581 993 5641 dican·
1048 5587 1183 5645 tionem...
1214 5579 1381 5657 conspergit.
1413 5578 1473 5639 atri
1496 5596 1568 5641 mss.
1589 5580 1720 5641 melioris
1741 5586 1815 5642 uota
1839 5586 1872 5642 ιι)

329 5709 460 5779 Panna.
484 5706 564 5779 illl.
1671 5709 1709 5777 te
