4159 6184
131 333 173 397 ar
665 331 718 394 nx
739 329 834 396 atus
855 327 1102 402 missinati
1123 331 1312 398 SGRIP'l'lS.
1400 353 1407 360 ·
1801 343 1842 407 ω

130 464 224 518 libros
239 459 387 520 fastidiosi
401 461 522 534 quidam
535 461 641 533 maiori
654 461 796 529 haberent
812 463 840 518 in
858 463 960 535 pretio,
978 466 1004 528 Α
1020 479 1085 517 scae
1107 463 1247 519 conlarrc.
1264 464 1317 520 Sed
1344 480 1411 520 cnm
1428 482 1477 525 eoo
1495 467 1598 526 beatus
1623 470 1746 528 antistas
1761 479 1840 530 osset

129 549 153 606 si
167 557 334 624 temporum
354 547 474 606 illorum
499 549 715 616 necessitatem,
741 556 769 608 ot
791 567 958 622 expressam
1015 551 1169 618 allocutus,
1186 553 1340 608 coelestim
1358 555 1392 608 nl
1407 555 1562 614 stationem
1577 575 1662 614 suam
1678 561 1838 618 redierunt.

126 639 263 714 ipsorum
284 637 417 695 efficacia
442 637 541 712 magni
556 639 715 713 Augustini
740 640 961 698 conversionem
1013 640 1186 697 Ambrosius
1198 641 1376 698 veroleriam
1389 643 1504 702 tertiam
1520 646 1549 702 in
1560 646 1682 704 ecclesia
1693 648 1840 723 integram

126 727 276 802 tantisper
296 726 491 782 attenderent.
1014 728 1128 800 exegit:
1145 729 1319 788 imminente
1351 737 1448 789 autem
1470 734 1564 790 noctis
1587 740 1728 809 tempore,
1753 739 1841 796 rediit

162 817 209 874 69.
224 815 411 883 Ambrosius,
427 815 476 888 qui
492 815 569 874 altra
585 816 960 876 Mediolanensisdoolesis
1014 819 1043 874 in
1061 818 1137 874 ades
1151 817 1345 889 episcopales:
1363 825 1393 878 ut
1410 821 1433 876 si
1449 838 1515 878 eum
1531 823 1560 880 in
1577 825 1710 882 exsilium
1733 827 1841 900 pellere

128 906 241 963 limites
256 903 484 962 sollicitudinem
499 922 586 962 suam
604 907 787 977 extendebat,
808 910 962 980 rogatura
1013 904 1131 976 vellent,
1157 913 1292 979 paratum
1316 908 1481 966 invenirent
1503 911 1582 982 (itia.
1607 929 1688 970 num.
1713 917 1767 988 10).
1791 917 1843 974 Po·

129 995 238 1070 vigilio
252 995 288 1050 ad
304 994 505 1052 'tridentinam
519 995 618 1054 sedem
634 1012 728 1068 nuper
741 1000 848 1063 evecto,
864 995 961 1068 praci-
1014 995 1118 1052 stridis
1134 996 1198 1067 rjus
1213 996 1270 1053 diei
1294 997 1467 1054 antelucana
1489 999 1561 1056 hora
1587 1001 1674 1058 domo
1693 1019 1840 1077 egressus,

133 1102 193 1159 pun
221 1083 563 1158 episcopalisdignitatis
577 1100 701 1142 munera
726 1102 779 1159 per
805 1083 961 1158 epistolam
1014 1085 1138 1140 cinctam
1155 1083 1298 1140 militibus
1313 1087 1420 1157 reperit
1433 1087 1595 1152 ecclesiam.
1612 1091 1640 1146 in
1657 1107 1716 1162 qua
1735 1093 1841 1152 nibilo-

132 1174 188 1247 ipsi
204 1172 341 1246 exposuit
355 1172 452 1246 (epist.
468 1173 525 1246 19).
542 1173 604 1229 Prae
624 1173 737 1230 ceteris
752 1179 850 1230 autem
875 1171 961 1228 illum
1016 1174 1115 1230 minus
1137 1172 1276 1230 lectiones
1291 1180 1437 1231 consueta
1458 1177 1663 1234 recitabantur,
1687 1181 1843 1253 Imperavit
1903 1187 1908 1202 “

131 1261 322 1326 admonebat,
352 1266 386 1318 ut
405 1278 442 1318 ne
464 1261 701 1318 connubiainter
723 1261 806 1319 cultu
828 1261 962 1335 dispares
1015 1263 1173 1336 episcopus
1193 1261 1302 1318 milites
1319 1278 1407 1320 sacre
1427 1266 1643 1324 communionis
1664 1269 1731 1340 jure
1750 1269 1842 1328 inter·

131 1351 209 1408 coire
224 1350 422 1424 permitteret,
435 1349 491 1407 boe
505 1353 551 1408 est
564 1349 643 1408 inter
661 1351 844 1408 Christianos
871 1353 901 1407 et
916 1350 961 1406 in·
1015 1351 1083 1418 dici,
1100 1350 1216 1422 quoilli
1233 1351 1373 1418 deterriti,
1390 1352 1424 1406 sn
1442 1353 1650 1412 catholicorum
1676 1362 1773 1429 partes
1795 1375 1842 1415 ao-

131 1439 244 1496 ddeles.
271 1439 362 1512 Cujus
393 1438 602 1496 admonitionis
628 1440 789 1498 necessitas
813 1439 963 1496 oriebatur
1016 1444 1179 1496 cesserunt.
1196 1440 1278 1495 Tunc
1300 1439 1351 1496 ille
1375 1440 1531 1497 ambonem
1548 1443 1674 1501 basilica
1701 1462 1842 1506 conscen-

129 1548 163 1586 ex
179 1527 404 1586 idololatrarum
421 1527 688 1602 multitudineque
702 1530 731 1586 in
741 1529 920 1587 Tridentinis
930 1529 962 1584 il-
1016 1530 1101 1592 dens,
1117 1545 1150 1584 en
1167 1528 1241 1585 libro
1255 1529 1310 1585 Job
1327 1545 1413 1601 quem
1431 1533 1501 1586 tunc
1517 1529 1572 1604 legi
1588 1533 1719 1606 contigit,
1735 1537 1769 1591 ad
1792 1551 1842 1609 po·

129 1618 303 1674 nibastunc
315 1620 399 1674 tanta
411 1621 484 1680 erat,
501 1621 533 1672 ut
543 1617 621 1674 idem
638 1618 764 1692 Vigilius
778 1635 845 1676 cum
857 1635 906 1675 eos
919 1618 962 1673 ni·
1016 1617 1120 1690 pulum
1137 1618 1328 1675 concionatus
1339 1623 1384 1674 est
1398 1619 1476 1684 (ibid.
1494 1636 1574 1676 num.
1591 1622 1625 1676 lt
1639 1626 1665 1678 et
1678 1626 1755 1696 sep).
1768 1625 1844 1683 Dum

131 1711 245 1764 teretur
259 1706 404 1763 adducere
419 1705 455 1762 ad
473 1705 580 1762 Christi
606 1708 814 1780 cognitionem,
837 1707 874 1764 ab
888 1707 963 1780 ipsis
1017 1721 1183 1762 sermenem
1195 1723 1281 1764 suum
1294 1707 1382 1764 rebus
1392 1709 1586 1777 presentibus
1599 1711 1670 1766 scite
1681 1713 1842 1786 adaptaret,

130 1794 275 1868 martyrio
289 1795 411 1851 affectus
427 1798 616 1852 memoretur.
1016 1812 1083 1852 eum
1110 1795 1306 1867 interpellant,
1330 1797 1394 1852 vela
1412 1798 1552 1854 removeri
1568 1815 1602 1854 ex
1617 1799 1740 1857 basilica
1753 1801 1845 1876 signi-

164 1886 214 1940 70.
231 1883 287 1940 Ubi
303 1883 433 1956 primum
447 1884 566 1940 lustina
587 1901 690 1957 paoem
715 1902 732 1941 a
760 1885 886 1942 Maximo
905 1885 961 1942 sibi
1020 1886 1151 1950 ficantes,
1164 1885 1240 1956 quod
1253 1884 1457 1958 imperatorem
1475 1891 1568 1958 coepto
1583 1887 1722 1946 desistere
1736 1889 1845 1948 indicio

131 1989 306 2031 concessam
320 1972 403 2039 vidit,
418 1989 453 2029 ea
466 1972 683 2045 opportunitate
703 1974 857 2031 constituit
870 1974 963 2040 abuti,
1018 1977 1090 2027 erat.
1108 1972 1342 2044 Prosequebatur
1356 1973 1525 2030 concionem
1542 1991 1626 2032 suam
1650 1979 1773 2035 antistes
1793 1996 1845 2035 no·

130 2068 166 2119 nt
177 2061 337 2119 Ambrosio
352 2061 462 2118 bellum
478 2061 640 2130 indiceret3
665 2066 728 2120 rata
742 2062 820 2120 enirn
837 2063 963 2120 auctori·
1018 2065 1090 2128 ster,
1107 2077 1173 2116 cum
1199 2076 1265 2118 ecce
1281 2060 1320 2116 ibi
1337 2062 1470 2118 notarius
1482 2066 1518 2118 ab
1533 2064 1708 2138 imperatore
1723 2069 1759 2124 ad
1775 2085 1844 2127 eum

130 2156 223 2208 tatem
239 2149 293 2206 filii
309 2150 370 2224 jam
387 2149 459 2206 eatis
474 2167 538 2208 esse
549 2151 763 2220 confirmatam,
779 2151 879 2208 omnia
892 2152 921 2208 in
933 2169 965 2210 se
1017 2149 1108 2214 venit,
1125 2149 1175 2221 qui
1189 2153 1218 2204 et
1228 2153 1383 2222 tyrannum
1394 2149 1491 2221 ipsum
1505 2150 1747 2226 appellavit(itid.
1759 2174 1842 2214 num.

131 2240 268 2314 atquein
284 2239 444 2316 imperium
460 2240 553 2296 sancti
568 2239 621 2296 viri
637 2241 742 2298 merita
755 2239 900 2297 oblivione
913 2241 964 2296 de·
1017 2237 1074 2310 22),
1097 2243 1126 2294 et
1154 2238 1250 2294 verbis
1277 2239 1410 2294 tractavit
1438 2239 1686 2312 injuriosissimis.
1715 2244 1844 2304 Modeste

49 2321 53 2325 ’
130 2329 211 2386 levit.
230 2329 421 2386 Occasionem
438 2328 495 2402 ipsi
519 2327 662 2397 exhibuit,
679 2330 756 2402 qood
777 2329 807 2385 in
832 2330 964 2402 proximo
982 2391 994 2406 .
1018 2326 1138 2398 quidem
1155 2325 1203 2384 ille
1218 2328 1381 2399 respondit,
1398 2329 1448 2384 sed
1459 2329 1530 2384 nihil
1542 2329 1656 2388 remisit
1665 2333 1700 2390 de
1708 2339 1843 2392 constan·

131 2423 205 2484 crat,
233 2417 458 2474 resurrectionis
478 2416 636 2477 {lominica
651 2418 777 2486 festum
794 2421 827 2473 ut
846 2418 881 2474 ad
897 2420 965 2474 Am-
1017 2417 1070 2470 tia.
1087 2415 1149 2471 Non
1166 2416 1329 2488 permissus
1345 2421 1435 2474 osteo
1449 2417 1628 2476 diedomum
1644 2423 1766 2494 regredi,
1792 2425 1843 2482 sed

132 2506 269 2567 brasium
285 2506 414 2562 mitteret
427 2505 526 2578 (epist.
540 2507 596 2577 to),
613 2505 662 2579 qui
679 2506 846 2563 Portianam
861 2505 965 2562 basili·
1017 2504 1230 2575 cumfratribus
1249 2506 1280 2558 in
1297 2504 1410 2561 basilica
1430 2507 1538 2561 minore
1559 2510 1698 2566 canendis
1723 2511 1844 2584 psalmis

132 2612 209 2662 ram,
226 2595 284 2651 boc
308 2597 616 2666 estextramuranam,
632 2599 763 2668 peterent
780 2595 906 2652 Arianis.
932 2595 964 2650 ld
1018 2607 1121 2648 omnes
1145 2597 1362 2663 pernoctarunt.
1394 2592 1532 2664 Sequenti
1561 2596 1617 2663 dio,
1648 2597 1677 2652 id
1702 2603 1748 2654 est
1771 2600 1845 2658 feria

131 2701 200 2743 cum
216 2683 330 2757 ingenti
343 2681 441 2740 animo
457 2688 594 2758 negasset
607 2689 728 2740 sanctus
740 2683 857 2756 presai,
873 2683 965 2755 impe
1018 2679 1118 2752 qttinta
1137 2680 1258 2750 majoris
1273 2679 1473 2747 bebdomada,
1488 2685 1568 2738 50⁰ae
1584 2683 1737 2756 prophetia
1764 2703 1844 2744 more

131 2773 225 2850 ratrix
251 2788 287 2828 ex
309 2787 343 2827 eo
365 2772 493 2840 efferata,
518 2770 570 2826 tilii
594 2771 713 2829 nomine
740 2788 774 2828 ac
788 2776 897 2829 terrore
912 2772 963 2828 ob·
1018 2768 1104 2825 solito
1125 2768 1243 2826 recitata
1258 2771 1313 2836 est,
1337 2783 1424 2841 quam
1441 2769 1563 2826 dicendo
1578 2787 1720 2844 exponere
1735 2774 1844 2848 incepit

128 2863 221 2933 jecto,
237 2877 302 2917 rem
316 2863 488 2931 extorquere
502 2864 606 2917 conata
618 2865 674 2917 est.
690 2859 872 2934 Quapropter
893 2859 966 2918 teria
1018 2858 1193 2914 Ambrosius
1208 2856 1287 2930 (ibid.
1303 2858 1451 2929 num.25).
1468 2858 1550 2914 Haud
1571 2860 1699 2917 multum
1728 2878 1842 2935 proces·

131 2952 299 3006 sextaante
319 2947 502 3004 Dominioarn
518 2963 581 3020 quae
597 2947 706 3005 dicitur
721 2949 897 3014 Palmarum,
912 2965 963 3004 ve·
1018 2951 1097 3004 serat
1116 2946 1144 3000 in
1170 2946 1306 3002 instituto
1333 2961 1562 3014 samaraeum
1584 2949 1793 3022 equibusdam
1817 2953 1843 3010 ei

130 3040 221 3096 niunt
247 3036 343 3112 ipsius
357 3037 443 3108 iussu
458 3037 580 3109 comites
601 3037 722 3108 quidam
746 3037 961 3102 oonsmtoriani,
1017 3037 1143 3093 refertur
1168 3033 1339 3108 precepisse
1371 3033 1578 3092 valentianum
1606 3041 1639 3094 ut
1676 3041 1845 3098 recederent

130 3128 186 3202 qui
201 3126 358 3184 basilicam
370 3143 486 3192 novam,
502 3125 558 3184 hcc
572 3129 617 3182 est
628 3125 873 3196 intramuranam,
899 3143 963 3200 qao
1018 3124 1138 3192 milites,
1153 3140 1186 3180 ac
1201 3123 1278 3180 cives
1293 3123 1343 3196 qui
1360 3123 1388 3180 in
1400 3123 1526 3180 vinculis
1553 3129 1645 3194 erant,
1662 3127 1843 3186 dimitteren-

129 3215 279 3290 superiori
302 3219 365 3272 erat
384 3214 683 3288 amplior,poscereat
705 3217 742 3272 ab
765 3216 868 3272 eodem
890 3202 996 3272 dm-(l
1019 3216 1076 3269 tur.
1103 3210 1304 3268 incredibilem
1321 3213 1396 3284 apud
1413 3213 1571 3270 catholicos
1595 3215 1772 3289 voluptatem
1795 3233 1845 3291 pe-

129 3307 233 3365 brosio
255 3306 357 3378 (ibid).
373 3305 426 3361 Hic
441 3310 538 3362 autem
553 3322 659 3376 rursus
677 3307 810 3376 modeste
825 3306 914 3363 simul
930 3323 964 3363 eo
1017 3300 1162 3374 perithon
1186 3301 1334 3358 nuntium.
1362 3305 1400 3356 at
1415 3302 1529 3358 etiamsi
1545 3305 1707 3375 persecutio
1722 3305 1773 3364 illa
1796 3308 1844 3365 hio

128 3411 275 3469 generose
297 3395 428 3469 reposuit
458 3394 590 3466 templum
613 3394 664 3450 liei
686 3411 705 3451 a
727 3394 865 3452 sacerdota
890 3396 964 3452 tradi
1017 3389 1128 3447 finierit
1141 3389 1221 3462 (ibid.
1236 3407 1264 3446 n.
1282 3392 1357 3445 Μ
1369 3391 1426 3462 28).
1444 3391 1657 3449 nuntiabantur
1670 3399 1768 3452 tamen
1788 3396 1843 3453 im-

129 3501 188 3540 non
200 3482 385 3556 posse(itid.,
403 3498 486 3538 num.
502 3483 541 3555 2),
565 3482 708 3541 Postridie
722 3483 878 3555 prateotus
900 3484 964 3558 ipse
1017 3480 1160 3552 paratoria
1188 3479 1275 3535 verba
1302 3479 1453 3546 nonnulla,
1471 3496 1534 3552 que
1563 3497 1682 3539 securos
1707 3499 1844 3544 essenon

128 3572 266 3630 convenit
281 3575 416 3628 sanctum
434 3571 540 3632 virum,
565 3575 599 3628 ut
621 3571 666 3627 vel
686 3571 822 3628 Portiana
842 3573 964 3630 basilica
1017 3569 1205 3642 patiebantur
1218 3567 1337 3624 eosdem
1362 3567 1539 3626 catholicos:
1555 3575 1585 3626 et
1610 3571 1766 3646 antigonus
1787 3575 1845 3632 Va-

129 3661 352 3720 concederetur.
376 3660 589 3717 Maximorum
614 3661 721 3733 pietate
743 3676 778 3716 ac
799 3663 965 3719 constantia
1017 3655 1172 3712 lentiniani
1190 3655 1342 3728 pralectas
1365 3656 1511 3723 cubiculo,
1528 3659 1564 3714 ab
1580 3661 1769 3717 Ambrosium
1786 3664 1845 3720 mi-

129 3750 264 3824 pcpalus
278 3749 456 3816 reclamavit,
473 3749 633 3820 quodcum
648 3754 779 3806 cerneret
797 3751 876 3806 idem
888 3768 964 3823 pra·
1018 3746 1067 3810 sii,
1083 3745 1134 3817 qui
1150 3745 1212 3800 suis
1222 3745 1318 3801 verbis
1339 3743 1364 3800 ei
1381 3744 1509 3803 diceret:
1525 3747 1564 3802 lle
1578 3750 1647 3815 trivo,
1666 3754 1696 3805 tu
1720 3761 1845 3810 contem-

131 3841 242 3910 iectas,
258 3839 296 3894 ad
320 3836 464 3910 palatium
485 3836 580 3907 rediit,
602 3837 772 3910 imperatori
796 3855 861 3910 qua
882 3843 965 3912 gesta
1019 3836 1063 3890 nia
1081 3834 1329 3891 Valentinianum?
1344 3834 1431 3906 Captet
1445 3835 1497 3890 titt
1508 3836 1573 3892 totto
1587 3837 1665 3906 (ibid.
1687 3857 1769 3895 num.
1786 3841 1843 3913 28),

130 3929 263 3995 fuerant,
283 3927 485 3983 nuntiaturos.
502 3925 627 3982 Sanctus
641 3926 775 3998 antistes,
791 3927 964 3997 hujusmodi
1018 3923 1069 3980 Cui
1086 3938 1261 3996 generosum
1275 3921 1328 3978 hoc
1351 3928 1380 3979 et
1395 3923 1482 3996 plane
1491 3923 1656 3997 episcopale
1669 3943 1844 3999 responsum

129 4017 231 4074 turbis
247 4032 305 4072 non
331 4015 498 4084 deterritus,
519 4014 672 4071 [lominica
682 4014 849 4072 Palmarum
872 4017 964 4075 saeris
1018 4012 1117 4069 dedit:
1138 4016 1211 4070 Deua
1224 4013 1370 4084 permittat
1384 4014 1437 4070 tibi
1450 4016 1480 4069 nt
1495 4013 1611 4086 impleas
1623 4014 1694 4084 qaod
1706 4016 1844 4081 minoris:

130 4105 286 4162 consuetis
297 4104 351 4160 rite
365 4106 502 4176 operatus
515 4106 570 4158 est.
585 4102 787 4162 verumtatem
802 4103 873 4162 dum
887 4121 965 4162 com·
1017 4117 1068 4172 epo
1082 4102 1158 4156 enim
1170 4103 1267 4173 patior
1281 4102 1353 4173 qaod
1367 4104 1497 4176 episcopi,
1514 4111 1544 4159 tu
1557 4105 1642 4175 [acies
1657 4104 1730 4176 qnod
1744 4105 1844 4177 spada·

129 4193 304 4267 petentibus
318 4192 447 4248 traderet
461 4190 640 4265 symbolum,
656 4209 674 4248 a
688 4191 865 4265 quibusdam
880 4194 964 4250 audi·
1017 4207 1075 4248 nes.
1092 4190 1230 4261 Ejusdem
1245 4189 1382 4258 eunuchi,
1394 4192 1442 4246 sed
1454 4207 1612 4264 suppresso
1623 4191 1703 4250 illius
1713 4194 1842 4264 nomine,

128 4283 185 4352 vit,
206 4282 280 4354 qnod
303 4281 339 4336 ad
361 4281 525 4337 Portianam
546 4281 690 4336 basilicam
713 4281 746 4337 de
764 4282 869 4353 palatio
883 4282 964 4341 deca
1018 4279 1192 4336 Ambrosius
1218 4279 1352 4334 meminit
1366 4279 1396 4336 in
1416 4279 1665 4338 commentatione
1690 4285 1726 4339 lle
1744 4283 1845 4357 loseph

129 4387 230 4427 manos
249 4371 407 4438 matiscen&
430 4373 458 4424 et
480 4369 751 4442 celasmpendcrent
765 4370 855 4442 (ibid,
879 4389 963 4430 num.
1016 4367 1320 4441 permetentibus
1349 4385 1433 4425 voces
1455 4369 1541 4424 etiam
1557 4369 1696 4444 leguntur
1710 4374 1843 4430 modera-

129 4461 179 4530 lJ;
208 4463 246 4516 ut
271 4456 406 4520 videlicet
438 4456 661 4525 aValentiano,
701 4458 776 4514 banc
809 4459 964 4518 ecclesiam
1017 4457 1108 4513 tionis
1123 4457 1217 4514 sancti
1245 4456 1371 4529 episcopi
1387 4471 1453 4514 vere
1467 4458 1599 4515 indices:
1615 4461 1654 4516 Ne
1668 4461 1754 4534 ipsias
1781 4465 1844 4535 qai·

128 4547 271 4620 occupari
285 4545 487 4619 vindicarique
501 4545 713 4619 significarent.
729 4548 906 4607 Ambrosius
925 4551 963 4606 ab
977 4573 1001 4636 ὓ
1017 4546 1080 4608 dem
1094 4561 1231 4602 sermones
1252 4547 1308 4601 mei
1335 4547 1494 4602 caminate
1521 4547 1646 4618 deleant,
1674 4565 1753 4622 pacm
1780 4561 1846 4609 tunc

128 4637 282 4694 offerendo
297 4635 440 4692 seorillcio
455 4651 513 4692 non
528 4634 700 4704 absistebat,
710 4653 779 4693 cum
792 4639 961 4697 nuntiatum
1016 4644 1149 4707 temporis
1163 4636 1207 4690 vel
1220 4635 1358 4707 effuderit,
1373 4637 1415 4691 cet
1437 4639 1583 4693 accerserit
1598 4640 1724 4696 Ecclesia
1747 4645 1844 4698 eonta-

129 4731 179 4783 est
203 4725 408 4798 presbyterum
429 4723 588 4796 quemdam
610 4725 797 4792 Arianorum,
812 4726 965 4784 Gaetulum
1018 4725 1105 4780 metio
1120 4723 1182 4796 (lib.
1197 4723 1351 4796 deJoaeplt,
1368 4740 1393 4780 c.
1409 4727 1436 4790 6,
1455 4741 1537 4782 nrrm.
1553 4727 1588 4783 33
1608 4735 1635 4784 et
1660 4729 1738 4802 sep).
1768 4728 1842 4784 Sub-

131 4815 268 4881 nomine,
283 4830 302 4870 a
315 4813 423 4886 populo
438 4813 531 4870 luisse
546 4817 677 4886 captum.
689 4815 963 4890 ldopiscopusgra·
1015 4811 1115 4884 jnngit
1127 4817 1225 4868 tamen
1242 4810 1326 4868 illum
1342 4828 1400 4868 non
1417 4813 1509 4870 multo
1525 4818 1701 4888 postpoenas
1715 4815 1841 4876 dedisse,

128 4907 205 4960 viter
218 4903 299 4971 tulit,
315 4907 402 4976 atque
417 4901 561 4976 extemplo
575 4903 762 4976 presbyteros
776 4920 810 4961 ac
825 4905 964 4964 diaconos
1018 4901 1070 4958 aed
1085 4901 1312 4958 condemnatum
1327 4901 1448 4959 alterius
1463 4903 1606 4972 oriminis,
1623 4904 1699 4975 quod
1724 4907 1842 4974 augus-

129 4993 191 5050 huc
206 4992 367 5048 destinavit
381 4990 472 5060 (ita,
489 4993 642 5048 num.5et
655 4992 893 5066 seq.),aqnibus
917 5011 963 5052 aa·
1017 4989 1099 5048 tinus
1119 4989 1385 5062 nobisexplicatin
1402 5007 1469 5047 eum
1496 4993 1627 5059 modum,
1658 4991 1839 5059 Cntttponum,

130 5079 286 5137 crificulns
300 5079 482 5136 liberaretur.
498 5079 619 5136 lustina
630 5083 729 5147 maren
738 5082 890 5138 seditionis
900 5081 964 5140 loco
1018 5078 1124 5150 inquii,
1140 5079 1458 5152 t'olentmcanijantortr
1476 5081 1632 5136 eunuchum
1649 5077 1740 5149 tlstdit’
1763 5080 1840 5136 novi·

131 5169 207 5225 illud
224 5168 382 5240 accipiens,
399 5167 509 5225 multos
528 5167 636 5226 civium
651 5169 775 5240 conjecit
789 5171 821 5227 in
835 5170 962 5237 nacula,
1017 5184 1078 5223 mac
1093 5168 1185 5224 altore
1200 5169 1340 5238 punitura,
1351 5169 1841 5239 meretricismnsesatoncccnuictum

132 5255 247 5331 palatio
263 5256 419 5330 justitium
433 5256 550 5321 indixit,
561 5271 744 5330 magnasque
758 5259 856 5316 minas
872 5259 965 5316 inten-
1019 5256 1080 5328 (lib.
1096 5273 1125 5314 vr
1138 5259 1170 5312 in
1182 5258 1287 5314 Julian.
1304 5275 1329 5315 c.
1346 5259 1401 5330 lt).

132 5346 205 5401 tavit
226 5344 432 5418 optimatibus.
454 5346 592 5402 Attamen
617 5346 713 5403 denuo
733 5347 816 5404 missi
841 5348 962 5405 suntad
1053 5346 1098 5400 71.
1111 5345 1172 5402 Diei
1188 5361 1245 5402 non
1257 5350 1353 5419 potest
1363 5361 1451 5418 quam
1466 5347 1651 5401 consternata
1666 5345 1752 5402 luerit
1765 5345 1840 5401 Mar·

132 5436 325 5494 Ambrosium
335 5433 446 5490 tribuni
458 5439 488 5490 et
501 5433 635 5500 comites,
646 5426 696 5507 qui
709 5451 777 5492 eum
787 5435 823 5491 de
834 5436 966 5497 cedenda
1017 5433 1132 5503 collina,
1150 5435 1200 5492 ubi
1215 5435 1324 5507 primos
1342 5435 1432 5505 hujus
1447 5433 1593 5490 tumultus
1611 5449 1744 5492 rumores
1757 5449 1840 5491 acce·

133 5541 192 5592 aaa
205 5541 244 5581 ex
257 5520 390 5580 basilicis
399 5521 610 5597 compellarent
622 5523 701 5594 titia.
711 5540 797 5580 num.
812 5525 871 5580 Bet
882 5531 962 5602 aaa).
1018 5524 1070 5596 pit.
1096 5524 1201 5582 Statim
1220 5523 1310 5596 igitur
1325 5521 1435 5578 crebris
1454 5522 1561 5580 litteris
1584 5523 1701 5580 tratrem
1728 5524 1843 5597 rogavit

133 5613 256 5676 mrim
270 5627 339 5674 vero
350 5610 428 5690 iussi
441 5616 512 5691 sunt
523 5611 752 5684 miliesadecm
761 5614 963 5706 occupandam
1018 5618 1052 5676 ut
1066 5630 1098 5682 se
1112 5613 1245 5676 omnium
1260 5611 1367 5672 bearet
1381 5612 1545 5672 certiorem.
1569 5612 1744 5676 ambrosius
1771 5623 1847 5676 vero
