4159 6184
181 323 244 394 980
286 357 291 364 ·
762 325 995 395 unientem
1014 327 1057 394 ΙΝ
1076 328 1268 398 ΡΒΔιΜῦΜ
1287 327 1313 395 1.
1828 322 1889 395 900

183 463 247 532 sio;
264 461 315 520 sod
337 464 479 536 tanquam
503 458 600 536 pulvis
628 477 715 536 quom
741 463 858 536 projicit
871 469 976 521 ventus
991 481 1007 520 a
1022 464 1050 533 Α
1064 481 1184 522 enarras
1199 464 1378 539 prosapiam,
1406 466 1435 521 et
1449 463 1593 536 tanquam
1608 459 1754 533 maiorum
1767 461 1887 520 tuorum
1934 511 1944 531 ,

184 551 260 610 leole
288 555 371 608 terre
386 569 392 621 ;
408 571 422 603 ιι
439 550 494 608 hoc
508 555 563 620 est,
591 567 650 608 non
665 551 707 608 sie
723 556 757 609 ut
771 551 873 610 beatus
888 554 940 621 vir,
956 552 1007 626 qui
1061 567 1165 627 genus.
1183 554 1303 611 Preiers
1327 552 1455 620 divitius,
1479 549 1550 624 quia
1571 549 1711 608 conviviis
1726 550 1824 624 pssois
1840 569 1888 609 so-

184 641 250 698 ideo
265 641 380 708 beatm,
396 640 466 714 quia
485 656 543 697 non
568 639 685 697 obiitin
700 641 822 698 consilio
836 641 1006 715 impiorum,
1061 641 1154 700 dales.
1170 642 1288 700 Utinam
1302 658 1410 716 egenos
1425 640 1579 715 posceres!
1596 639 1710 696 utinam
1736 655 1795 696 non
1809 640 1889 712 joco·

185 729 255 804 quia
270 729 300 785 in
315 733 434 802 peccato
450 728 611 798 constetit,
627 729 657 785 in
673 729 794 788 consilio
809 730 1007 804 pestilentium
1062 749 1129 788 rum
1140 730 1362 798 ministros,eed
1373 735 1508 789 votorum
1519 728 1687 802 adJutoresl
1704 728 1720 784 J
1724 732 1804 785 actas
1819 727 1890 801 quia

183 835 242 875 non
262 817 348 888 sedit,
368 816 527 874 volentium
548 816 594 874 vel
613 818 765 876 eredentes
780 818 836 892 pie,
851 818 896 876 vel
909 819 1007 876 vireu·
1063 821 1219 894 prodeunti
1245 819 1323 877 illico
1349 820 1473 886 ceditur,
1499 823 1528 876 et
1542 817 1676 876 homines
1690 821 1719 874 te
1747 821 1890 891 tunquam

182 911 229 964 tes
239 909 419 981 pervertere,
431 907 482 980 qui
493 907 672 964 voluntatem
683 907 787 964 hebuit
797 909 1008 983 inlege,etme
1062 909 1154 965 leram
1170 908 1318 965 declinant
1330 913 1380 964 aut
1390 908 1525 965 bestiam.
1541 907 1618 963 Num
1629 907 1691 962 hec
1701 921 1765 963 esse
1778 905 1890 979 aliquid

183 995 328 1054 ditabitur
337 993 367 1050 iu
376 1010 411 1052 sa
422 1012 429 1064 ;
439 999 501 1066 aut,
514 997 590 1052 sicut
601 995 708 1069 Aquila
717 996 825 1070 posuit,
837 1021 851 1048 ιι
861 999 1009 1056 resonabit
1062 996 1174 1071 putas?
1187 997 1249 1054 Non
1265 997 1351 1054 audis
1366 996 1436 1070 quia
1457 1013 1490 1052 en
1506 995 1606 1052 omnis
1622 999 1762 1068 tanquam
1785 996 1892 1051 umbre

183 1083 215 1140 in
225 1083 288 1157 lege
300 1099 332 1139 :a
352 1087 384 1140 ut
398 1088 542 1158 precepto
557 1084 630 1157 legis
654 1090 769 1142 resonet
786 1085 845 1144 vita
854 1087 930 1160 ejus,
946 1103 1008 1144 mo·
1062 1089 1254 1159 pretereant?
1268 1085 1341 1153 Quid
1352 1087 1460 1158 juvant
1473 1084 1642 1142 consulares
1666 1087 1822 1157 pretextu,
1838 1087 1893 1140 aut

184 1187 232 1229 res
247 1171 387 1229 resultent
401 1171 483 1246 sicut,
492 1171 620 1239 illorum,
637 1191 762 1247 quorum
778 1174 807 1230 in
823 1192 940 1232 omnem
951 1181 1009 1232 ter·
1063 1175 1189 1232 nitentes
1211 1191 1282 1231 auro
1306 1172 1501 1247 triumphales
1524 1171 1660 1247 palmate
1683 1173 1742 1244 (49)
1760 1171 1891 1228 tNudus

184 1277 249 1319 ram
262 1261 351 1318 exivit
365 1277 466 1318 sonus.
484 1263 568 1319 Forte
582 1262 629 1319 hic
646 1279 736 1319 sonus
758 1264 895 1320 doctrine
914 1263 1008 1322 homi·
1064 1262 1183 1320 exibis:
1209 1279 1294 1320 nemo
1318 1263 1378 1320 illic
1410 1261 1561 1319 consulem
1590 1264 1787 1333 recognoscet.
1815 1260 1889 1326 Quid

184 1365 257 1406 num
268 1353 349 1407 exeat
359 1367 367 1419 ;
379 1349 439 1406 illie
459 1354 557 1406 autem
578 1351 628 1406 ubi
640 1350 712 1408 secie
726 1352 763 1408 ed
775 1351 877 1409 sociem
891 1353 1010 1410 dabitur
1064 1356 1188 1426 prosunt
1198 1352 1360 1409 innumere
1371 1352 1572 1425 possessiones
1582 1351 1596 1405 t
1606 1347 1731 1406 Publice
1740 1353 1820 1419 sunt,
1833 1366 1891 1407 non
1980 1383 1987 1394 ι

183 1437 1007 1514 videre,pleuiorquedemverbilierividcaturexprsssio.
1063 1441 1131 1496 tue.
1147 1439 1238 1497 Hodie
1262 1444 1294 1496 tu
1323 1444 1416 1509 tenes,
1433 1456 1498 1496 crus
1524 1437 1609 1496 elius.
1627 1438 1700 1494 Cum
1727 1443 1758 1494 tu
1775 1437 1890 1507 exieris,

184 1528 248 1584 Non
259 1543 329 1601 ergo
352 1527 430 1584 sicut
444 1528 548 1586 boetus
564 1528 619 1584 iste
635 1527 685 1602 qui
699 1527 760 1585 bec
771 1529 880 1600 lecerit,
888 1531 938 1603 qui
954 1532 1010 1588 erit
1064 1528 1141 1584 alius
1157 1529 1256 1585 intret.
1268 1528 1323 1583 Vix
1338 1527 1455 1584 movisti
1470 1528 1585 1600 pedem,
1602 1525 1678 1584 alius
1692 1542 1829 1600 gressum
1844 1526 1893 1582 iu-.

185 1618 327 1687 tauquam
356 1614 470 1689 lignum
491 1613 668 1688 plantatum,
695 1616 781 1688 cuius
805 1621 888 1690 geste
910 1619 1011 1675 omnia
1064 1614 1578 1683 tulitQuantiantetaillicluerunt,
1592 1616 1695 1687 quenti
1710 1619 1820 1688 postte
1839 1616 1892 1671 do-

184 1704 432 1777 pospsrabuntur,
456 1704 497 1760 ite
520 1705 577 1760 erit
597 1708 627 1761 et
650 1704 771 1778 impius.
788 1706 854 1762 Ideo
878 1707 1012 1780 repetivit
1067 1704 1270 1774 minabuntur,
1300 1709 1329 1761 et
1356 1704 1412 1760 hoc
1427 1709 1514 1776 putas
1536 1720 1601 1760 esse
1616 1704 1762 1776 privatum
1775 1707 1786 1759 t
1800 1705 1891 1769 Quem

183 1791 229 1849 vel
245 1790 296 1865 qui
320 1793 449 1866 scripsit,
465 1791 509 1849 vel
525 1793 574 1865 qui
590 1797 692 1866 postea
704 1793 817 1852 eddidit
834 1795 877 1867 (ιιι
889 1796 1009 1869 quidam
1028 1837 1052 1902 B
1068 1810 1199 1867 unquam
1225 1811 1243 1849 e
1270 1799 1364 1849 morte
1379 1792 1488 1848 divitie
1503 1792 1714 1848 redemerunt?
1729 1793 1790 1848 lmo
1805 1808 1892 1864 quem

185 1880 301 1954 putant)
316 1897 375 1954 quo
401 1881 602 1939 confirmetior
626 1881 707 1938 fleret
732 1883 854 1956 repetita
869 1885 1013 1941 sententie
1070 1899 1128 1939 non
1145 1883 1181 1938 ed
1196 1885 1323 1939 mortem
1344 1880 1452 1937 divitie
1472 1884 1652 1954 coegerunt?
1665 1880 1757 1944 Quem
1770 1879 1806 1936 ab
1821 1879 1894 1938 inle-

186 1966 309 2025 diceudo
333 1969 418 2042 (48);
447 1991 461 2020 ιι
488 1969 551 2026 Νοιι
581 1970 623 2028 sio
649 1969 743 2043 impii,
768 1989 826 2028 nou
852 1973 905 2042 sic,
923 1995 937 2022 »
963 1972 1013 2046 qui
1069 1972 1111 2028 ris
1121 1989 1181 2029 sue
1197 1976 1370 2028 revocarunt
1389 1970 1482 2044 opes?
1497 1971 1588 2035 Quem
1603 1967 1733 2043 potentia
1747 1969 1897 2026 excusavit

186 2060 273 2114 erunt
286 2060 427 2130 tunquam
443 2055 539 2130 pulvis
557 2076 565 2126 ;
581 2061 650 2114 sunt
665 2059 743 2116 euim
758 2061 877 2130 terreni,
894 2065 923 2117 et
937 2062 1014 2118 sicut
1069 2059 1211 2133 epoena?
1225 2059 1323 2116 Pulvis
1338 2062 1383 2116 est
1405 2057 1552 2132 impietus,
1578 2057 1656 2114 sicut
1669 2056 1766 2131 pulvis
1780 2061 1826 2114 oet
1839 2055 1894 2113 im·

186 2144 284 2218 pulvis
304 2145 678 2218 projiciturefacisventi‚
694 2147 776 2204 itaet
791 2148 839 2205 isti
855 2148 1013 2223 projicien-
1069 2149 1186 2221 piorum
1212 2148 1361 2223 potentin:
1391 2147 1547 2221 caliginem
1561 2146 1661 2212 infert,
1686 2146 1756 2202 dare
1769 2144 1894 2202 sulutem

187 2235 237 2289 tur
251 2236 281 2290 et
309 2233 534 2306 dissipabuntur
558 2251 576 2290 a
600 2234 712 2308 Spiritu
736 2240 849 2304 ceneto,
866 2237 916 2309 qui
932 2242 1013 2294 terre
1071 2255 1128 2294 uon
1152 2242 1259 2310 potest.
1275 2236 1369 2294 Simul
1392 2241 1426 2294 ut
1449 2236 1607 2293 vehemens
1630 2233 1795 2308 llnrecmpit
1809 2234 1895 2307 spiri-

188 2319 278 2378 lertili
294 2323 382 2393 etque
406 2322 535 2378 fecunde
550 2322 654 2379 anime
666 2323 803 2380 salutaris
819 2325 896 2382 siout
910 2330 1014 2382 ventus
1069 2332 1129 2395 tus,
1147 2326 1259 2400 spargit
1272 2343 1336 2383 cem
1348 2323 1596 2399 etquedissolvit:
1613 2340 1710 2380 nerem
1722 2323 1832 2390 turbet,
1848 2339 1896 2381 so-

194 2413 295 2466 euster
308 2409 436 2482 espirare
450 2410 609 2467 consuevit.
1070 2414 1133 2471 lum
1148 2416 1260 2485 nudut;
1279 2419 1312 2470 ut
1325 2414 1421 2488 pulvis
1444 2413 1608 2487 projicitur,
1623 2412 1721 2470 deficit
1735 2416 1769 2468 ut
1782 2413 1892 2481 sumus,

227 2499 273 2554 55.
289 2497 363 2554 Huic
386 2502 473 2557 vento
492 2499 599 2557 dicitur
611 2500 642 2555 in
665 2499 812 2557 Centiois:
830 2503 941 2572 «Veni,
957 2505 1014 2560 Au·
1069 2502 1208 2576 liquescit
1221 2506 1254 2558 ut
1266 2518 1342 2559 cern.

193 2591 254 2643 ster
263 2587 353 2659 (Cant.
365 2605 403 2654 ιν,
415 2588 490 2660 tot»
503 2593 534 2644 ut
550 2587 705 2646 elementis
716 2590 791 2647 neris
802 2590 945 2649 mollioris
956 2609 1016 2649 cor·
1106 2593 1150 2647 47.
1167 2591 1241 2648 llioo
1251 2590 1382 2664 plerique
1392 2607 1451 2647 non
1461 2591 1637 2647 mediocrem
1650 2593 1803 2647 moverunt
1813 2607 1895 2662 que·

191 2673 238 2732 dis
255 2675 344 2733 nostri
365 2692 435 2733 arva
448 2675 594 2744 laxentur,
610 2694 673 2750 que
689 2678 816 2735 brumali
830 2679 897 2752 gelu
913 2681 1016 2738 stricta
1070 2679 1311 2746 stionemmtrum
1322 2678 1481 2751 perituram
1491 2682 1628 2735 naturam
1640 2678 1774 2735 videatur
1785 2694 1896 2734 assere-

191 2762 366 2837 recipiendis
371 2765 518 2838 gremium
530 2765 892 2842 seminibusdenegebant.
902 2769 1015 2827 Bonum
1071 2785 1102 2825 re
1112 2768 1263 2841 Scriptura
1273 2768 1390 2824 divine:
1406 2766 1534 2824 maxime
1548 2765 1618 2839 quia
1627 2765 1698 2822 alibi
1709 2766 1780 2823 dicit
1792 2784 1799 2822 ι
1810 2764 1895 2822 Com-

191 2851 331 2910 estnobis
347 2855 380 2908 ut
403 2852 451 2908 hic
465 2854 560 2911 ventis
584 2855 703 2928 aspiret,
719 2856 770 2929 qui
795 2873 883 2915 neves
894 2857 1015 2916 Tharsis
1070 2857 1203 2913 minuam
1227 2872 1277 2912 eos
1294 2860 1327 2912 ut
1340 2854 1490 2930 pulverem
1505 2859 1572 2911 ante
1597 2854 1700 2911 faciem
1715 2855 1805 2923 venti,
1820 2859 1850 2910 et
1864 2856 1897 2910 ut

191 2940 317 2999 terentes
330 2959 398 3000 vero
420 2941 570 2999 Salomoni
594 2959 659 3015 qum
675 2944 710 3000 ad
725 2935 950 3018 templum'eJus
966 2964 1015 3004 ne·
1070 2943 1166 3000 lutum
1182 2944 1346 3018 platearum
1371 2944 1472 3000 delebo
1495 2959 1546 3001 eos
1570 2943 1655 3014 (Prot.
1671 2960 1743 3011 xvu,
1759 2943 1822 3016 t3);
1838 2964 1853 2994 e
1869 2946 1899 2999 et

192 3029 320 3088 cessaria
345 3029 491 3100 videntur,
520 3035 600 3089 tutos
626 3033 751 3091 deducat
774 3033 805 3090 in
828 3038 941 3107 portus.
960 3036 1015 3092 Sed
1071 3033 1141 3091 elibi
1157 3052 1164 3090 ι
1183 3057 1197 3084 «
1212 3034 1284 3090 llcce
1297 3032 1514 3090 contundentur
1527 3036 1556 3089 et
1570 3031 1781 3089 reverebuntur
1794 3047 1898 3088 omnes

191 3121 263 3175 tunc
285 3119 340 3176 iste
358 3123 464 3176 ventus
477 3120 598 3194 aspirat,
612 3122 638 3180 si
651 3121 754 3179 boreas
775 3122 824 3180 ille
834 3123 932 3198 gravis
946 3141 1013 3182 ven·
1071 3122 1230 3180 adversnrii
1242 3140 1249 3191 ;
1261 3124 1347 3178 erunt
1361 3121 1440 3178 enim
1455 3125 1597 3194 tanquam
1612 3137 1670 3177 non
1685 3121 1747 3178 sint
1758 3121 1824 3190 (isa.
1838 3137 1897 3192 xer,

193 3211 240 3263 tus
255 3207 326 3264 llere
340 3207 469 3265 desierit.
486 3207 552 3266 ldeo
577 3209 621 3266 vel
644 3209 781 3282 Ecclesia,
797 3209 843 3268 vel
855 3213 954 3269 enima
967 3201 1053 3286 pieG
1073 3212 1127 3284 ll).
1141 3232 1156 3262 ιι
1170 3211 1302 3268 Primum
1319 3226 1387 3283 ergo
1414 3209 1572 3283 interrogo,
1601 3212 1702 3265 utrum
1716 3209 1897 3282 impietatem

192 3294 279 3351 dicit:
291 3317 305 3347 ιι
316 3297 456 3370 Exsurge,
467 3297 599 3364 Borea‚ct
608 3297 684 3364 veni,
694 3300 800 3356 Auster
809 3300 902 3373 (ibid.)
915 3318 922 3370 3
936 3323 950 3351 »
962 3300 1017 3357 hoc
1071 3300 1234 3357 secundum
1245 3303 1380 3355 naturum
1391 3303 1495 3372 putent
1504 3315 1619 3366 esse,au
1631 3298 1901 3371 pretereaturam‘l

193 3387 254 3440 est:
267 3385 311 3464 Tu
323 3385 423 3452 Boree,
439 3386 551 3454 recede,
569 3390 598 3441 et
611 3385 689 3454 vem,
704 3388 826 3445 Auster:
839 3388 937 3461 aspira
949 3389 1016 3446 hor·
1071 3389 1101 3445 Si
1123 3389 1285 3445 secundum
1306 3391 1443 3444 naturam
1458 3390 1591 3444 asserant
1601 3388 1668 3460 (50),
1684 3402 1781 3445 errare
1793 3402 1895 3444 eorum

192 3476 256 3527 tum
280 3487 391 3542 meum,
407 3477 440 3528 ut
455 3473 542 3530 llores
557 3489 615 3531 non
639 3475 793 3543 discuties,
809 3477 859 3532 sed
876 3492 1015 3535 reserves.
1071 3477 1240 3548 opinionem
1255 3480 1367 3532 certum
1384 3481 1439 3534 est.
1456 3476 1588 3549 Denique
1602 3475 1711 3546 dicant,
1727 3479 1828 3532 utrum
1843 3491 1894 3532 ne·

192 3559 634 3638 Animaigiturplenalloribus
657 3563 1016 3637 pietatishorlumhabet,
1070 3569 1143 3620 ture
1158 3567 1311 3638 peccatum
1334 3564 1498 3632 conveniet,
1523 3580 1561 3620 ao
1590 3565 1682 3620 uon‘l
1708 3564 1765 3622 Sed
1784 3568 1900 3620 certum

192 3647 238 3704 vol
257 3648 320 3722 ipss
344 3649 448 3708 hortus
462 3655 516 3720 est,
533 3650 583 3724 qui
600 3652 712 3708 tructus
732 3652 824 3710 leret:
840 3653 939 3710 anime
954 3671 1017 3727 que
1071 3656 1256 3726 estpecoare,
1274 3652 1389 3708 deviare
1411 3667 1476 3708 esse
1491 3652 1572 3708 ubeo
1587 3652 1722 3723 quodest
1735 3652 1898 3710 secundum

193 3737 336 3810 impietati
348 3742 438 3812 patet,
452 3739 601 3812 pulverem
611 3740 709 3811 habet,
726 3741 776 3814 qui
787 3744 832 3798 est
842 3741 1017 3800 infecundus
1071 3745 1220 3798 naturam.
1232 3740 1308 3805 Quid
1319 3740 1410 3813 igitur
1418 3742 1479 3795 tam
1490 3739 1633 3812 ineptum,
1650 3755 1739 3811 quom
1752 3744 1785 3798 ut
1799 3740 1899 3797 dicent

192 3826 228 3882 ad
244 3825 383 3884 fructum.
401 3828 593 3885 Fructilerum
617 3829 737 3902 quidem
752 3828 833 3888 illam
851 3831 926 3888 m
951 3832 1019 3889 lecit
1072 3829 1173 3887 minus
1187 3828 1278 3884 videri
1294 3827 1419 3900 impium
1433 3843 1498 3884 esee
1519 3843 1609 3899 quam
1620 3832 1814 3900 peccatorem,
1830 3844 1898 3885 eum

191 3914 335 3973 Dominus
355 3918 426 3986 ,sed
451 3916 516 3990 ipsa
530 3917 586 3974 sibi
601 3917 719 3992 collegit
741 3917 902 3992 impietatis
916 3921 1016 3994 pelve·
1071 3918 1205 3975 omnium
1216 3916 1441 3974 acerbissimum
1453 3915 1649 3987 eit,quidquid
1660 3915 1902 3972 inDeillerivide·

191 4019 264 4060 reru.
1071 4004 1292 4078 turiujuriam‘t
1304 4003 1423 4069 Quodsi
1435 4000 1525 4076 impie
1539 4019 1634 4075 egere,
1650 4019 1708 4060 non
1733 4007 1779 4058 est
1794 4006 1900 4075 preter

228 4093 271 4148 lb.
288 4091 362 4157 Quid
385 4096 413 4150 ta
429 4094 536 4166 jactas,
553 4112 569 4151 o
593 4095 678 4169 plene
690 4095 873 4170 impietatis?
888 4102 933 4154 nu
949 4098 1019 4170 quie
1073 4100 1208 4152 usturam
1227 4112 1234 4162 ;
1263 4095 1359 4151 vivere
1384 4109 1453 4167 ergo
1478 4093 1568 4165 impie
1583 4092 1746 4149 secundum
1762 4094 1899 4147 naturam

191 4181 353 4239 honoribus
371 4197 404 4238 es
418 4186 533 4256 potens,
546 4187 574 4241 et
589 4184 723 4241 abundas
736 4185 871 4243 divitiis?
885 4186 947 4243 Non
964 4189 1018 4244 sd·
1071 4187 1126 4251 est,
1143 4199 1196 4240 nac
1217 4183 1274 4256 (51)
1297 4182 1407 4255 peccati
1422 4180 1485 4238 loco
1509 4180 1692 4248 habendum,
1708 4196 1760 4237 neo
1776 4179 1899 4252 dignum

191 4270 281 4328 vertis
296 4269 365 4343 quia
375 4269 470 4344 pulvis
480 4286 522 4340 es,
538 4275 608 4328 etto
620 4259 839 4346 dispergeris'et
854 4274 1017 4349 dissipabe-
1072 4271 1297 4346 reprehensione
1306 4270 1535 4328 exsitimeudum
1546 4287 1554 4338 ;
1566 4267 1898 4342 uemoenimrepreheu·

191 4358 244 4416 ris.
257 4358 360 4428 «Vidi,
372 4359 613 4433 inquit,impium
625 4362 874 4434 superexaltatum
887 4367 915 4419 et
925 4362 1018 4421 eleva·
1071 4362 1162 4430 ditur,
1178 4360 1229 4435 qui
1244 4362 1381 4433 operatur
1394 4358 1558 4417 secundum
1574 4361 1721 4414 naturum.
1738 4357 1820 4412 llude
1832 4372 1899 4413 con·

191 4452 256 4503 tum
273 4447 351 4504 sicut
375 4449 476 4506 cedros
501 4448 625 4518 Libeni;
642 4452 670 4505 et
684 4449 816 4520 transivi,
833 4456 863 4508 et
876 4467 942 4509 eece
958 4471 1016 4510 non
1071 4449 1209 4518 cluditur,
1227 4449 1298 4521 quia
1312 4446 1447 4520 impietus
1463 4450 1568 4520 preter
1597 4451 1733 4503 naturam
1750 4446 1826 4502 20⁰
1841 4449 1897 4502 est.

191 4540 254 4592 eret
281 4537 366 4607 (Prot.
391 4554 488 4604 xxxvi,
511 4537 555 4603 35,
571 4537 628 4609 36).
653 4538 759 4603 »Quid
784 4539 1054 4638 gloriansque„
1072 4537 1221 4605 Quomodo
1245 4536 1336 4610 igitur
1367 4551 1435 4592 cum
1465 4535 1628 4609 perditione
1660 4533 1897 4602 consuetudinis,

191 4624 328 4682 multato
343 4625 461 4683 servitis
479 4625 626 4696 ambiunt,
643 4625 728 4684 multi
743 4628 830 4685 amici
854 4631 957 4704 tegunt
972 4630 1013 4689 la·
1069 4635 1275 4696 ὰωλλησομινας
1304 4632 1396 4697 φύσεις,
1425 4623 1481 4681 hoc
1509 4628 1555 4681 eet
1582 4625 1728 4698 perituras
1764 4627 1895 4688 naturas,

190 4716 323 4784 teratur,
336 4713 456 4788 plurimi
471 4718 500 4772 to
515 4715 584 4788 equi
595 4719 771 4788 sequuntur,
788 4733 915 4791 quorum
931 4721 1016 4777 nobis
1071 4717 1184 4773 inducit
1198 4714 1360 4787 Scriptura,
1375 4729 1443 4769 cum
1458 4712 1595 4790 impietas
1620 4729 1677 4770 noo
1693 4710 1795 4783 utique
1808 4712 1894 4765 uatu-

225 4829 283 4912 (482
303 4829 402 4914 ‚liegat
416 4846 516 4888 revera
530 4831 702 4915 scholiastes
722 4833 924 4907 repetitionem
941 4834 1016 4892 hanc
1070 4832 1186 4889 tunicae
1198 4829 1300 4914 limbis
1315 4827 1471 4903 purpureis
1485 4828 1647 4910 decoratus,
1668 4824 1897 4897 magistratuum

190 4915 310 4973 reperiri
327 4918 356 4958 m
371 4901 510 4976 Hexaplo,
537 4907 569 4960 ut
583 4904 682 4962 videre
706 4909 752 4962 est
774 4906 851 4979 epud
867 4906 1015 4964 Nobilium
1071 4921 1104 4961 eo
1115 4902 1258 4960 nobilium
1271 4917 1429 4975 puerorum
1437 4904 1535 4985 uestes
1546 4900 1638 4955 luisse
1648 4899 1832 5023 iiiilsieirig?
1841 4900 1898 5021 geli.

190 4987 283 5114 wig)
294 4971 545 5111 hlodosiiiroo'nnulli,
560 5048 589 5102 et
604 5047 739 5119 quedam
761 5047 831 5104 edit.
848 5047 951 5115 Paris„
966 5052 1017 5106 out
1070 4976 1153 5115 iiiiii}
1166 4977 1430 5108 ‹iiiiiiilelnierroaiarmor
1431 4976 1656 5113 iiiiiiliia‘iiiiii'ei)
1656 5036 1805 5112 explicari,
1818 5007 1856 5094 eo
1871 5039 1896 5094 si

189 5115 307 5170 nitentes
320 5131 389 5173 auro
404 5117 583 5189 triumphales
609 5119 721 5190 palmae.
751 5117 809 5174 Alii
838 5135 911 5176 mss.
927 5125 1015 5203 atque
1069 5118 1225 5193 legeretur,
1242 5134 1315 5174 caro
1329 5115 1449 5189 suffultae
1463 5130 1496 5169 oc
1509 5115 1639 5184 rigentes.

189 5184 272 5256 edit,
286 5185 424 5258 palmate.
449 5187 573 5257 Melius;
590 5189 736 5248 nonenim
760 5192 869 5246 temere
884 5189 1015 5248 invema-
1105 5191 1162 5259 (50)
1187 5189 1256 5246 Cod.
1281 5188 1356 5244 Vict.
1383 5189 1412 5242 et
1435 5184 1529 5252 Colb.,
1552 5183 1683 5239 Arserunt
1703 5179 1774 5252 quod
1788 5195 1821 5236 eo
1835 5194 1899 5252 quse

189 5259 238 5312 tur
252 5256 288 5313 ab
316 5255 543 5332 imperatoribus
567 5261 596 5316 in
621 5259 781 5343 triumphis
804 5259 928 5332 palmas,
971 5280 1014 5319 ue
1070 5261 1238 5318 nutrcroliter
1251 5259 1410 5323 subsistant,
1428 5257 1544 5311 interire
1556 5253 1685 5327 [unditus
1700 5253 1897 5335 nequeuntem

188 5341 290 5383 eorum
306 5331 422 5386 tentum
437 5331 487 5402 qui
503 5331 548 5388 vel
562 5331 594 5387 iu
608 5331 790 5415 olympiacis,
806 5330 850 5387 vel
865 5279 1015 5405 inguim·
1070 5349 1144 5403 rare,
1160 5347 1284 5404 quoram,
1301 5333 1356 5385 etc.
1373 5327 1482 5382 Verum
1507 5325 1568 5383 hec
1593 5325 1681 5381 verba
1697 5329 1795 5406 potrus
1810 5327 1897 5379 otiosi

188 5397 272 5454 toriis
287 5397 366 5457 ludis
389 5401 528 5472 vicerant,
544 5419 664 5474 premis
677 5407 771 5468 erant,
794 5417 884 5462 msnu
906 5407 1013 5476 gestari
1070 5401 1237 5603 οἰζυιρὶιιιι
1254 5399 1353 5472 glosse
1368 5397 1513 5467 videntur,
1530 5413 1620 5482 quam
1642 5400 1772 5452 auctoris
1787 5398 1895 5451 textus.

1117 5475 1163 5547 51)
1179 5473 1250 5528 blss.
1267 5468 1388 5541 eliquot,
1405 5467 1524 5538 Quodsi
1538 5469 1621 5542 impii
1647 5483 1729 5538 opere
1741 5470 1783 5522 eet
1795 5473 1898 5539 preter

1119 5561 1200 5602 erem
1215 5562 1224 5608 ,-
1239 5543 1329 5598 etum
1344 5541 1572 5611 ergosecundum
1591 5549 1722 5598 murem
1735 5539 1898 5610 properasti

187 5611 436 5684 triumphantium
452 5621 625 5674 ornamenta
639 5621 741 5686 erant;
765 5618 1013 5689 quemadmodum
1071 5618 1129 5676 loco
1145 5613 1300 5673 leuberedum
1313 5615 1365 5682 ert,
1377 5627 1438 5678 nec,
1458 5615 1514 5668 etc.

184 5687 344 5755 pretextae,
374 5703 438 5759 que
467 5688 521 5746 boc
549 5689 614 5761 ipso
644 5688 846 5762 nominentur,
875 5689 930 5749 hoc
958 5697 1012 5764 est,

187 5467 290 5526 solitos
304 5493 312 5538 ;
325 5476 356 5526 ιιι
369 5489 436 5529 vero
476 5473 598 5542 elmete,
621 5474 650 5529 id
673 5479 728 5540 est,
750 5477 823 5545 loge
839 5473 945 5546 palmis
960 5493 1014 5534 sou

187 5539 286 5612 pictis,
302 5541 374 5608 sive,
391 5548 423 5601 ut
438 5492 530 5617 aiiqui
546 5544 658 5615 volunt,
673 5544 742 5602 latis
755 5543 844 5602 clavis
856 5545 1013 5618 distincte,
1068 5565 1088 5602 n
