4159 6184
155 347 204 420 coe
719 347 916 416 ironooiii
939 350 1164 416 cinnamo
1184 350 1308 414 nitio
1794 317 1872 421 'cio
1900 422 1904 432 ,

156 490 208 546 lai-n
226 503 274 544 me
291 485 330 541 nb
346 483 497 558 injustitia
512 499 585 542 mea.
599 507 613 537 ii
630 485 755 542 Grandis
771 487 848 540 onim
866 482 986 556 squalor
1001 488 1027 553 ,t
1043 488 1168 557 pientio.
1185 487 1225 541 Ex
1240 485 1287 538 bis
1312 482 1413 539 nullus
1438 488 1534 557 potest
1557 487 1673 545 dicere:
1690 514 1704 541 «
1726 493 1871 559 Quoniam

155 585 179 637 et
196 576 316 635 macula
331 592 392 632 ooo
408 574 525 648 exiguo,
543 575 593 632 scd
609 576 701 632 multo
711 578 843 632 aufertur
859 574 983 631 laviicro.
1042 575 1228 648 imquitatem
1241 589 1337 628 ineam
1348 589 1401 646 ego
1412 591 1539 647 agnuam
1552 594 1558 632 ι
1570 596 1584 629 a
1597 568 1766 654 sedillequt
1777 587 1875 655 potest

186 670 261 727 600
278 669 325 722 45.
344 663 428 730 Quod
444 659 553 736 siquis
577 663 661 721 aliter
684 665 814 736 accipere
841 663 913 729 vult,
933 680 984 736 po·
1040 664 1139 720 dolere
1153 661 1233 733 quod
1251 661 1361 732 lecerit,
1390 664 1585 722 condemnare
1600 669 1678 740 qnod
1704 669 1874 744 deliquerit,

154 765 203 818 test
217 760 259 826 ila
273 771 366 813 suum
383 753 514 810 formare
528 751 709 809 intellectum
724 769 730 806 :
749 753 874 809 mundat
888 767 984 808 sermo
1042 769 1130 825 quem
1143 748 1281 807 auaritia
1290 756 1504 824 compungunt.
1521 753 1603 813 Unde
1613 762 1642 812 et
1652 757 1797 832 Propheta
1811 761 1873 817 ait:

155 849 272 915 divinus,
282 843 411 901 mundat
421 843 526 897 nostra
536 841 680 898 confessio
693 858 699 896 :
713 840 761 896 illc
772 843 842 896 dum
854 841 984 910 auditur,
1041 865 1056 891 «
1071 842 1139 906 Qun
1148 838 1250 894 dicitis
1261 838 1290 891 io
1301 840 1439 896 cordibus
1449 843 1566 912 vestris,
1582 850 1611 901 et
1621 846 1651 902 in
1667 849 1816 907 cubilibus
1825 867 1875 908 ve-

155 939 204 996 ista
215 937 289 992 dum
305 931 458 1006 promitur
474 946 481 997 ;
500 930 626 986 mundat
639 930 716 986 boun
732 929 880 1002 cogitatio,
896 944 984 983 mun·
1041 930 1111 987 stris
1119 926 1356 999 compungimini
1367 930 1452 999 (Prot.
1463 948 1501 999 iv,
1511 935 1549 1003 5).
1559 957 1573 983 »
1585 934 1719 1009 Plerique
1729 947 1875 1013 equorum

154 1029 196 1083 dat
219 1026 347 1082 honesta
362 1017 508 1094 operatio,
525 1017 610 1072 boore
635 1034 752 1091 quoqne
776 1035 849 1073 usus
864 1033 985 1072 conver·
1042 1035 1110 1074 eum
1121 1013 1296 1082 ceciderint,
1307 1018 1457 1088 sejactare
1480 1032 1678 1094 consueruot;
1693 1031 1721 1083 et
1736 1045 1811 1100 quos
1826 1047 1876 1087 ca·

154 1115 277 1173 sationis.
293 1111 347 1168 llis
364 1108 534 1166 mundatus
559 1107 764 1179 unusquisque
781 1105 895 1162 lucilius
910 1105 985 1161 hau·
1042 1124 1094 1163 sus
1109 1123 1170 1162 neo
1188 1103 1453 1176 laeseritijssclflndo
1467 1125 1498 1164 ὅθ
1510 1111 1665 1171 debilitant
1679 1118 1708 1171 el
1721 1117 1874 1193 frangunt·

152 1207 191 1273 rit,
205 1209 231 1259 et
246 1209 392 1274 tanquam
417 1198 447 1252 in
464 1213 496 1252 se
512 1196 593 1267 rapit
608 1197 794 1268 splendorem
810 1195 909 1267 gratie
925 1194 985 1266 spi·
1042 1196 1099 1251 Alii
1123 1192 1238 1267 (qualis
1265 1191 1432 1252 Gtaeuutum
1462 1215 1606 1271 equorum
1635 1202 1727 1261 fertur
1757 1213 1876 1284 nutura)

154 1293 246 1350 ritulis.
272 1289 407 1362 Denique
423 1304 480 1343 ooo
508 1283 985 1340 uoninl'usicnevellerisstatim
1042 1302 1110 1340 curn
1133 1281 1181 1338 vel
1198 1281 1229 1336 in
1256 1285 1415 1341 certamine
1437 1289 1682 1362 curulit2lileliei
1709 1296 1876 1356 fuerintvel

154 1383 290 1457 pretiosus
306 1393 414 1434 succus
429 1373 568 1436 irradiet,
586 1373 638 1429 sed
653 1373 782 1445 primum
799 1388 887 1427 succo
902 1372 985 1445 igno.
1043 1374 1164 1430 fortuito
1191 1371 1359 1440 ceciderint,
1384 1376 1458 1432 cui
1485 1394 1671 1452 nequaquem
1696 1401 1728 1440 se
1760 1403 1876 1448 movere

156 1472 198 1530 bili
211 1469 304 1527 vellus
319 1467 467 1532 inficitur;
485 1461 599 1518 deinde
615 1461 682 1516 aliis
702 1467 791 1533 atque
807 1461 873 1516 aliis
889 1461 987 1517 succis
1043 1464 1239 1526 consuerunt,
1251 1465 1280 1514 st
1290 1465 1450 1532 quamdam
1461 1469 1677 1540 tenentquietis
1687 1477 1715 1529 et
1727 1476 1875 1546 patientia

156 1559 288 1618 naturalis
299 1559 364 1628 ejus
379 1553 490 1627 specim
505 1551 682 1622 frequenter
696 1550 816 1618 eluitur,
833 1553 861 1604 et
872 1549 987 1606 diuerso
1044 1548 1250 1621 disciplinam.
1274 1549 1325 1606 His
1349 1551 1373 1606 si
1399 1569 1486 1610 casus
1501 1573 1558 1614 oon
1574 1561 1685 1631 nocuit,
1707 1564 1792 1635 quies
1805 1584 1876 1639 pro·

155 1650 253 1723 ,pptug
277 1646 374 1703 colore
398 1647 552 1698 mutatur:
583 1655 618 1694 ue
644 1639 685 1694 sic
710 1641 812 1710 postea
829 1638 908 1700 velut
923 1637 988 1711 plc-
1045 1638 1129 1704 dcst;
1147 1641 1228 1692 certe
1244 1654 1301 1691 ooo
1326 1641 1481 1696 acerbatur
1502 1645 1635 1702 offensio.
1661 1649 1762 1708 Nonne
1784 1657 1877 1712 mutia

155 1735 362 1797 niorislavaeri
384 1732 541 1788 adhibetur
571 1728 703 1798 iniectio,
731 1731 762 1782 iit
787 1744 988 1800 purpuraeve·
1046 1725 1230 1781 animalibus
1245 1725 1402 1784 deteriores
1416 1730 1591 1803 estimanti,
1609 1736 1660 1807 qui
1673 1741 1745 1794 seio
1756 1741 1878 1814 flagitiis

155 1830 208 1885 rior
223 1832 310 1900 atque
335 1820 488 1896 perfectior
516 1816 620 1889 l'ulgor
645 1814 781 1870 irrutilet.
802 1815 884 1870 Sicut
898 1815 991 1890 igitur
1047 1816 1110 1870 suis
1120 1816 1248 1885 jactant,
1279 1819 1308 1870 et
1322 1820 1427 1888 putant
1452 1818 1567 1893 insigne
1590 1840 1655 1880 esse
1677 1826 1805 1896 virtutis,
1826 1833 1877 1888 ubi

156 1916 297 1974 muricum
314 1911 510 1986 plurimum
533 1905 565 1959 in
588 1919 725 1976 purpuria
753 1903 923 1973 infectione,
947 1903 990 1959 ita
1046 1904 1149 1976 lapsus
1164 1908 1211 1958 est
1235 1903 1392 1961 criminis?
1415 1907 1482 1964 Ideo
1511 1911 1596 1982 quasi
1612 1919 1695 1969 muto
1710 1914 1876 1991 dicitorJ'u-

155 2010 183 2065 in
195 2006 309 2062 lavacro
333 1994 564 2073 regenerationis
591 1991 817 2048 miserationum
837 1999 882 2050 est
910 1993 988 2062 mul·
1045 1995 1166 2047 mento:
1186 2012 1200 2041 a
1216 1992 1355 2065 Peccanti,
1370 1996 1488 2067 quiesce
1503 1998 1579 2070 (Gen.
1597 2018 1635 2069 iv,
1650 2003 1689 2075 7).
1708 2026 1722 2054 a

157 2097 246 2153 titudo
268 2090 443 2156 coelestium,
469 2090 502 2142 ut
531 2081 675 2155 iniquitas
708 2081 852 2138 deleatur.
886 2083 989 2155 itaque
1023 2143 1026 2156 .
1082 2081 1126 2134 47.
1144 2079 1229 2136 Unde
1242 2080 1364 2152 pulchre
1378 2085 1540 2141 ardidim»
1557 2089 1591 2143 Et
1616 2090 1757 2149 delictum
1776 2111 1877 2154 meum

156 2187 203 2260 qui
227 2184 257 2239 in
273 2180 400 2238 multum
424 2176 549 2240 lavatur,
567 2171 603 2226 ab
619 2170 766 2240 injustitia
782 2172 946 2227 mundatur
960 2175 990 2226 ct
1047 2173 1149 2224 contra
1165 2185 1213 2225 ine
1227 2175 1273 2226 est
1287 2187 1412 2243 semper.
1430 2196 1444 2223 »
1459 2175 1604 2248 iusipiens
1619 2180 1699 2236 enim
1715 2182 1878 2244 delectatur

157 2272 303 2339 adelicto,
329 2271 357 2324 et
383 2261 524 2339 peccandi
550 2258 710 2331 quomdam
726 2259 860 2315 inolitam
881 2259 990 2315 studiis
1045 2258 1197 2313 erroribus
1212 2259 1285 2328 suis,
1302 2265 1331 2316 et
1345 2263 1427 2318 novis
1451 2270 1549 2322 vetera
1574 2268 1791 2339 obumbrando,
1807 2290 1878 2347 peo-

157 2380 189 2420 ac
207 2360 340 2416 moribus
364 2351 484 2425 deponit
512 2347 725 2415 habitudinem,
749 2353 778 2402 et
805 2349 991 2404 obliviscitur
1046 2347 1119 2401 catis
1145 2363 1177 2401 se
1200 2348 1348 2404 existimat
1375 2352 1527 2423 adjuvari3
1554 2354 1677 2429 ideoque
1702 2359 1877 2419 exsultatio

157 2449 338 2524 qualitatem·
356 2443 390 2498 gt
418 2441 493 2496 bene
507 2437 623 2493 lavatur
646 2435 681 2490 nb
710 2435 859 2506 injustitia
872 2437 916 2493 vel
932 2436 989 2491 ini·
1046 2434 1180 2491 crimine.
1196 2439 1233 2491 At
1246 2453 1313 2493 vero
1338 2439 1456 2512 sapiens
1471 2443 1626 2500 adversum
1643 2463 1675 2503 sc
1684 2448 1801 2519 judicat
1812 2467 1878 2508 csse

158 2539 279 2614 quitata,
296 2549 359 2608 quae
373 2529 467 2601 major
480 2532 525 2583 est
537 2541 543 2580 ε
554 2524 748 2580 mundaturet
764 2525 897 2582 adelicto
910 2525 990 2599 qiiod
1047 2522 1186 2578 delictum
1201 2541 1300 2593 suum,
1316 2533 1345 2581 et
1368 2534 1509 2601 tanquam
1536 2532 1658 2590 hostiles
1673 2537 1762 2607 acics,
1776 2538 1819 2594 ita
1833 2537 1877 2595 la·

159 2628 256 2684 minus
271 2629 324 2681 es,-
1047 2627 1119 2684 psus
1134 2611 1288 2682 culparum
1319 2631 1439 2672 suarum
1464 2619 1684 2678 adversantium
1707 2626 1794 2681 modo
1819 2627 1876 2683 sibi

480 2701 599 2760 CAPUT
620 2700 665 2756 lx,
963 2767 964 2772 ἵ
1047 2698 1207 2754 arbitratur
1236 2701 1387 2761 obsistere.
1413 2704 1559 2780 Quidquid
1577 2713 1771 2782 personuerit,
1788 2714 1873 2786 quid-

160 2811 262 2864 Puures
275 2817 339 2858 cum
353 2796 441 2854 llooid
466 2799 642 2865 pernotuere
656 2806 811 2860 agnoscere,
828 2795 883 2849 imo
897 2795 991 2866 piures
1047 2786 1118 2858 quid
1133 2788 1320 2862 increpuerit,
1347 2791 1433 2864 culpa
1448 2794 1474 2849 ei
1489 2797 1607 2868 propria
1630 2815 1747 2872 semper
1769 2817 1874 2858 oecur-

194 2878 227 2933 de
255 2875 313 2930 illis
345 2869 464 2942 plorimi
481 2881 493 2928 ,·
534 2870 684 2962 seuientem
718 2861 812 2919 delicti
839 2866 891 2948 sut]
914 2881 990 2920 utin·
1046 2878 1104 2945 rit;
1129 2877 1275 2949 quidquid
1300 2880 1388 2936 luerit
1411 2882 1523 2940 dictum
1554 2891 1606 2941 aut
1637 2886 1757 2958 lectum,
1780 2890 1809 2946 in
1841 2909 1873 2949 se

194 2939 991 3078 Ξὲιιιὲνῆιίἰὲῑιέἓηίὶζιθίῃῃΐὲῗέἔῖεῖ’.ειθῑῖηὲἰέαωῗὲῗθνῗὲἑῖχ
1046 2966 1159 3022 dictum
1182 2971 1289 3038 putnt;
1315 2969 1457 3042 quidquid
1482 2971 1650 3044 intenderit,
1677 2994 1708 3034 sc
1733 2983 1817 3049 outo,
1842 2998 1874 3038 se

196 3105 259 3144 inec
273 3101 350 3146 esse:
367 3097 451 3154 querc
473 3085 553 3150 pacto
568 3075 619 3130 illu
634 3074 795 3146 baptisante
810 3095 843 3132 ue
855 3080 990 3149 poeniten·
1047 3055 1140 3112 ΟΜΝΗ
1168 3055 1223 3126 (25)
1249 3055 1360 3130 signari
1382 3063 1476 3131 putat.
1493 3060 1524 3115 Si
1550 3062 1697 3137 epuletur,
1715 3068 1740 3123 si
1754 3070 1873 3142 cogitet,

196 3155 384 3218 tiocliurituti
401 3145 713 3222 coiijunctottelcantar.
1046 3148 1071 3202 si
1103 3149 1165 3200 oret
1197 3161 1231 3199 ac
1264 3146 1444 3219 deprocetur,
1478 3154 1544 3206 ante
1579 3153 1680 3211 oculos
1711 3159 1776 3230 ejus
1795 3175 1873 3214 sem·

197 3249 242 3305 ic.
271 3245 397 3315 ideoque
423 3236 554 3294 addidit:
589 3257 603 3284 a
630 3234 772 3297 Quoniam
805 3215 1027 3309 iniquitutemC
1046 3252 1098 3307 per
1124 3237 1171 3288 est
1198 3251 1280 3289 error
1307 3237 1454 3309 proprius,
1483 3244 1512 3294 et
1546 3245 1704 3301 momentis
1734 3247 1874 3304 omnibus

161 3352 260 3394 ineam
274 3344 489 3406 egoagnoscc;
507 3323 689 3380 etdelictum
705 3331 921 3381 meumcontra
944 3342 992 3380 me
1047 3323 1134 3395 culpa
1165 3321 1265 3392 pulsat
1288 3324 1508 3393 conscientiam,
1544 3345 1598 3386 nec
1631 3333 1791 3404 quiescere,
1821 3352 1873 3393 nec

160 3431 207 3483 cst
221 3439 339 3495 semper
365 3417 453 3490 (Psoi.
478 3433 504 3481 a,
519 3413 559 3484 5).
587 3435 602 3462 »
628 3412 689 3467 Nun
716 3413 861 3470 mediocre
884 3419 938 3480 est,
960 3419 993 3469 ut
1047 3409 1179 3467 oblivisci
1213 3411 1293 3480 sinit,
1320 3412 1401 3468 velut
1427 3415 1523 3487 gravis
1556 3434 1660 3477 censor
1689 3423 1816 3496 exagitat
1842 3441 1874 3480 so

160 3515 303 3589 agnoscat
326 3505 535 3578 unusquisque
561 3505 712 3574 peccatum
737 3517 836 3557 suum.
868 3503 992 3575 ideoque
1045 3504 1156 3555 terrore
1184 3513 1335 3571 perpetuo.
1367 3501 1473 3557 Omnia
1499 3504 1590 3576 igitur
1619 3510 1740 3567 adversa
1767 3511 1873 3586 babet,

161 3610 191 3660 et
206 3617 297 3673 supra
312 3599 371 3653 ait:
389 3619 403 3645 «
432 3595 547 3666 Lapsae
562 3589 628 3664 quis
651 3588 793 3662 intelliget
807 3591 891 3662 (Paul.
909 3607 990 3659 xviii,

160 3691 234 3764 titt
249 3712 264 3740 »
280 3687 308 3743 id
326 3691 381 3752 est,
397 3683 466 3756 quia
489 3685 534 3736 est
548 3683 649 3735 tantos
673 3683 704 3734 ut
728 3678 898 3750 intelligat?
916 3678 993 3743 Quo-

161 3779 252 3838 modo
269 3775 340 3832 titud
354 3791 362 3830 ε
377 3795 390 3823 n
416 3770 486 3836 Quis
510 3767 655 3824 habitabit
679 3767 708 3822 in
729 3767 916 3822 tabernaculo
930 3773 992 3835 tuo,

161 3872 217 3925 aut
232 3864 298 3939 quis
324 3860 465 3930 ascendet
487 3858 517 3912 in
548 3861 678 3912 montem
695 3855 810 3912 Domini
831 3855 918 3926 (Parit.
933 3873 992 3922 xiv,

165 3957 217 4029 1)?
234 3979 248 4005 »
275 3953 337 4010 Non
364 3948 465 4022 utique
491 3945 600 4010 nullus,
634 3944 683 4002 scd
709 3962 803 4003 rarus.
829 3944 881 4008 Qui
914 3945 993 4001 enirn

163 4047 263 4118 potest
278 4051 446 4114 agnoscere,
463 4039 560 4108 potest
574 4033 730 4100 declinare,
753 4037 849 4106 potest
863 4033 932 4105 quid
949 4051 993 4090 se-

164 4135 279 4206 quatur
291 4129 407 4202 eligere.
426 4123 561 4196 Plerique
576 4122 606 4177 in
630 4123 694 4178 suis
718 4121 851 4194 lapsibus
865 4121 994 4195 gloriari·

165 4227 228 4284 tur,
243 4223 271 4274 et
287 4221 392 4291 putant
406 4231 440 4270 aa
454 4212 537 4268 laudi
560 4227 623 4267 esse
646 4228 710 4283 quae
734 4211 851 4266 crimini
870 4217 949 4266 sunt.
965 4211 994 4268 Si

165 4311 300 4365 alienum
322 4301 522 4376 coinquinavit
547 4298 678 4366 thorum,
705 4304 733 4354 et
754 4299 865 4372 pudicis
880 4299 995 4356 leminea

1048 3587 1098 3661 qui
1128 3587 1190 3658 ipse
1218 3588 1275 3643 sibi
1303 3589 1448 3661 displicet,
1469 3592 1532 3663 ipse
1562 3597 1609 3651 sui
1629 3606 1791 3669 accusator,
1811 3603 1875 3676 ipsc

1048 3676 1111 3733 suis
1130 3675 1215 3730 testis
1243 3681 1299 3746 est,
1319 3694 1372 3733 nec
1400 3679 1588 3753 invenitque
1617 3686 1719 3759 lugiet,
1741 3690 1792 3762 qui
1812 3692 1875 3764 ipsa

1048 3783 1081 3821 se
1100 3769 1248 3837 perurget,
1275 3772 1304 3820 et
1323 3765 1467 3823 stimulat.
1498 3769 1554 3824 Sed
1580 3771 1635 3828 boc
1664 3776 1746 3831 bonsc
1766 3779 1875 3835 meotis

1049 3859 1103 3924 est,
1122 3851 1230 3908 vulnus
1250 3855 1357 3929 sentire
1375 3856 1494 3928 peccati.
1516 3857 1589 3914 Nam
1610 3863 1659 3933 qui
1679 3869 1811 3934 expertes
1825 3867 1875 3923 do·

1048 3943 1120 3999 loris
1148 3946 1228 4006 suot,
1264 3960 1321 3998 non
1357 3944 1490 4001 sentiunt
1516 3945 1647 4006 vulneris
1675 3953 1873 4023 acerbitatem,

1049 4032 1127 4105 quod
1143 4035 1189 4087 est
1210 4031 1436 4089 immedicabilis
1464 4035 1666 4108 aegritudinis:
1697 4040 1748 4111 qui
1775 4045 1874 4098 autem

1049 4121 1149 4194 aliquo
1164 4119 1263 4176 dolore
1277 4129 1459 4195 punguntur,
1490 4124 1567 4181 sicut
1589 4126 1699 4184 doloris
1714 4146 1803 4186 serisii
1817 4147 1875 4188 ooo

1050 4213 1160 4276 carent,
1185 4207 1226 4264 ito
1249 4209 1338 4265 etiarn
1362 4227 1420 4266 non
1445 4217 1544 4267 carent
1571 4216 1706 4272 sanitatis
1732 4218 1874 4290 prolecto.

1051 4298 1105 4354 Ubi
1131 4296 1209 4352 coici
1234 4297 1482 4371 doloris-sensus,
1507 4301 1547 4356 ibi
1571 4305 1660 4360 atiani
1694 4321 1801 4363 sensus
1832 4313 1877 4365 est

60 5772 70 5782 .
165 5715 272 5774 mium
287 5709 435 5792 perveniat
449 5707 620 5772 inoffensus.

164 4395 347 4470 expugnavit
360 4393 510 4456 allectum,
536 4389 562 4442 si
585 4388 678 4444 vidue
701 4388 882 4460 propositum
898 4387 996 4462 aliqua
1050 4387 1133 4453 vitae3
1150 4385 1258 4441 sentire
1275 4387 1353 4441 enim
1368 4387 1467 4442 vitalis
1482 4388 1589 4460 vigoris
1619 4410 1651 4449 nc
1673 4396 1805 4452 muneris
1819 4403 1874 4455 „gg

164 4489 179 4542 l
180 4485 272 4542 raude
288 4481 429 4539 mutavit:
448 4478 524 4534 alius
541 4492 610 4532 nece
625 4477 763 4546 bominis,
790 4475 936 4532 latrocinii
951 4477 996 4534 io·
1051 4475 1133 4531 Unde
1147 4479 1176 4529 et
1200 4473 1248 4528 ille
1271 4474 1320 4546 qui
1345 4491 1472 4531 errorem
1489 4494 1577 4535 suum
1599 4498 1657 4537 noo
1672 4484 1814 4557 agnoscit,
1830 4485 1878 4541 in-

164 4573 266 4640 sidiis,
282 4577 311 4628 et
326 4573 409 4643 rapto
438 4569 532 4623 rivere
561 4569 645 4637 putat
672 4582 738 4620 esse
764 4564 905 4620 virtutis:
923 4565 1142 4648 ooo-psanit,
1168 4563 1249 4631 lorii,
1275 4563 1401 4635 desipit;
1428 4565 1478 4637 qui
1498 4573 1596 4625 autem
1618 4572 1759 4645 agnoscit,
1775 4573 1877 4646 utique

166 4663 246 4720 nulli
261 4657 472 4718 circumvenire
501 4672 534 4711 ac
549 4653 648 4710 sollers
663 4653 843 4709 arbitrantur
866 4670 929 4710 esse
952 4671 998 4710 sa·
1054 4652 1209 4724 resipiscit,
1225 4668 1283 4707 non
1311 4653 1424 4725 respuit
1448 4659 1577 4713 remedia
1601 4659 1746 4729 sunitatis,
1770 4663 1821 4717 sed
1846 4679 1877 4718 ae

209 4788 267 4860 (24)
282 4787 388 4842 Florum
426 4782 455 4838 ui
469 4780 499 4836 in
515 4777 609 4837 curuli
625 4778 783 4833 certamine
799 4795 889 4849 equos
905 4779 999 4852 agita·
1055 4780 1241 4834 commonet:

317 4859 322 4867 “
371 4857 377 4868 ”
560 4850 589 4904 iri
613 4849 705 4905 ustrin
733 4850 899 4905 utiervoti
991 4881 1001 4893 -
1206 4891 1212 4907 ,
1367 4894 1379 4908 n

167 4851 1001 5057 iiiiii*-33fi⁰⁸lt³tcitiiiiilii*
1185 4892 1771 5033 mittitieiitnrinsim

167 5019 223 5084 m?
242 5018 274 5084 '¹⁰
287 5016 322 5061 us
347 5011 477 5071 prome
503 5011 551 5066 qm
593 5011 622 5048 m
815 5011 943 5074 ·a⁰·⁴⁰
992 5037 999 5064 '
1134 5034 1231 5084 Κύκλου
1244 5010 1370 5095 ooiqruio·
1386 5037 1454 5085 λίθου
1469 5037 1490 5084 δ’
1504 5038 1605 5087 &lindos
1620 5039 1742 5104 ἐπαυριῖν,

166 5068 673 5213 ὶῐΠΙΙιίωθᾞέῑ.Ἓξῃίηθᾶθῐὲωὲῗέξωῗῐξὶ
679 5063 919 5206 ρὲἕίἓεὲἳ.ιω8ἰιι]ῗ
924 5081 1001 5191 {inoffi
1134 5106 1224 5166 Μήπως
1235 5106 1324 5166 ἵππους
1337 5123 1363 5155 τε
1378 5109 1481 5214 epitrope,
1496 5109 1560 5155 κατά
1573 5109 1593 5156 θ’
1606 5111 1705 5174 ἅρματα
1718 5112 1784 5177 stit·

166 5212 364 5286 contingebat
379 5227 438 5267 noo
460 5224 534 5278 raro,
550 5211 584 5262 ut
608 5207 792 5278 frangeretur
813 5222 932 5272 currus,
949 5207 1000 5262 eli·
1057 5205 1117 5260 Hoc
1137 5209 1198 5260 est:
1220 5228 1234 5254 «
1251 5205 1352 5276 liquos
1370 5209 1489 5259 sinister
1503 5209 1686 5285 urgeaturad
1703 5214 1823 5277 metam,
1840 5212 1880 5269 ita

165 5277 1003 5354 deranturequi,utqueetiamioterdumaurigamisere
1057 5282 1091 5331 ut
1109 5276 1335 5346 ejussummam
1363 5276 1622 5355 partemvideatur
1644 5279 1796 5336 elaborata
1812 5289 1880 5340 νοω,

165 5359 394 5415 dilaceraretur.
406 5348 674 5410 Pseudo-Orestem
689 5348 832 5420 ejusmodi
845 5349 1004 5406 certamine
1059 5347 1204 5403 modiolus
1219 5350 1347 5416 tangere,
1364 5362 1391 5398 in
1407 5344 1533 5416 lapidem
1560 5365 1626 5404 vero
1644 5368 1699 5406 non
1717 5352 1879 5428 impingat;

165 5429 279 5486 laniati
290 5443 391 5482 cesum
407 5420 623 5494 elegantissime
638 5419 776 5475 describit
794 5419 952 5491 Sophocles
973 5421 1002 5476 in
1059 5437 1096 5475 oe
1109 5436 1168 5491 quo
1182 5415 1267 5471 inodo
1280 5420 1308 5470 et
1322 5432 1412 5487 equos
1426 5415 1572 5487 vulneres,
1597 5426 1624 5475 et
1640 5439 1758 5479 currum
1773 5424 1804 5480 in
1822 5431 1880 5483 ter-

164 5501 299 5557 Electra.
316 5499 388 5553 Hinc
403 5497 490 5551 etiarn
512 5493 664 5558 Homerus,
690 5489 824 5554 iliade,
854 5490 1002 5548 Nestorem
1060 5507 1120 5546 rain
1137 5490 1281 5559 dejectum
1298 5488 1426 5558 frangas.
1445 5509 1461 5568 ''.
1477 5488 1555 5544 idem
1575 5491 1651 5548 inira
1669 5511 1727 5550 non
1743 5494 1880 5554 incruen-

163 5571 293 5628 inducit
307 5569 365 5625 lilio
380 5583 498 5622 currum
512 5567 656 5636 agitatore
679 5568 764 5616 caute
790 5561 1004 5634 praecipientem
1058 5569 1122 5618 tuin
1137 5561 1256 5638 uniuse
1280 5558 1521 5639 concurrentibus
1536 5561 1651 5634 lapsum
1668 5572 1776 5635 narrat,
1792 5586 1880 5642 quem

166 5659 239 5718 qua
253 5641 363 5697 ratione
378 5655 468 5712 equos
479 5637 515 5692 ab
537 5651 570 5690 so
596 5632 655 5764 regi
672 5639 813 5706 oporteat,
830 5639 862 5688 iit
873 5635 909 5689 ad
932 5652 1004 5707 pris·
1059 5632 1112 5690 tibi
1127 5631 1217 5696 adire,
1234 5645 1258 5684 si
1273 5627 1354 5699 libet,
1370 5629 1445 5686 licet

650 5709 715 5764 oter
729 5708 832 5776 catera
851 5709 949 5766 auum
965 5706 1006 5766 its
1095 5703 1152 5783 (25)
1168 5701 1239 5762 Mes.
1255 5704 1680 5782 quorummediterranei,
1700 5712 1755 5771 eto.
1826 5725 1831 5732 ·
