4159 6184
167 363 172 371 ·
209 338 269 401 saa
937 278 970 387 sss
993 318 1181 389 annscsn
1853 318 1914 391 cos

209 476 312 528 rentur
323 466 485 527 honoribus
499 464 514 523 l
528 465 569 522 lix
584 478 643 537 quc
658 462 769 519 lactum
796 463 851 529 est,
871 462 904 514 at
932 461 1030 531 partes
1045 454 1073 523 Α
1087 458 1144 515 bus
1156 458 1305 517 ascillas-is
1319 459 1480 532 prudentia
1495 456 1661 533 disciplinis
1683 443 1837 517 lnlonmsri
1867 465 1912 517 st-

210 559 313 617 mundi
328 558 397 615 deos
412 572 476 615 esse
491 547 790 623 crederent,qnsmvis
800 548 836 604 de
847 548 910 620 ipso
921 546 1032 603 mundo
1089 564 1146 619 que
1160 547 1268 604 instrui
1282 548 1469 607 desideravit.
1493 549 1548 613 Qui
1562 564 1631 605 eum
1647 548 1684 605 de
1698 562 1776 622 aqna
1804 564 1912 605 nomen

209 646 437 707 nonmsdiocris
452 646 593 701 intereos
609 638 732 711 quaetio
747 636 794 693 sit.
1090 636 1241 708 acceperit,
1254 652 1312 693 non
1325 637 1439 711 putavit
1459 644 1556 693 nmen
1586 637 1754 703 dicendum,
1772 638 1849 711 qnod
1879 652 1915 694 cx

244 740 272 795 3.
287 736 360 794 Nam
376 736 554 809 Pythagoras
568 744 660 785 unum
678 727 824 782 mundum
840 725 946 782 asserit
961 742 968 781 ε
984 721 1034 779 alii
1089 739 1168 796 aqua
1181 730 1350 782 constarent
1367 723 1476 793 omnia,
1492 729 1526 780 ut
1539 723 1645 782 'l'bales
1673 724 1757 782 dixit.
1784 726 1819 782 st
1844 740 1914 783 cnm

209 823 439 884 innumerabiles
455 822 556 876 dicunt
570 832 635 873 csse
651 816 787 881 mundos,
804 819 836 871 ut
850 814 969 887 scripsit
981 812 1033 869 De·
1088 815 1167 868 esset
1180 812 1210 869 in
1227 812 1296 869 aula
1321 814 1463 871 macutus
1490 814 1581 887 regis,
1597 812 1705 869 maluit
1731 818 1831 871 umen
1860 831 1913 889 pro

210 915 362 979 mneritas,
378 910 425 967 cui
441 905 600 981 plurimum
617 905 652 960 de
674 902 804 977 physicis
825 905 953 959 vetustas
981 918 1033 957 an·
1088 902 1320 973 nmcrejnstitis
1335 903 1435 959 subire
1446 902 1582 958 exsilium
1594 901 1805 969 voluntarium,
1822 920 1912 976 qnam

211 1002 355 1061 ctoritstis
369 995 482 1053 detulit.
498 996 658 1066 Ipsumque
669 992 813 1048 mundum
830 1007 947 1063 semper
962 990 1033 1047 luis·
1087 988 1118 1044 in
1129 989 1293 1063 tyrannidis
1308 990 1424 1063 fastigio
1438 990 1548 1062 peccati
1559 990 1913 1063 perllsnctionemdeliciis

210 1108 241 1149 se
256 1094 285 1147 et
296 1090 357 1145 lore
377 1081 548 1139 Aristoteles
564 1084 688 1152 usurpat
703 1080 800 1136 dicere
816 1096 823 1135 :
846 1084 949 1135 contra
977 1094 1031 1134 au·
1087 1078 1230 1150 aquirere.
1249 1079 1379 1152 benique
1392 1077 1567 1151 priusquam
1582 1079 1617 1134 ad
1633 1078 1733 1151 populi
1763 1078 1908 1136 liberandi

209 1186 267 1237 tam
282 1177 362 1234 Plato
376 1190 433 1229 non
448 1188 566 1245 semper
581 1170 683 1235 luisse,
694 1168 746 1224 sed
758 1184 875 1241 semper
884 1168 944 1223 lore
958 1182 1033 1239 pra·
1087 1183 1197 1223 munus
1211 1171 1374 1235 vocaretur,
1389 1166 1516 1223 naturali
1529 1166 1676 1240 equitatis
1691 1166 1790 1224 studio
1805 1183 1908 1240 provo·

210 1266 301 1325 sumit
316 1261 469 1321 astruere?
483 1257 603 1334 plurimi
616 1258 717 1315 vernt
733 1272 786 1313 nec
800 1253 890 1312 luisse
905 1270 1031 1327 semper,
1087 1257 1181 1325 catus,
1197 1254 1389 1326 accipientem
1403 1254 1542 1324 injuriam
1559 1255 1596 1312 de
1623 1254 1818 1328 popularibus
1846 1256 1910 1313 anis

207 1372 260 1413 nec
275 1368 392 1425 semper
407 1351 469 1406 lore
483 1348 601 1419 scriptis
616 1345 679 1403 suis
691 1345 887 1403 testllcantur.
1086 1342 1177 1411 nitus,
1193 1343 1308 1399 invidia
1323 1359 1387 1399 sese
1402 1342 1493 1406 dedit,
1507 1342 1710 1415 voluptatique
1723 1343 1843 1417 eripuit,
1868 1349 1912 1401 at·

244 1450 269 1500 i.
284 1443 363 1501 Inter
377 1439 431 1496 bus
447 1452 547 1494 eornm
563 1434 764 1491 dissensiones
780 1449 843 1506 qua
854 1436 949 1505 potest
967 1446 1031 1489 sese
1086 1448 1143 1504 qne
1156 1447 1259 1488 omnes
1274 1431 1359 1505 regia
1373 1432 1639 1488 domusdeclinans
1653 1431 1810 1499 tumultus,
1827 1432 1911 1490 inse-

206 1533 267 1591 veri
278 1528 463 1589 aetimatio?
491 1542 559 1581 cnm
589 1522 794 1580 aliirnundum
811 1521 909 1594 ipsum
938 1521 1031 1578 Deum
1085 1525 1197 1577 cretum
1213 1518 1909 1593 AEtbiopiaesccontulittibidsmacaeterisne·

208 1634 273 1679 esss
287 1620 396 1686 dicant,
413 1614 491 1687 quod
508 1614 534 1670 ei
550 1628 633 1671 mens
650 1612 758 1676 divina,
775 1616 808 1666 ut
823 1612 937 1683 putant,
953 1609 1031 1666 ines·
1085 1609 1174 1679 gotiis
1190 1614 1331 1675 remotus,
1348 1612 1442 1664 totam
1456 1607 1562 1664 divina
1585 1608 1745 1681 cognitioni
1775 1608 1909 1666 animum

207 1728 239 1769 se
252 1709 410 1765 videatur:
440 1702 488 1759 alii
515 1702 702 1774 partesejus,
733 1697 784 1755 alii
800 1702 960 1769 utrumque
976 1713 983 1753 :
1000 1697 1029 1752 in
1085 1697 1263 1764 intendit,ut
1277 1695 1403 1770 gloriam
1419 1696 1469 1752 oei
1487 1697 1638 1754 drideret
1649 1697 1769 1753 laciead
1791 1698 1907 1755 taciem.

206 1814 265 1871 qno
281 1812 334 1853 neo
348 1810 413 1866 qua
429 1792 523 1865 ligura
537 1788 576 1847 sit
590 1788 722 1854 deorum,
739 1803 791 1843 nec
806 1786 856 1859 qui
878 1800 1029 1853 numerus,
1045 1820 1069 1887 B
1085 1786 1137 1842 Cui
1156 1785 1332 1841 testificatur
1344 1783 1506 1858 Scriptura,
1522 1786 1592 1858 quia
1604 1800 1684 1842 nemo
1707 1788 1832 1842 sumsit
1845 1802 1909 1843 om-

206 1882 429 1958 nesquilocus,
445 1879 569 1937 autvita
597 1877 701 1951 possit,
729 1878 780 1931 aul
800 1890 872 1931 cura
899 1889 1029 1947 comprs-
1083 1875 1159 1947 plius
1171 1875 1305 1946 propbeta
1333 1874 1364 1929 in
1390 1874 1487 1942 lsrael,
1502 1876 1574 1932 sicut
1597 1874 1709 1946 doum,
1724 1889 1806 1949 ouem
1828 1877 1911 1933 moin

205 1970 468 2045 hendi.Siquidem
481 1966 584 2025 mnndi
599 1964 792 2022 estimatione
806 1962 963 2020 volubilem
977 1962 1027 2035 (3),
1083 1966 1215 2021 Dominus
1230 1965 1270 2036 (d)
1283 1962 1619 2036 saecularissimus.
1641 1975 1737 2028 xxxiv,
1755 1964 1810 2037 10).
1840 1963 1905 2021 lion

206 2064 377 2129 rotundum,
393 2059 556 2122 ardentem,
573 2053 752 2127 quibusdam
765 2052 918 2109 incitatum
942 2051 1029 2107 moti·
1082 2053 1113 2109 in
1127 2052 1250 2118 visione,
1265 2066 1362 2124 neque
1374 2052 1405 2107 in
1420 2052 1598 2124 commisti)
1613 2053 1664 2109 sed
1679 2068 1713 2109 os
1727 2052 1765 2109 ad
1779 2068 1813 2109 os
1837 2068 1907 2109 cnm

205 2156 273 2222 bns,
290 2152 353 2210 sine
368 2164 457 2206 sensu
470 2146 563 2202 Deum
580 2143 733 2201 conveniat
748 2140 882 2213 intelligi,
898 2138 949 2213 qui
962 2138 1029 2196 alie
1084 2143 1141 2199 beo
1157 2158 1275 2198 summo
1289 2141 1428 2198 locatus:
1445 2156 1540 2214 neque
1553 2139 1585 2197 in
1600 2141 1707 2212 specie,
1728 2156 1826 2214 neque
1853 2157 1909 2215 per

205 2259 256 2312 nc,
272 2258 332 2297 non
347 2254 402 2297 auo
417 2240 498 2293 motu
515 2234 631 2289 leretur.
1082 2230 1249 2303 enigmata,
1286 2229 1337 2285 ssd
1354 2228 1434 2285 clara
1447 2234 1536 2302 atque
1556 2228 1712 2303 perspicae
1743 2229 1907 2303 prasentia

539 2356 656 2413 CAPUT
684 2355 709 2412 H
1083 2318 1187 2376 divina
1201 2318 1370 2392 dignatione
1384 2317 1511 2374 donatns
1525 2318 1575 2390 (8).

194 2426 302 2529 'noyon
324 2454 417 2525 opinio
435 2449 468 2505 de
496 2448 575 2504 initio
604 2460 707 2514 rerum,
732 2446 842 2499 auctore
868 2440 975 2510 mundi,
1003 2445 1029 2497 et
1117 2407 1305 2509 ⁷1¹⁹i¹⁸fl¹¹⁰
1326 2406 1447 2509 mm,
1470 2406 1586 2479 'mit
1612 2422 1647 2463 ⁰⁸
1680 2422 1781 2475 ‘uum’
1809 2411 1839 2464 ‘t
1861 2408 1908 2465 “f‘'

239 2527 378 2583 creutioue
392 2520 525 2578 moriac.
542 2518 619 2577 idem
646 2516 743 2571 multis
770 2515 931 2571 nominibus
958 2529 1028 2569 com·
1084 2496 1159 2553 sssdst
1173 2512 1238 2568 (ΨΒ
1251 2513 1281 2552 ¹⁰
1306 2512 1340 2553 0⁰
1363 2494 1508 2553 D⁰ffl¹¹¹¹¹⁸
1532 2494 1719 2568 ¹0q⁰⁰b³iills
1744 2496 1906 2553 Umidum

239 2596 386 2655 mundatur
400 2612 409 2647 r
423 2592 471 2647 cui
483 2592 545 2656 uui,
560 2589 679 2661 copiosis
693 2590 792 2644 ommes
816 2586 946 2659 itusque,
973 2600 1029 2641 cre-
1082 2585 1160 2657 quod
1176 2583 1202 2640 ei
1218 2584 1340 2654 diverat,
1366 2599 1432 2639 cnm
1449 2599 1517 2640 enm
1533 2584 1569 2640 ad
1598 2584 1710 2641 Pharao
1725 2599 1820 2656 mmm
1833 2583 1906 2640 diri-

238 2667 358 2725 emtum
374 2662 537 2721 mildam·
1082 2678 1180 2745 garet:
1201 2672 1270 2731 Vnde
1279 2688 1354 2742 eruo,
1370 2680 1396 2729 et
1410 2688 1458 2744 eoo
1484 2673 1610 2745 operiam
1638 2689 1667 2729 oa
1696 2674 1782 2739 tuum,
1804 2674 1831 2728 et
1856 2670 1904 2728 iu-

238 2776 266 2832 5.
280 2772 362 2831 Unde
376 2769 475 2826 divino
488 2766 594 2839 spiritu
606 2763 769 2837 previdens
784 2764 904 2819 sanctus
915 2761 1028 2833 Moyses
1081 2766 1185 2818 dmum
1199 2766 1227 2818 te
1240 2761 1308 2833 quid
1320 2761 1418 2817 &brus
1434 2761 1510 2834 loqui
1536 2760 1686 2833 (baudus
1717 2763 1768 2824 12).
1784 2760 1901 2817 illenim

204 2865 258 2921 bos
273 2859 428 2919 hominurn
443 2871 556 2913 errores
572 2854 642 2919 lore,
659 2856 688 2908 ct
708 2851 780 2907 lorte
802 2850 865 2921 jam
894 2848 1027 2921 caepisse,
1082 2852 1108 2908 si
1146 2851 1223 2923 quod
1240 2850 1276 2906 de
1304 2847 1412 2922 populo
1441 2849 1617 2907 dimittendo
1646 2849 1766 2918 diceret,
1792 2866 1810 2906 a
1845 2848 1905 2905 Deo

205 2950 236 3007 in
252 2941 529 3006 exordic·sermonis
545 2940 592 2996 sui
609 2939 651 2997 sic
671 2937 722 3004 alt,
738 2939 770 2994 lu
796 2937 936 3009 principio
962 2940 1028 3009 lectt
1081 2943 1241 3011 acceperat,
1258 2939 1376 3011 quando
1391 2938 1487 3013 magis
1501 2939 1579 3011 qnod
1590 2936 1908 3011 decoelolcquereturi

205 3035 388 3095 nauculam
403 3040 542 3088 clumam
559 3026 637 3101 (Gen.
668 3044 688 3091 1,
702 3028 749 3097 1);
773 3024 890 3081 initium
917 3041 1026 3093 rernm,
1081 3028 1212 3101 Denique
1240 3043 1297 3085 non
1322 3027 1352 3082 in
1382 3028 1572 3100 persuasione
1594 3026 1731 3083 bumana
1745 3024 1905 3099 sapientia.

206 3130 356 3195 auctorem
372 3118 486 3185 mnndi,
502 3116 678 3174 creationem
695 3113 821 3171 materie
837 3112 1027 3187 comprehen-
1084 3134 1137 3173 nec
1160 3116 1190 3172 in
1205 3114 1397 3189 philosophia
1420 3114 1614 3173 simulatoriis
1643 3112 1906 3188 disputationibus,

206 3212 455 3273 denszutlieum
479 3220 653 3279 cognoscere
682 3206 747 3259 ants
776 3202 895 3258 initium
925 3187 1065 3258 mundiC
1085 3204 1180 3263 sooio
1208 3203 1379 3260 ostensione
1408 3202 1575 3276 opifitooot
1603 3203 1732 3271 virtutis,
1760 3205 1905 3274 conquam

206 3300 340 3372 esse,vel
355 3300 530 3373 ipsnmcsse
555 3292 672 3349 initium
693 3292 922 3359 universorum;
952 3290 1028 3347 sicut
1080 3291 1269 3350 testisdivini
1285 3292 1485 3365 operissnsus
1514 3291 1666 3349 estdicere
1683 3309 1690 3349 :
1706 3291 1738 3348 lo
1765 3290 1903 3363 principib

205 3393 237 3449 in
250 3386 402 3462 Evangelio
428 3384 479 3441 Dei
504 3380 595 3438 Filius
623 3380 790 3437 dicentibus
815 3378 883 3443 sibi,
899 3380 937 3435 Tu
967 3380 1028 3451 ouis
1080 3383 1147 3456 fecit
1160 3380 1232 3437 Deus
1242 3380 1339 3436 aulum
1354 3383 1508 3437 dunum.
1530 3377 1664 3447 Nonille,
1681 3383 1714 3435 ut
1741 3382 1905 3436 atomorum

205 3479 263 3538 cs?
282 3473 456 3551 respondit:
481 3472 595 3528 Initium
623 3470 661 3543 (ll
690 3468 800 3541 quodsi
828 3468 927 3540 loquor
952 3468 1028 3524 uobis
1082 3469 1275 3527 concursione
1291 3469 1421 3527 mundns
1433 3468 1536 3539 coiret,
1551 3483 1651 3526 serum
1667 3472 1754 3541 atque
1776 3466 1907 3524 otiosum

207 3572 300 3641 (loun.
315 3582 375 3631 vlu,
390 3562 503 3633 25):et
517 3559 616 3633 ipsum
629 3557 744 3614 dedisse
759 3556 913 3630 gignendis
940 3556 1028 3613 rebus
1082 3557 1260 3630 exspectavit
1273 3558 1446 3630 negotium
1476 3571 1572 3629 neque
1587 3554 1771 3628 disciplinam
1801 3570 1906 3627 qaam-

206 3657 337 3721 initium,
353 3651 491 3723 clipeum
507 3650 745 3707 essecrcatorem
760 3644 874 3712 mundi,
891 3644 1028 3701 nunides
1082 3648 1149 3703 dnm
1175 3646 1303 3703 materia
1324 3646 1374 3718 (9),
1395 3662 1484 3717 quam
1507 3643 1734 3718 contemplando
1761 3643 1907 3700 mundum

207 3742 421 3820 quadamduce
437 3738 613 3794 imitatorem
630 3734 769 3803 materia,
797 3750 831 3790 ex
846 3749 904 3805 qus
918 3750 975 3789 non
991 3731 1027 3789 ad
1083 3743 1183 3809 posset
1210 3736 1361 3808 effingere,
1384 3735 1435 3792 sed
1456 3739 1605 3792 auctorem
1628 3733 1721 3790 Deum
1739 3732 1907 3806 exprimen-

206 3832 363 3892 arbvilium
380 3844 480 3892 suum,
497 3825 547 3882 ⁵011
563 3825 599 3881 ad
629 3822 756 3896 speciem
780 3820 959 3895 propositam
974 3837 1029 3877 sua
1083 3826 1154 3882 dnm
1169 3825 1290 3898 putavit.
1307 3824 1438 3880 Advertit
1450 3823 1530 3880 enim
1550 3823 1596 3878 vir
1613 3820 1719 3895 plenus
1732 3821 1906 3895 prudentia,

207 3938 295 3997 opera
309 3920 457 3977 formaret.
474 3912 599 3972 Pulchre
624 3926 740 3984 quoque
769 3909 818 3977 ait,
834 3912 866 3965 ln
889 3910 1028 3983 principio
1084 3914 1162 3986 qnod
1181 3911 1344 3969 visibilium
1370 3916 1459 3985 atque
1487 3910 1681 3969 invisibilium
1710 3907 1904 3981 substantias,

206 4014 290 4085 [scin
306 4012 338 4066 ut
352 3999 648 4078 incomprehensilem
660 3998 839 4056 celeritatem
854 3997 951 4069 operis
979 4013 1028 4054 ex·
1083 4002 1221 4077 origines,
1233 4003 1262 4057 et
1286 4016 1391 4057 canses
1418 4017 1517 4058 rernm
1541 4001 1597 4073 (10)
1625 4016 1710 4056 mens
1722 3999 1785 4056 sola
1806 3997 1906 4055 divina

207 4100 358 4173 primeret,
375 4111 442 4151 cum
458 4091 592 4148 ellectum
609 4089 648 4157 (5)
678 4086 760 4160 prins
776 4084 954 4158 operationis
972 4086 1028 4143 im·
1084 4090 1240 4158 contineat,
1255 4104 1314 4145 non
1327 4087 1535 4163 utpbilosophi
1562 4088 1724 4161 disputant,
1734 4086 1906 4144 validiorem

207 4188 301 4260 plats,
317 4200 405 4259 quam
421 4179 563 4237 indicium
579 4180 678 4250 cepta
690 4172 884 4247 explicuisset.
1083 4183 1249 4235 atomorum
1262 4175 1493 4249 complexionem
1505 4176 1727 4251 perseverantia
1736 4175 1820 4248 jugis
1838 4192 1907 4248 pra·

241 4280 268 4333 t.
286 4274 357 4341 Quis
373 4271 428 4327 boc
455 4266 533 4323 dicat
558 4264 708 4322 advertere
736 4263 886 4319 debemus.
917 4262 1031 4339 Moyses
1083 4271 1162 4324 stare
1184 4282 1328 4323 cansam:
1358 4265 1410 4321 sed
1428 4264 1572 4337 iudicavit
1596 4263 1675 4335 quod
1689 4262 1779 4319 telam
1793 4278 1906 4320 aranea

207 4359 373 4436 utiqueillo
394 4354 573 4415 eruditusin
602 4352 683 4408 omni
712 4350 858 4424 sapientis
884 4350 1029 4426 AEgyptio·
1083 4358 1215 4413 texerent
1229 4353 1280 4427 qui
1293 4354 1336 4410 sio
1349 4354 1464 4411 minuta
1484 4358 1513 4409 et
1526 4351 1744 4410 insubstantiva
1757 4350 1906 4426 principia

207 4462 385 4523 numquam
401 4446 437 4502 de
450 4442 571 4499 llnmine
586 4439 743 4498 collectum
767 4438 829 4497 lilia
857 4439 968 4498 Pharao
997 4444 1031 4498 ut
1083 4444 1156 4501 ctslo
1171 4459 1204 4498 nc
1218 4441 1426 4510 terrisdsront,
1438 4456 1502 4514 qua
1516 4444 1549 4497 ut
1563 4438 1683 4496 lortuito
1704 4438 1905 4513 conjungeres

208 4538 302 4595 lilium
317 4534 428 4603 dilexit,
436 4534 465 4590 et
478 4530 621 4589 snbsidiis
637 4526 785 4603 regalibus
801 4527 918 4598 fultum,
935 4531 1029 4586 omni·
1044 4548 1069 4617 p
1082 4536 1144 4601 tur,
1158 4532 1201 4588 ita
1214 4530 1334 4587 fortuito
1345 4546 1380 4587 ae
1402 4533 1511 4586 temere
1537 4526 1778 4597 dissolverentur,
1804 4528 1860 4585 nisi
1874 4528 1906 4585 in

242 4698 282 4771 (3)
297 4697 353 4754 lde.
370 4693 488 4779 Regius,
505 4690 589 4748 Corb.
606 4694 635 4747 et
649 4688 729 4772 Colb.
749 4688 883 4745 mundum
909 4690 1029 4746 sedimu-
1121 4691 1160 4763 (6)
1175 4689 1314 4745 Mssoeto
1328 4687 1503 4760 antiquioris
1518 4702 1551 4744 ao
1565 4684 1822 4743 meliorisnotaet
1835 4675 1906 4743 edit.

206 4772 289 4828 tione.
306 4764 513 4831 Gsrtnsreusis,
536 4760 637 4820 muudi
649 4761 862 4819 estimationem
873 4760 1029 4829 volubilem,
1084 4768 1206 4827 veteres,
1222 4761 1270 4833 oui
1296 4760 1377 4817 sciuit
1402 4759 1560 4815 Dominum.
1585 4757 1655 4831 neg.
1686 4763 1716 4815 et
1743 4756 1906 4824 semmua.

206 4840 362 4908 rotundum,
378 4838 530 4895 incituum.
548 4833 606 4889 Alii
621 4831 845 4915 etedit3mundi
869 4832 1029 4887 aestimutio-
1085 4831 1225 4903 euomuit
1240 4830 1334 4887 neum.
1355 4828 1452 4898 Dion,
1484 4831 1516 4886 ui
1539 4830 1621 4886 sciuit
1634 4830 1720 4887 Deum
1742 4830 1846 4956 pexum
1870 4827 1908 4885 ud

206 4905 763 4980 ne.lienosiinterpreterisqnaslsrt
789 4902 867 4958 adem
896 4916 930 4957 oc
944 4904 1031 4974 prout
1084 4904 1195 4974 sucum.
1226 4898 1336 4967 Germ,
1362 4901 1410 4973 oui
1436 4901 1465 4956 u'
1484 4901 1505 4956 it
1532 4902 1689 4958 Dominum.
1719 4900 1741 4957 L
1792 4940 1800 4968 ,
1828 4915 1908 4972 quern

207 4980 518 5041 mundusastimatnr.
777 5041 783 5054 ι
1084 4975 1163 5029 nonu
1177 4972 1308 5027 dominus
1321 4973 1494 5044 cumscciem
1515 4973 1551 5028 ad
1564 4974 1674 5045 [urim
1703 4970 1802 5045 ang„
1828 4984 1908 5043 quem

243 5056 282 5127 (l)
319 5048 539 5117 Gemsticeusis,
573 5048 801 5104 Cenomanensis
829 5046 858 5098 et
893 5040 1029 5115 Vulgata,
1084 5046 1175 5101 nosset
1188 5042 1332 5099 mous.

207 5126 391 5206 Principium,
403 5123 460 5195 oui.
476 5121 558 5193 lieg„
574 5114 781 5173 Germanensis
791 5118 820 5169 et
833 5112 902 5169 edit.
929 5118 1030 5169 Amer-
1132 5117 1161 5259 gp
1175 5114 1244 5172 cod.
1256 5114 1378 5197 aliquot,
1393 5128 1480 5187 nouo
1493 5115 1525 5171 io
1538 5128 1642 5171 omno,

209 5194 306 5253 baebia
321 5200 351 5251 et
366 5192 460 5259 Petili,
475 5192 590 5249 lnitium
604 5188 661 5259 oui.
678 5184 725 5241 Sic
737 5182 932 5257 Dionysianns
955 5184 1032 5240 infru
1177 5186 1338 5243 Remedit.
1349 5202 1418 5243 cum
1429 5201 1488 5242 uno
1499 5202 1569 5253 ms..
1579 5182 1880 5258 amoimucdionutus.

208 5264 473 5339 cap.l,num.15.
502 5261 607 5317 Decem
631 5272 703 5312 mss.
731 5256 847 5311 lnitium
875 5255 955 5328 quod.
984 5254 1031 5311 Sic
1132 5260 1160 5327 9)
1175 5258 1281 5314 Decem
1297 5274 1369 5315 mss.
1387 5255 1517 5314 melioris
1531 5262 1616 5326 nota,
1630 5272 1718 5329 neque
1741 5254 1909 5328 discipulum

208 5338 298 5394 etism
314 5336 382 5405 inlr,
398 5352 481 5392 num.
497 5332 595 5396 citato,
611 5332 639 5384 et
655 5326 675 5383 l.
692 5340 723 5382 ru
738 5326 772 5384 dc
799 5326 865 5383 fide
892 5327 927 5384 ud
955 5324 1029 5384 Grut.
1086 5328 1239 5404 quemdum.

208 5424 234 5465 c.
251 5407 334 5465 1v.1.
350 5426 376 5475 v,
398 5423 425 5464 c.
455 5406 481 5461 l.
512 5403 608 5460 Gracc
635 5402 732 5457 autem
760 5400 806 5457 rou
820 5398 911 5465 toxos,
926 5397 940 5449 ὅ
954 5399 1033 5447 cruet
1123 5402 1180 5475 (10)
1194 5403 1324 5467 Quatnur
1338 5415 1411 5457 rnss.
1428 5402 1457 5457 ct
1471 5399 1543 5458 edit.
1562 5396 1694 5467 Custodi,
1723 5396 1910 5463 invisibilium

207 5478 278 5531 nutu
293 5478 359 5544 ὑμῖν.
374 5475 538 5536 'l'rernelius
552 5472 648 5542 vertit,
662 5470 692 5529 ld
702 5470 773 5545 quod
787 5486 804 5526 u
821 5471 959 5544 principio
973 5470 1032 5527 dico
1086 5474 1207 5601 arigim
1220 5474 1437 5529 substantiumm
1447 5474 1474 5527 ct
1489 5482 1586 5527 mutus
1599 5484 1704 5525 rerum.
1720 5472 1798 5535 Am„
1826 5468 1908 5525 drus.

207 5550 293 5609 uotis
632 5614 637 5627 Ι
983 5602 986 5611 ,
1087 5548 1116 5600 at
1155 5542 1227 5602 illot.
1244 5543 1383 5603 omittunt
1396 5544 1526 5613 ovioiucr.
1541 5540 1673 5607 cuatuor
1681 5554 1767 5613 mss,
1781 5539 1908 5601 inculti·

243 5622 285 5698 (t)
298 5620 434 5699 Quinque
446 5636 520 5682 mss.
536 5620 566 5677 st
593 5615 663 5678 edit.
686 5610 802 5677 erasm
830 5626 863 5673 sc
889 5608 1031 5689 Romana,
1088 5615 1159 5678 lium
1172 5616 1619 5677 uisuouuuuuuurmun.

204 5692 342 5775 offano.
