4159 6184
134 312 198 375 289
627 302 751 371 LIBER
772 302 827 369 bn
849 306 1068 371 remorso.
1083 339 1125 353 -
1139 305 1372 375 annoanlo.
1806 319 1868 385 290

136 494 1866 542 mmm

407 645 480 701 υ*
505 645 559 731 nv
588 639 823 730 ainana
852 636 924 724 nn
953 638 1232 730 riaanrso
1259 614 1599 738 canonino.

172 970 301 1028 Librum
316 970 494 1028 deParadiso
507 974 539 1028 ut
551 964 696 1027 Ambrosii
706 962 861 1037 primum
876 980 941 1021 esse
957 982 1032 1038 opus
1048 983 1104 1023 non
1122 970 1266 1027 audemus
1280 988 1421 1042 asserere,
1435 973 1476 1030 ita
1490 976 1572 1034 illum
1593 980 1622 1035 in
1635 983 1799 1054 primorum
1815 1004 1863 1043 er-

138 1061 244 1117 dinem
265 1060 376 1115 referre
397 1060 616 1135 haudquaquam
638 1054 840 1113 dubitamus.
867 1053 918 1111 Est
938 1055 1056 1129 quidem
1082 1075 1135 1113 cnr
1160 1076 1218 1115 non
1243 1060 1330 1119 aliter
1350 1062 1561 1123 existimamus.
1587 1070 1658 1125 Cum
1682 1073 1761 1128 enim
1783 1076 1863 1131 varia
1930 1096 1935 1105 ·

138 1147 362 1221 multiplicique
387 1148 513 1205 doctrina
536 1149 639 1206 relenta
660 1145 699 1205 sit
713 1156 749 1199 ea
764 1136 956 1212 lucubratio,
972 1144 1053 1203 illem
1067 1147 1163 1219 primo
1177 1149 1276 1205 statim
1292 1168 1380 1222 anno,
1401 1168 1457 1223 quo
1474 1159 1506 1210 ut
1520 1155 1582 1227 ipsc
1596 1159 1692 1216 aiebat
1705 1160 1768 1232 (lib.
1785 1180 1795 1217 1
1812 1164 1862 1235 os-

137 1240 184 1309 fic.
203 1238 241 1309 l),
257 1243 356 1309 raptus
370 1245 442 1292 esta
464 1237 643 1293 biennalibus
662 1237 744 1306 atque
769 1224 1028 1291 administrationis
1060 1238 1160 1307 insalt'r
1183 1240 1219 1294 art
1239 1240 1431 1311 sacerdoti-nm,
1448 1247 1647 1316 composuisse
1661 1248 1709 1304 vix
1724 1251 1861 1323 cuiquam

137 1326 288 1383 rideatur.
304 1324 416 1381 Verum
428 1340 484 1381 uon
499 1324 578 1381 facile
593 1321 822 1381 consentiemus
837 1322 971 1381 eamdem
987 1324 1065 1381 ultra
1080 1325 1282 1401 insequentem
1296 1346 1408 1385 annum
1424 1347 1487 1386 esse
1501 1334 1689 1403 rejiciendam
1704 1354 1711 1404 ;
1728 1340 1861 1409 quando-

138 1414 264 1489 quidem
289 1411 344 1469 Vir
369 1417 488 1470 sanctus
510 1412 631 1486 epistole
651 1412 688 1469 ad
710 1406 862 1468 Sabinum
887 1412 983 1485 (epist.
1009 1414 1055 1487 ta)
1078 1432 1095 1470 a
1116 1431 1157 1483 se,
1179 1432 1246 1471 cum
1263 1418 1396 1472 nondum
1411 1424 1486 1474 esset
1501 1430 1642 1478 veteranus
1655 1426 1789 1496 sacerdos,
1806 1427 1861 1486 hoc

137 1504 219 1560 idem
236 1518 315 1575 opus
325 1500 489 1573 jaurdadnrn
502 1499 706 1557 elucubratum
729 1506 955 1558 commemorat.
980 1502 1011 1557 ld
1032 1506 1132 1558 antem
1154 1504 1270 1560 circiter
1289 1521 1401 1560 annum
1421 1512 1560 1580 reparata
1582 1509 1686 1566 salutis
1701 1512 1861 1571 375conti-

138 1592 220 1667 gisse
234 1590 308 1645 hina
323 1589 393 1645 licet
406 1588 533 1663 calligas,
549 1590 706 1662 quodcum
721 1590 775 1645 374
793 1590 830 1645 ad
846 1589 1048 1663 episcopatum
1064 1594 1217 1663 cooptatus
1241 1591 1279 1647 sit
1295 1592 1481 1661 Ambrosius,
1492 1592 1563 1649 nihil
1579 1596 1711 1654 videatur
1724 1601 1860 1671 prohibe·

139 1696 182 1747 re,
199 1677 367 1752 quonimus
392 1676 434 1732 illi
449 1693 567 1757 manum
596 1677 731 1737 ultimam
762 1678 846 1751 prius
871 1679 1021 1751 adjiceret,
1046 1694 1135 1751 quam
1162 1678 1289 1751 primam
1305 1678 1388 1737 libris
1404 1680 1440 1737 de
1454 1681 1634 1755 Virginibus,
1651 1702 1726 1757 qnos
1739 1690 1862 1748 nondam

138 1768 292 1825 triennalis
306 1766 432 1823 tuendos
445 1766 506 1838 (lib.
523 1784 542 1823 n
556 1766 589 1824 de
603 1768 716 1840 virgin,
733 1768 803 1824 circ.
821 1766 922 1839 linem)
938 1768 1067 1841 scripsit,
1083 1769 1261 1825 admoveret.

175 1858 238 1914 Hoc
254 1856 285 1913 in
302 1854 380 1912 libro
396 1855 431 1911 de
446 1856 581 1915 Paradiso
596 1856 740 1930 disputat,
765 1872 797 1913 ac
821 1856 954 1929 perbrevi
974 1856 1051 1913 sacri
1078 1862 1175 1913 textus
1193 1856 1374 1930 expositione
1398 1860 1537 1929 ostendit,
1563 1862 1629 1935 qnid
1652 1864 1754 1937 quani,
1773 1876 1800 1923 et
1813 1870 1863 1927 nbi

140 1948 232 2020 [aad
247 1946 326 2018 (cap.
344 1944 393 2014 l);
409 1944 477 2016 quid
498 1946 611 2019 egerint
630 1945 659 2001 in
682 1960 716 2003 eo
736 1944 824 2018 primi
850 1949 987 2019 parentes
1006 1963 1013 2015 ;
1038 1962 1093 2017 qna
1116 1946 1225 2018 frande,
1250 1963 1303 2020 qno
1327 1948 1433 2019 ordine,
1455 1965 1509 2021 qna
1524 1959 1583 2007 crte
1597 1950 1695 2027 (ibid.)
1714 1954 1862 2015 adiabolo

142 2034 250 2095 tentati
263 2034 294 2093 in
308 2036 461 2107 peccatum
472 2035 590 2091 tandem
606 2032 683 2107 lapsi
708 2034 776 2091 sint.
791 2034 973 2108 Pracipuam
996 2050 1065 2091 vero
1075 2034 1143 2091 istie
1158 2050 1276 2107 operam
1301 2036 1384 2109 ponit
1398 2034 1428 2091 iu
1444 2036 1557 2109 Apellis
1571 2038 1725 2113 discipulis
1741 2042 1816 2117 (cap.
1831 2049 1862 2114 2,

142 2126 170 2194 5,
185 2126 205 2181 6
220 2128 249 2180 et
265 2124 342 2197 seq.)
359 2120 410 2195 qui
423 2122 539 2180 feceris
560 2123 674 2199 antiqui
701 2123 907 2183 auctoritatem
927 2122 1154 2196 impugnabant,
1176 2125 1383 2181 revincendis:
1414 2126 1465 2182 sed
1489 2144 1540 2199 per
1553 2144 1666 2199 eorum,
1687 2136 1720 2188 ut
1734 2132 1862 2204 videtur,

143 2212 225 2270 letus
241 2211 273 2268 in
288 2209 476 2278 Manichaos,
491 2212 542 2283 qni
557 2216 619 2271 tum
641 2212 782 2287 temporis
808 2210 1056 2269 Mediolanensem
1078 2212 1259 2268 infestabant
1277 2214 1448 2283 Ecclesiam,
1468 2216 1560 2273 telum
1586 2218 1688 2292 adigit,
1705 2238 1773 2277 cnm
1788 2223 1863 2282 sorte

144 2302 291 2359 hactenus
306 2300 405 2374 palam
421 2303 558 2373 claperia
574 2304 668 2357 marte
682 2298 750 2357 illos
764 2302 884 2377 aggredi
900 2317 959 2357 non
974 2304 1052 2357 esset
1066 2318 1168 2358 ausus.
1185 2301 1283 2358 Venas
1298 2301 1508 2374 Apellistarnm
1529 2305 1615 2363 solvit
1629 2310 1771 2382 argutias,
1788 2316 1817 2368 et
1830 2312 1860 2368 iu

147 2406 201 2447 eos
215 2394 294 2447 tanto
308 2387 510 2447 vehementius
524 2389 661 2463 insurgit,
677 2393 797 2473 quanto
811 2388 969 2446 sollicitius
985 2389 1165 2446 formidabat
1179 2407 1215 2446 ne
1227 2390 1335 2463 populo
1345 2390 1504 2465 vigilantia
1520 2412 1580 2450 sua
1596 2413 1690 2469 nuper
1702 2401 1861 2459 commisso

147 2478 352 2537 baereticorum
369 2476 491 2535 fallaciis
505 2477 687 2536 illuderetur.
702 2478 764 2535 Non
780 2482 878 2535 tamen
895 2478 957 2535 sola
972 2476 1176 2537 hereticorum
1191 2478 1391 2537 contutatione
1405 2481 1659 2540 circumscribitur
1673 2488 1767 2544 sancti
1782 2490 1860 2545 anti·

146 2568 228 2627 stitis
243 2568 327 2625 labor
341 2570 429 2640 atque
443 2567 597 2625 industria.
624 2569 668 2626 Ad
692 2568 708 2625 J
712 2569 809 2625 udaeos
831 2582 949 2643 quoqne
964 2566 1158 2641 protenditur,
1175 2584 1250 2639 qnos
1265 2565 1313 2623 ille
1329 2568 1578 2641 opportunitatem
1606 2577 1710 2631 nactus
1725 2594 1784 2633 non
1804 2576 1861 2635 levi

145 2657 268 2714 brachio
293 2656 461 2729 impetitae
484 2657 617 2715 debellat.
639 2657 742 2715 Varias
759 2661 899 2733 praetcrea
922 2656 1134 2714 catholicorum
1158 2656 1313 2714 hominum
1339 2658 1464 2715 subinde
1483 2662 1643 2717 sententias
1658 2664 1764 2721 refert:
1779 2669 1809 2722 at
1822 2666 1861 2723 iis

144 2746 355 2805 tantummodo
376 2742 543 2816 subscribit,
564 2762 639 2820 quas
665 2750 749 2819 putat
771 2762 836 2803 esse
855 2746 992 2803 veriores.
1018 2746 1156 2812 Quinimo
1185 2762 1262 2819 saepe
1280 2746 1388 2820 sepius
1406 2744 1560 2817 evcnit,'nt
1586 2750 1668 2808 nulla
1683 2768 1784 2810 earum
1798 2771 1858 2811 non
1904 2752 1908 2759 ’

145 2836 302 2912 repudiata
317 2851 402 2892 suam
419 2834 510 2908 ipsius
524 2835 555 2892 in
569 2836 701 2893 medinm
716 2852 876 2911 proponere
901 2836 982 2892 haud
1004 2840 1148 2892 versatur.
1164 2836 1200 2892 nt
1225 2835 1272 2891 his
1287 2835 1411 2892 tortasse
1425 2837 1544 2893 adducti
1560 2842 1639 2910 sunt,
1655 2842 1706 2914 qni
1723 2843 1857 2917 disputa-

143 2926 236 2983 tionis
250 2924 373 2982 titulum
392 2923 485 2980 eidam
502 2924 571 2982 bnic
589 2924 670 3001 operi
685 2922 876 2999 adscripsere.
890 2922 1052 2994 Snbjicitnr
1066 2923 1221 2997 quippead
1237 2921 1345 2979 calcem
1367 2924 1639 2997 antiquissimorum
1660 2930 1795 2987 codicum
1809 2930 1861 2989 Re-

144 3014 260 3073 mensis
280 3012 417 3070 Ecclesia
432 3017 460 3069 et
474 3012 690 3072 claromontani
713 3010 835 3085 collegii,
856 3013 887 3068 in
911 3012 962 3068 illo
977 3012 1109 3084 quidem,
1126 3014 1245 3085 Explicit
1263 3012 1413 3085 disputatio
1427 3013 1460 3069 de
1473 3015 1616 3083 Paradiso,
1632 3017 1662 3074 in
1678 3017 1733 3075 hoc
1749 3024 1859 3091 autem,

145 3104 267 3178 Explicit
291 3102 422 3159 Paradisi
439 3101 585 3175 disputatio
606 3103 639 3161 de
658 3101 795 3159 servanda
817 3104 921 3159 animae
942 3102 1075 3175 paritate.
1097 3103 1133 3156 At
1152 3118 1219 3157 vero
1247 3100 1276 3155 in
1302 3105 1426 3175 utroque
1452 3102 1634 3173 inscribitur,
1654 3108 1754 3180 Incipit
1767 3109 1862 3166 domni

146 3192 286 3250 Ambrosii
294 3191 328 3247 de
341 3188 483 3259 Pometiae,
500 3190 549 3247 ubi
564 3206 674 3261 vocem,
690 3191 851 3263 disputatio,
867 3190 1010 3247 omissam
1025 3206 1090 3246 esse
1104 3207 1139 3246 ex
1153 3189 1249 3245 verbis
1270 3190 1390 3262 quibus·
1401 3190 1553 3260 finiuntur,
1570 3194 1719 3266 conjicias.
1736 3196 1860 3254 Verum·

145 3288 249 3339 tamen
264 3298 332 3338 cnm
347 3281 384 3337 ab
399 3281 563 3353 Augustino
590 3279 653 3352 (lib.
685 3298 703 3335 u
718 3282 820 3337 contra
838 3280 892 3335 int.
910 3296 933 3335 c.
951 3278 1013 3333 set
1027 3277 1103 3350 cat.)
1129 3277 1195 3334 libri
1212 3278 1331 3335 nomine
1347 3296 1403 3336 non
1420 3280 1509 3337 semel
1526 3280 1586 3338 bac
1602 3282 1666 3355 ipsa
1680 3290 1859 3342 commenta·

145 3372 191 3428 tio
208 3370 327 3429 laudata
350 3368 449 3439 luerit,
470 3369 554 3427 nobis
575 3371 635 3428 veri
656 3368 771 3427 videtur
788 3366 916 3426 similius
934 3368 1068 3424 eamdem
1088 3367 1144 3439 ipsi
1165 3366 1388 3439 inscriptionem
1403 3369 1439 3424 ab
1454 3370 1609 3427 Ambrosio
1636 3373 1759 3431 inditam
1775 3392 1858 3445 esse;

147 3466 239 3535 atque
253 3460 325 3518 adeo
338 3457 368 3515 in
384 3458 554 3516 memoratis
569 3459 720 3517 codicibus
734 3474 834 3514 vocem
863 3456 1022 3532 disputatio,
1046 3471 1080 3511 eo
1096 3472 1197 3526 sensu,
1214 3472 1272 3527 qno
1288 3455 1397 3513 librum
1413 3462 1464 3514 aut
1478 3460 1675 3532 quodcunque
1689 3464 1859 3537 scriptionis

146 3568 244 3627 genus
259 3549 416 3623 significat,
431 3546 662 3623 intelligendam.

182 3638 273 3696 Porro
287 3636 360 3693 illud
375 3653 433 3694 non
447 3634 476 3691 in
493 3641 628 3711 prompta
643 3635 732 3693 inerit
753 3634 884 3701 delinire,
898 3651 971 3691 num
986 3649 1020 3690 ea
1035 3650 1099 3707 quae
1114 3633 1170 3689 hoc
1195 3632 1225 3687 in
1242 3648 1329 3704 opere
1353 3632 1548 3705 continentur,
1565 3638 1648 3710 prius
1664 3641 1700 3696 ad
1715 3641 1858 3715 populum

146 3726 349 3802 pronuntiate,
365 3725 553 3800 postmodum
568 3726 597 3781 in
613 3725 681 3781 libri
697 3724 822 3781 sormam
839 3740 919 3807 mage
933 3740 987 3781 suo
1003 3720 1220 3779 concinnaverit
1234 3720 1417 3778 Ambrosius.
1435 3722 1466 3777 ld
1482 3724 1764 3795 quidsmitahabere
1778 3730 1858 3786 haud

146 3817 226 3877 male
250 3816 347 3872 forsan
362 3814 430 3870 indo
444 3814 622 3887 probaveris,
637 3818 700 3870 tum
719 3813 788 3885 quia
811 3810 841 3868 iu
857 3830 890 3869 eo
910 3813 1025 3868 exstent
1045 3810 1120 3867 bene
1140 3807 1233 3866 multa
1256 3826 1320 3881 qua
1341 3811 1376 3866 ad
1399 3810 1600 3869 informandos
1623 3814 1857 3874 Christianorum

146 3922 247 3963 mores
261 3905 437 3979 pertineant,
462 3906 526 3960 tum
540 3903 584 3960 vcl
598 3903 726 3961 maxime
749 3902 818 3975 quia
832 3904 893 3958 tota
908 3900 1068 3975 disputatio
1082 3900 1217 3956 videatur
1232 3916 1265 3955 eo
1292 3899 1457 3968 collineare,
1474 3904 1506 3955 ut
1526 3918 1562 3957 ne
1577 3900 1705 3959 haretici
1720 3906 1857 3977 simplices

146 4002 252 4051 mentes
267 3993 404 4053 malitioso
419 3994 644 4065 interpretatione
657 3990 804 4049 traducant
818 3994 893 4064 (cap.
909 3990 947 4065 5).
962 3989 1073 4046 Verum
1093 4006 1161 4046 cum
1187 3986 1311 4045 aliorum
1340 3988 1466 4045 doctoris
1490 3989 1581 4047 nostri
1597 4006 1728 4063 operum,
1747 4010 1811 4066 qua
1825 3994 1856 4049 in

147 4082 242 4140 libros
256 4098 272 4138 e
286 4081 476 4138 concionibus
501 4098 640 4140 conversa
662 4082 743 4151 sunt,
767 4078 963 4137 characterem
988 4078 1019 4133 in
1038 4078 1094 4135 hoc
1118 4078 1240 4134 minime
1264 4078 1528 4151 deprehendamus,
1549 4080 1737 4136 statuendum
1754 4081 1857 4138 estrei

147 4168 424 4227 commentationem
438 4168 515 4227 hane
530 4167 610 4227 nullo
625 4169 714 4226 modo
740 4174 873 4226 constare
887 4166 1091 4234 concionibus,
1106 4166 1151 4223 vel
1167 4170 1244 4223 certe
1256 4166 1328 4224 istas
1345 4166 1373 4222 in
1400 4185 1468 4224 enm
1483 4168 1616 4226 ordinem
1632 4185 1696 4226 esse
1711 4172 1856 4240 redactas,

148 4258 201 4333 qni
217 4258 436 4315 concionantem
451 4257 638 4315 Ambrosium
655 4274 692 4313 ne
707 4256 831 4314 minimo
847 4256 966 4332 quidem
981 4255 1088 4311 indicio
1103 4254 1241 4313 redoleat.

186 4350 264 4404 m
279 4346 330 4402 Hic
344 4350 442 4403 autem
457 4361 516 4401 non
528 4344 810 4418 pretermittendum
823 4345 957 4419 quadam
967 4340 1053 4399 illum
1064 4361 1122 4399 non
1135 4345 1250 4399 tantum
1266 4360 1281 4400 e
1297 4342 1428 4400 Philonis
1440 4343 1532 4401 Judaei
1548 4344 1633 4401 libris
1656 4346 1859 4416 Aileqoriarnm

147 4438 228 4508 lepis,
242 4439 425 4508 utputarnnt
436 4433 579 4503 nonnulli,
591 4430 907 4506 desumpsisse,vernm
922 4432 1011 4489 etiam
1023 4432 1198 4505 exajusdem
1212 4448 1297 4505 opere
1306 4432 1338 4488 de
1349 4434 1448 4489 mnndi
1462 4434 1579 4506 opificio.
1594 4434 1650 4491 Sed
1664 4440 1858 4511 preterquam

147 4524 229 4598 quod
244 4540 279 4580 es
290 4540 383 4597 pauca
397 4526 476 4592 sunt,
493 4526 521 4579 et
535 4522 572 4591 ad
587 4520 777 4596 allegoricum
792 4520 948 4594 Scriptura
973 4536 1096 4577 sensum
1124 4520 1280 4593 pertinent,
1306 4520 1334 4575 in
1356 4520 1392 4577 iis
1408 4520 1480 4594 ipsis
1497 4520 1628 4580 Philonis
1643 4527 1783 4598 mentem,
1799 4542 1857 4583 non

146 4613 240 4671 verbe
253 4614 448 4680 consectetur,
461 4614 491 4669 et
500 4626 564 4684 que
580 4611 658 4683 apud
667 4608 753 4668 illum
765 4616 917 4675 auctorem
924 4610 1047 4668 iudaice
1058 4609 1163 4683 spiritu
1173 4608 1308 4682 inspersa
1317 4608 1444 4680 inerant,
1460 4626 1494 4669 ea
1503 4609 1533 4669 in
1544 4614 1718 4671 sententiam
1734 4631 1857 4690 evange·

145 4702 213 4761 lice
229 4701 365 4759 doctrine
379 4704 587 4775 congruentem
602 4698 767 4760 Christiane
781 4700 940 4758 admodum
956 4700 1099 4757 convertit
1120 4698 1304 4755 ambrosius.
