4159 6184
180 2123 182 2133 ι
275 2098 308 2150 ut
327 2092 487 2167 improviso
525 2094 635 2149 amoris
664 2092 777 2165 spiculo
807 2093 891 2149 feriat
908 2093 1099 2165 imperabam.

276 335 335 399 579
409 354 412 359 ·
1005 328 1037 393 S.
1061 329 1252 393 nuuausu
1649 348 1657 366 ·
1900 325 1948 399 580

276 480 389 523 namna
405 462 484 518 illius
501 461 551 535 qui
567 462 603 519 ad
619 460 738 534 nuptias
752 460 880 519 Verbite
896 461 1047 532 invitavit;
1068 464 1100 519 tu
1115 462 1144 531 Α
1158 467 1271 519 Avarus
1285 465 1383 517 autem
1398 460 1485 517 dicit:
1506 461 1618 530 Ammo,
1641 459 1724 516 tuom
1748 462 1829 519 mutto
1853 464 1948 525 buu

274 569 341 611 cave
357 567 393 608 ne
409 566 541 618 excuses,
557 550 607 607 sed
634 554 742 607 vestem
767 554 796 606 te
820 549 911 609 indue
925 552 1100 627 nuptialem,
1157 568 1248 607 oenoe
1260 552 1363 608 mattos
1374 552 1465 624 posito
1478 552 1625 623 requiesce,
1648 549 1793 620 manduca
1819 551 1884 622 tite,
1895 572 1948 628 epu-

272 644 396 701 etutere
412 639 543 697 convivio
559 638 668 717 divitis,
687 656 723 695 nc
737 639 818 697 dives
843 641 893 712 qui
916 644 945 697 te
960 640 1100 697 invitave—
1157 641 1217 697 tore
1240 644 1307 709 (tuo
1329 656 1382 708 111,
1411 637 1465 712 19),
1495 637 1565 711 quia
1593 635 1672 694 avari
1690 636 1949 701 animasobditaest

273 732 329 797 rat,
346 747 415 787 cum
430 726 612 787 excusaveris
625 730 664 795 te,
681 728 752 784 dum
768 745 800 785 es
815 728 1004 787 sacularibus
1017 745 1102 787 occu·
1156 728 1278 786 luxuriae
1292 727 1437 802 corporali
1450 744 1457 783 ι
1470 723 1545 799 Justi
1559 731 1657 784 autem
1683 726 1782 784 anima
1804 720 1887 786 utitur
1897 748 1949 789 ror-

274 817 452 893 patus‚alios
467 817 610 883 invitet,et
621 818 653 873 tu
669 815 845 873 excludaris.
855 817 996 889 lnjiciunt
1010 818 1099 874 etiam
1157 833 1227 889 pore
1242 821 1275 873 ut
1289 816 1487 873 instrumento
1509 818 1560 872 aut
1583 831 1704 888 organo,
1725 831 1786 889 que
1807 815 1949 891 velutpre·

274 908 397 966 honoris
411 904 608 979 appetentiam
624 907 785 978 potestates
800 906 913 975 mundi,
931 908 1002 964 utte
1015 905 1101 963 extol·
1156 904 1237 962 clera
1250 905 1356 962 artifex
1377 921 1436 978 quo
1458 903 1522 962 vult
1544 903 1719 977 obsequium
1742 904 1864 978 corporis
1876 906 1950 979 ducit,

271 997 316 1054 las
332 997 410 1055 siout
422 994 526 1062 Adam,
542 997 572 1051 et
587 995 658 1051 dum
672 994 716 1051 vis
732 995 888 1068 adaquare
910 996 1003 1055 Deum
1016 994 1100 1053 simi·
1156 998 1186 1051 et
1200 993 1314 1069 effingit
1328 995 1366 1051 de
1380 1010 1414 1051 eo
1430 993 1558 1068 speciem
1573 1009 1661 1065 quam
1674 991 1769 1065 elegit,
1784 994 1812 1049 et
1829 1008 1874 1051 em
1891 1010 1950 1067 quea

271 1084 397 1141 titudine
419 1083 585 1156 potestatis,
611 1082 711 1139 divina
734 1086 877 1157 praeapte
901 1083 1058 1157 despicies,
1071 1087 1101 1140 et
1156 1083 1292 1151 voluerit,
1322 1082 1393 1140 facit
1418 1084 1448 1139 in
1475 1098 1509 1140 eo
1538 1097 1675 1139 msoume
1693 1080 1824 1149 virtutes,
1841 1099 1951 1157 pangens

272 1190 336 1247 qua
350 1172 490 1239 habebas,
507 1171 630 1246 incipiat
643 1171 789 1229 amittere.
806 1172 859 1237 Oui
873 1172 953 1230 enim
969 1189 1028 1230 uon
1044 1173 1100 1231 ha·
1155 1188 1236 1228 nunc
1249 1170 1387 1231 modulos
1401 1170 1635 1239 castitatis,nuuc
1657 1168 1791 1227 modulos
1806 1174 1948 1244 temperan-

271 1262 362 1336 bet,et
375 1261 451 1334 quod
469 1259 718 1317 habetauferetur
732 1261 769 1317 ab
788 1278 832 1317 eo.
1155 1260 1214 1331 tiae,
1236 1259 1403 1318 sobrietatis
1428 1276 1557 1327 carmen,
1582 1258 1757 1333 integritatis
1780 1256 1950 1329 dulcedinem,

1154 1348 1331 1423 virginitatis
1353 1348 1538 1418 suavitatem,
1549 1348 1718 1422 gravitatem
1739 1346 1892 1409 neutuna
1910 1348 1951 1406 la·

1155 1438 1273 1494 terdum
1287 1441 1386 1494 tamen
1401 1436 1569 1494 modulator
1584 1434 1761 1510 compatitur
1783 1452 1883 1510 organo
1895 1452 1949 1494 suo.

1155 1528 1191 1583 fit
1203 1526 1268 1584 ideo
1282 1527 1407 1584 honesta
1422 1524 1583 1595 modulare,
1600 1530 1633 1582 ut
1646 1525 1686 1581 sit
1708 1524 1829 1582 honeste
1841 1540 1953 1598 eompu-

1155 1616 1210 1673 sio.
1225 1614 1298 1673 Nam
1313 1620 1343 1673 et
1356 1614 1406 1671 ille
1425 1615 1475 1687 qui
1490 1615 1578 1683 videt,
1606 1614 1732 1670 vivendo·
1752 1611 1919 1686 plerumque,
1932 1618 1954 1669 ct

1155 1704 1279 1762 audiens
1292 1704 1438 1761 audiendo
1451 1703 1586 1759 officitur.
1604 1703 1636 1759 ut
1651 1702 1717 1759 ideo
1728 1702 1798 1759 dicit
1809 1702 1952 1775 Scriptum:

306 1386 352 1445 23.
369 1384 487 1452 Quoties
504 1384 532 1439 in
548 1384 677 1441 oratione
692 1384 786 1455 nobis,
812 1402 872 1458 qua
897 1385 1023 1442 menime
1040 1386 1099 1442 Deo

273 1474 556 1549 appropinquamus,
572 1473 766 1530 offunduntur
780 1490 814 1531 ca
837 1491 901 1547 quo
924 1473 1012 1548 plene
1031 1478 1101 1531 sunt

272 1561 406 1637 opprobii
421 1561 548 1634 alicujus
564 1565 615 1619 aut
643 1561 773 1629 sceleris,
803 1578 861 1635 quo
886 1579 940 1619 nos
964 1579 981 1619 e
1002 1561 1100 1619 studio

272 1650 449 1727 precationis
465 1650 616 1707 avertenti
634 1650 753 1715 Quoties
761 1650 901 1707 inimicus
912 1651 990 1707 cordi
1000 1655 1101 1708 nostro

273 1744 397 1797 conatur
413 1739 551 1809 inserere,
576 1756 633 1811 quo
658 1755 712 1795 nos
736 1740 867 1797 reflectat
895 1758 912 1797 a
936 1738 1101 1797 sanctitatis

271 1828 422 1902 proposito
438 1831 467 1884 et
482 1828 540 1899 piis
555 1826 648 1885 vodel
672 1828 790 1896 Quoties
814 1844 969 1901 corpereos
984 1828 1101 1884 inflam-
1116 1832 1141 1898 Β
1156 1794 1235 1851 omi
1249 1796 1292 1850 Μ’
1304 1802 1378 1895 '‘ft“
1391 1792 1501 1894 ‘’ideas“
1516 1792 1609 1864 (mi-
1626 1807 1663 1892 ’νς
1688 1791 1757 1892 2Ῑ5Ὴ
1781 1794 1811 1847 θῑ
1824 1790 1909 1892 itis&
1925 1791 1955 1847 Nt

273 1920 335 1973 mat
350 1914 488 1973 mmet
506 1914 790 1979 Quotiesooguw
808 1916 886 1973 ιω
912 1915 981 1971 facit
999 1915 1100 1972 oculos
1154 1882 1408 1955 muttrutuerrsod
1434 1882 1567 1938 uloeoom.
1596 1881 1661 1937 Nola
1690 1878 1956 1937 summersione

273 2004 464 2073 meretricios,
482 2003 590 2077 quibus
606 2008 721 2061 castum
741 2004 817 2076 Just-i
839 2008 932 2063 tentet
951 2004 1099 2073 affectum,
1150 1972 1320 2133 2⁸¹3?oe
1336 1972 1401 2027 Μ
1413 1970 1555 2027 mmm
1568 1972 1599 2027 Μ
1622 1971 1706 2025 '’⁶²⁸⁶“
1719 1970 1866 2026 mm
1881 1968 1954 2041 (pm

1176 2101 1184 2128 '
1246 2103 1252 2115 ·
1417 2148 1493 2205 401
1510 2146 1628 2203 CAPUT
1646 2145 1711 2202 Vll.

274 2182 394 2250 Quoties
408 2182 513 2239 inserit
528 2182 627 2239 animo
643 2186 693 2239 tuo
708 2183 829 2239 verbum
845 2182 993 2255 iniquum,
1010 2186 1039 2239 et
1053 2199 1100 2240 co·
1154 2223 1175 2276 L
1211 2236 1276 2276 m
1289 2221 1486 2304 mmm-5
1511 2219 1691 2290 mmm
1721 2233 1777 2276 me
1805 2219 1956 2288 imm

274 2271 429 2343 gitationes
443 2271 540 2327 cordis
556 2271 811 2328 absconditastlle
823 2288 880 2343 quo
892 2271 944 2327 tibi
955 2270 1026 2328 dicit
1036 2271 1098 2328 lex:
1209 2308 1299 2361 ,mm
1313 2292 1604 2364 ,pomagmffi
1619 2304 1682 2363 w
1703 2298 1796 2347 mm„
1823 2289 1884 2343 ῃ),
1899 2301 1955 2341 m.

273 2359 386 2417 Atteude
414 2360 473 2427 tibi,
498 2376 534 2415 ne
557 2358 605 2429 fiat
630 2361 741 2416 vertetur
770 2359 961 2415 absconditum
976 2362 1006 2417 io
1021 2360 1101 2417 corde
1190 2379 1342 2434 numquam
1355 2362 1529 2435 cornpotitur.
1559 2364 1700 2420 Praetereo
1715 2363 1756 2417 tot
1783 2376 1825 2417 mo
1863 2359 1905 2413 tiis
1921 2357 1955 2436 rr}

261 2434 319 2506 'tuo
330 2451 458 2523 iniquum
473 2450 562 2519 (Dect.
577 2466 623 2517 xv,
648 2450 688 2515 9),
713 2453 742 2505 ct
766 2447 845 2505 dicat
866 2448 919 2505 tibi
935 2448 1098 2515 Dominus:
1190 2442 1248 2489 lam
1274 2433 1416 2490 “bundare
1443 2438 1474 2488 “l
1497 2431 1558 2488 ⁰d2'0
1587 2433 1735 2505 ΜΜΜ»
1759 2434 1786 2488 ⁶²
1811 2446 1879 2486 Μ*
1902 2426 1955 2484 ⁸⁰l¹³

274 2537 348 2605 Quid
364 2536 610 2609 cogitesmeleiu
626 2538 712 2593 corde
727 2536 891 2593 tuofNeve
915 2554 983 2593 cum
1005 2536 1099 2593 obun-
1190 2505 1285 2578 ’Μ’
1300 2521 1396 2561 “mm
1415 2506 1463 2573 Μ’
1479 2504 1575 2576 quim
1602 2506 1695 2560 tam
1724 2505 1786 2561 ‘'i“
1809 2502 1896 2559 Μ
1912 2511 1957 2555 ‘⁸‘

365 2624 371 2637 .
761 2623 767 2637 .
804 2625 810 2636 .
1077 2625 1083 2638 .
1190 2578 1322 2632 amarior.
1339 2576 1452 2633 ffortcm
1464 2576 1549 2647 ipim
1563 2576 1670 2631 motum
1683 2590 1742 2631 aon
1754 2589 1819 2631 esce.

274 2625 389 2683 dmm
403 2642 474 2682 ΜΟ
489 2630 518 2727 el
531 2628 661 2726 ΜΨ
677 2628 706 2680 θι
721 2641 828 2725 ⁰P¹m¹⁸
844 2625 1100 2727 ⁸3r⁰fflm.fm⁰.t¹ss
1188 2665 1234 2721 26.
1250 2663 1370 2737 utquid
1386 2664 1421 2720 de
1436 2662 1581 2720 extrancis
1595 2661 1712 2737 laqueis
1736 2662 1859 2735 loquor!
1876 2652 1960 2715 noui

273 2716 340 2785 bus,
356 2715 399 2771 vel
415 2714 577 2771 bonoribus
593 2715 690 2770 dicas:
716 2717 816 2769 Virtus
840 2728 906 2770 mee
931 2714 1011 2770 dedu
1026 2714 1099 2769 mrhr

272 2804 352 2860 buc·
369 2807 398 2860 et
409 2801 590 2859 obliviscaris
614 2802 773 2859 Dominum
795 2802 888 2858 Deum
901 2802 1080 2862 tuumffleut
1155 2752 1240 2809 ΜΒ
1254 2751 1438 2852 laqqeifunt
1450 2748 1630 2851 ⁰⁸vf³ndiiln
1645 2752 1712 2825 ip⁸⁰
1728 2749 1784 2808 ¹¹⁰⁰
1797 2763 1907 2822 ⁰⁰er
1918 2759 1959 2799 Μ’

274 2847 403 2962 Μ’ῃ),
1079 2845 1088 2869 ’
1153 2844 1214 2897 stro
1228 2839 1326 2912 laquel
1339 2840 1509 2896 circumfusi
1532 2840 1618 2896 nobie
1643 2843 1725 2909 sunt,
1750 2836 1959 2912 quosdebemoe

1152 2928 1253 2986 vitare.
1269 2929 1331 2986 Non
1346 2929 1502 2986 credamus
1523 2945 1578 2985 nos
1601 2926 1671 2985 huic
1692 2927 1821 3001 corpori,
1844 2919 1958 2981 noomi·

307 3016 352 3071 24.
372 3014 421 3071 llis
435 3030 504 3089 ergo
519 3013 620 3070 anima
630 3030 694 3086 quae
706 3014 788 3088 cupit
804 3012 1097 3085 evolare,deponitur.
1153 3034 1288 3075 acuamus
1303 3034 1371 3074 aum
1387 3033 1420 3074 ρο
1434 3018 1563 3075 animam
1579 3022 1724 3074 nostram,
1744 3016 1812 3073 com
1825 3009 1961 3085 omunsta-

274 3103 331 3160 Sed
350 3107 383 3159 tu
398 3104 546 3159 obluctare
561 3100 646 3174 quasi
667 3101 760 3158 bonus
788 3099 872 3159 miles
894 3100 999 3157 Christi
1014 3101 1097 3169 lesu,
1153 3107 1226 3179 quit,
1239 3108 1322 3163 misce
1336 3108 1462 3162 animum
1490 3112 1582 3174 tuum,
1610 3122 1666 3163 oon
1679 3123 1748 3163 cum
1770 3106 1879 3162 inimico
1891 3097 1959 3172 (tut

274 3195 303 3250 et
317 3190 455 3249 inferiora
469 3190 643 3263 despiciens,
660 3192 775 3247 terrena
790 3189 976 3256 obliviscens,
993 3190 1028 3246 ed
1046 3195 1135 3263 cre-c
1154 3212 1193 3263 vr,
1208 3195 1247 3269 t).
1265 3194 1418 3252 Inimicum
1428 3195 1483 3252 tibi
1495 3199 1541 3253 est
1559 3212 1665 3269 corpus
1686 3200 1777 3253 tuum
1801 3191 1876 3267 quod
1889 3202 1959 3261 repu-

271 3280 357 3338 lestia
380 3283 409 3336 et
430 3283 537 3335 aterna
557 3278 709 3333 contende.
733 3276 840 3334 Attolle
856 3276 985 3335 enimam
1004 3281 1098 3349 tuem,
1153 3289 1224 3359 guar
1238 3284 1330 3341 menti
1345 3288 1413 3354 tua,
1430 3285 1516 3355 cujus
1530 3300 1619 3358 opera
1632 3266 1809 3351 inimicitiae,
1824 3276 1961 3338 dissensio·

273 3386 310 3425 ue
325 3384 390 3425 eam
406 3366 507 3424 illiciat
522 3382 590 3423 esca
603 3365 786 3438 laqueorum.
802 3364 973 3440 Voluptates
988 3366 1099 3435 saculi,
1153 3389 1216 3441 nee,
1231 3372 1297 3430 lites
1313 3373 1610 3447 perturbationesque
1623 3371 1779 3429 sorbituli
1793 3386 1861 3429 enm
1873 3383 1904 3425 eo
1915 3362 1962 3421 mi·

273 3473 346 3514 esco
360 3456 495 3528 quadam
511 3460 591 3521 sunt,
607 3457 636 3511 et
651 3455 728 3526 quod
740 3454 823 3527 pejus
839 3458 893 3522 est,
909 3470 981 3511 eseae
1005 3455 1098 3512 malo·
1153 3478 1234 3519 suero
1246 3462 1376 3519 animam
1388 3465 1481 3528 tuam,
1492 3478 1529 3518 ne
1542 3466 1705 3534 utrumque
1718 3458 1888 3517 confundas.
1900 3453 1962 3510 um

272 3560 340 3602 rum
356 3560 429 3601 esca
452 3544 658 3601 tentationum.
685 3544 760 3600 Dum
784 3542 963 3615 voluptatem
979 3544 1098 3618 queris,
1152 3551 1178 3608 si
1194 3552 1344 3622 miscetur,
1359 3566 1427 3625 ergo
1444 3549 1675 3607 melioriitcaro
1701 3567 1769 3623 qua
1793 3545 1906 3605 inferior
1917 3547 1962 3607 est,

272 3633 394 3706 laqueos
410 3632 544 3690 incurris.
561 3631 669 3688 Oculus
682 3630 761 3688 enim
778 3631 939 3689 meretricie
964 3632 1032 3704 (17),
1053 3632 1098 3689 la·
1152 3657 1243 3713 quam
1258 3640 1357 3696 anima
1372 3655 1435 3712 quae
1450 3638 1603 3713 superior;
1621 3638 1694 3712 quia
1708 3637 1821 3708 anima,
1843 3634 1898 3691 vite
1911 3646 1963 3687 cor·

272 3738 375 3796 quous.
393 3722 528 3795 Laqueus
544 3725 590 3778 est
615 3721 703 3777 etiem
728 3737 824 3777 sermo
850 3721 1021 3789 meretricis,
1045 3723 1098 3794 qui
1152 3726 1216 3797 pori
1229 3726 1328 3795 tradit,
1344 3742 1411 3783 caro
1426 3730 1524 3783 autem
1537 3730 1658 3783 mortem
1670 3727 1781 3783 anima
1791 3717 1963 3781 transfundit.

272 3811 400 3869 0bdt¹⁰⁸l
415 3810 451 3867 &d
467 3814 583 3882 lssfflpus
598 3808 697 3865 stuwi
712 3812 789 3876 lm,
815 3813 843 3865 θῒ
863 3804 962 3881 postet
976 3825 1098 3883 exaspt·
1151 3814 1349 3873 confunditur
1363 3830 1432 3888 ergo
1454 3815 1609 3888 utriusque
1627 3815 1773 3888 operatio,
1794 3808 1965 3871 confunditur

272 3904 317 3955 rat
333 3914 383 3955 eas
412 3896 608 3955 amaritudine
631 3897 817 3954 conscientia
841 3896 1021 3969 peccatricis.
1043 3904 1096 3955 ba·
1152 3920 1242 3978 prope
1256 3904 1321 3977 ipsa
1334 3903 1490 3977 utriusque
1504 3904 1679 3961 substantia.
1700 3905 1797 3977 Igitur
1817 3896 1931 3971 suscipit
1939 3892 1965 3948 io

256 4004 366 4071 ¹queue
380 3990 426 4046 est
440 3986 536 4044 aliena
550 3986 697 4059 possessio
708 3985 795 4060 plena
804 3985 991 4043 amaenitatis.
1004 3987 1097 4046 Omne
1151 4008 1184 4048 se
1198 3992 1298 4048 anime
1307 3992 1567 4049 insensibilitatem
1579 3992 1714 4048 defuncti
1725 3990 1867 4065 corporis,
1877 3990 1905 4045 et
1917 3998 1967 4041 cor·

270 4076 326 4132 iter
340 4076 418 4133 istus
428 4075 492 4131 vitu
508 4074 629 4147 plenum
643 4073 815 4147 laqueorum
835 4079 888 4131 est.
903 4074 985 4132 Unde
995 4076 1097 4149 justus
1152 4096 1209 4154 pus
1219 4079 1358 4138 omuibus
1372 4080 1476 4138 enimes
1490 4080 1649 4138 virtutibus
1660 4080 1892 4155 fungitur.Acne
1905 4073 1966 4128 furit

270 4163 361 4220 dicit:
378 4166 408 4221 fo
424 4165 470 4219 vio
485 4162 536 4218 boc
554 4177 609 4235 quo
630 4163 818 4233 ambutabam,
840 4164 1038 4222 absconderunt
1055 4167 1096 4224 to·
1152 4170 1222 4241 quia
1236 4168 1405 4226 infunditur
1418 4170 1518 4227 animo
1532 4170 1657 4243 corpori,
1673 4170 1772 4228 etiam
1782 4162 1969 4233 confuudipo·

272 4251 612 4324 autoramentum,
629 4251 730 4323 i).fn
752 4253 808 4317 oio,
837 4250 943 4323 inquit,
971 4254 1097 4312 torote-
1150 4262 1239 4329 tetur,
1254 4258 1421 4332 exemplum
1446 4258 1531 4316 nobis
1555 4259 1595 4315 sit
1617 4258 1711 4330 binius
1732 4256 1858 4314 luminis
1876 4247 1966 4327 gratit-

270 4340 421 4397 conderent
434 4362 444 4409 ,·
457 4340 521 4396 ideo
536 4344 567 4395 tu
584 4338 665 4396 illem
680 4339 758 4396 viam
783 4339 905 4397 ambula
919 4358 982 4415 que
997 4343 1071 4401 dicit
1087 4360 1094 4400 ε
1151 4347 1304 4420 Siquidem
1319 4346 1463 4404 etlumen
1478 4351 1593 4405 terreno
1603 4346 1666 4404 loco
1677 4346 1861 4413 infunditur,
1871 4356 1920 4399 neo
1932 4342 1968 4393 tt·

271 4430 500 4499 Eposumoioct
526 4430 637 4497 veritos
666 4437 692 4485 ct
719 4431 788 4494 vito,
819 4429 898 4501 (loon
925 4448 983 4499 niv,
1009 4433 1050 4506 6),
1064 4439 1098 4491 ut
1150 4452 1219 4493 men
1234 4435 1435 4493 confunditur.
1457 4435 1517 4493 Non
1544 4436 1584 4492 sit
1606 4451 1674 4510 ergo
1701 4426 1968 4505 contusaoperatio.

272 4516 373 4573 dicas:
391 4517 520 4572 Animam
539 4532 632 4572 meam
654 4518 797 4585 cirnuertit,
821 4518 935 4577 deducit
957 4537 1098 4595 meeupcr
1152 4541 1279 4597 quorum
1295 4524 1395 4598 disper
1418 4523 1585 4581 substantia
1609 4529 1669 4581 eat:
1696 4523 1752 4581 sed
1777 4522 1817 4580 sit
1839 4517 1932 4577 anime
1946 4511 1970 4567 io

270 4605 384 4661 semitas
393 4603 515 4674 justitiae
527 4612 640 4677 propter
653 4621 752 4662 nomeu
770 4622 859 4662 suum.
884 4608 958 4680 (Psoi
974 4626 1044 4679 nnn,
1060 4612 1098 4679 3).
1154 4630 1286 4687 corpore,
1302 4618 1335 4670 ut
1349 4614 1475 4671 vivificet
1489 4630 1607 4686 corpus,
1623 4612 1678 4670 boc
1698 4614 1857 4686 gubernet,
1872 4601 1969 4663 illumi·

303 4691 505 4751 25.ltloriatur
532 4691 622 4764 igitur
637 4693 721 4751 nobis
749 4694 804 4749 hoc
831 4696 1097 4761 seculummoria·
1153 4710 1213 4759 net

273 4788 322 4840 tur
338 4780 422 4839 nobis
437 4780 535 4837 cernis
551 4780 638 4838 istius
653 4780 805 4855 sapientia,
830 4800 893 4856 ques
916 4786 1037 4843 inimice
1055 4793 1101 4845 est
1187 4793 1233 4849 27.
1250 4792 1362 4865 Negare
1374 4796 1474 4849 temen
1497 4806 1555 4847 non
1576 4806 1740 4863 possumus
1762 4788 1844 4863 quod
1864 4795 1971 4853 compa·

271 4872 340 4929 Deo.
358 4868 558 4942 Subjiciemus
580 4870 710 4928 animam
736 4875 869 4928 nostram
894 4874 949 4931 soli
970 4874 1098 4944 Christo,
1155 4880 1245 4935 tiator
1259 4880 1374 4953 corpori
1389 4896 1463 4948 suo;
1479 4892 1548 4935 nem
1563 4882 1593 4935 et
1607 4878 1816 4936 contristetur.
1834 4869 1971 4947 Siquidem

271 4965 303 5016 ut
317 4958 397 5016 dicat
411 4958 637 5032 unusquisque:
654 4960 749 5016 Nouae
760 4960 812 5017 Deo
821 4962 944 5033 subjectu
954 4968 994 5019 eet
1004 4967 1100 5022 animo
1152 4968 1241 5024 lesus
1255 4968 1312 5025 ait:
1331 4970 1481 5025 frictiseet
1506 4970 1602 5024 animo
1623 4983 1685 5023 meo
1715 4982 1806 5040 usquc
1822 4963 1972 5021 mmmm

271 5050 342 5121 meo(
359 5047 435 5104 Psoi.
454 5046 1098 5123 nar,2)fNonsaculosubdite,nonmundo,
1131 5057 1351 5127 '(lfottt.xnv1,
1372 5057 1428 5133 38),
1458 5056 1596 5113 affectum
1626 5055 1765 5113 hominis
1789 5055 1822 5111 in
1846 5042 1973 5119 seexpri·

272 5136 379 5209 inquit,
397 5134 526 5193 subdite.
552 5135 615 5192 Non
640 5140 736 5208 potest
765 5134 819 5193 hoc
836 5139 1024 5210 pecuniosus,
1041 5158 1100 5200 uon
1132 5156 1248 5202 mene.
1265 5145 1300 5201 ut
1313 5143 1404 5201 alibi:
1421 5145 1522 5201 Animo
1535 5144 1781 5201 materiatam
1801 5139 1970 5210 oofdevom·

272 5228 369 5297 potest
385 5241 490 5282 avarus
504 5224 620 5319 dicere:
638 5225 688 5281 sed
703 5224 776 5282 dicit
786 5227 886 5299 justus
899 5228 1099 5287 etcontinens.
1153 5250 1204 5303 xu,
1219 5234 1276 5307 27).
1291 5234 1444 5307 Siquidem
1459 5238 1488 5292 et
1502 5231 1673 5291 moduletur
1687 5230 1823 5290 modulis
1838 5228 1908 5296 suis,
1930 5221 1974 5279 etl

308 5418 371 5542 (173,
381 5416 528 5491 pluitque
540 5436 624 5491 mss,
636 5421 844 5505 lwttwini
853 5424 1015 5506 meretricie.
1028 5424 1100 5497 Alii,
1155 5445 1213 5502 que
1227 5428 1401 5487 Ambrosius
1416 5429 1547 5487 indicere
1557 5428 1619 5486 bae
1633 5429 1698 5502 ipea
1722 5445 1740 5485 e
1766 5425 1861 5485 sacris
1879 5414 1973 5500 litteris

274 5503 308 5569 ΕΡ
326 5503 342 5542 ⁰
365 5493 397 5543 tl·
414 5506 526 5574 ⁰¹⁰¹!08·
544 5492 643 5549 ΟΜΝ
658 5509 735 5549 emm
748 5502 911 5551 metricis·
923 5493 998 5559 Qum
1010 5497 1099 5555 etiam
1154 5501 1243 5575 petite
1266 5510 1345 5560 esse!
1372 5504 1511 5558 Attamen
1523 5517 1558 5557 ee
1567 5515 1723 5573 nusquam
1737 5500 1771 5558 in
1787 5498 1847 5555 illis
1860 5500 1975 5567 reponit

273 5556 326 5616 hb.
343 5572 362 5613 1.
379 5560 499 5643 fletum
527 5567 555 5619 et
580 5563 658 5630 Atel,
673 5580 738 5637 cap.
753 5565 782 5631 t,
797 5568 826 5621 et
840 5564 1019 5640 ubicumque
1039 5567 1100 5627 bac
1157 5577 1214 5642 est,
1229 5572 1280 5629 sed
1295 5588 1397 5630 eorum
1411 5588 1517 5630 seusus
1532 5573 1569 5629 ad
1605 5571 1732 5630 uosdam
1754 5566 1972 5632 venusinus

274 5632 421 5693 tenuata
434 5632 552 5704 citetur,
566 5634 672 5697 iisdem
682 5634 779 5701 verbis
786 5635 940 5701 exhibetur
951 5655 958 5713 ς
971 5637 1100 5707 ridetur·
1157 5644 1275 5709 tiorum
1288 5643 1334 5710 vel
1349 5642 1547 5710 bortulutii
1562 5589 1662 5711 abra
1676 5646 1790 5725 pourt-
