4159 6184
250 314 311 390 ro
934 323 1263 413 coemamus
1895 325 1957 396 ue

250 457 463 534 imperatomm
476 461 593 520 Arcadii
603 461 1071 536 stqnallononiiaxemplumPau-
1086 460 1115 530 A
1129 461 1193 532 tuit,
1205 463 1278 524 satis
1289 458 1460 540 singulatim
1474 459 1541 523 ilios
1554 462 1694 522 recenset.
1710 459 1743 519 ln
1758 458 1872 524 eisdam
1885 477 1955 528 vero

250 547 501 622 linusaarrat(ln
519 555 553 609 V.
570 553 661 608 Amtr.
689 568 770 607 nam.
786 553 831 621 34)
860 553 972 608 editum
997 568 1071 620 esse,
1127 550 1198 608 illud
1213 557 1364 610 ostensum
1380 552 1530 626 singulare
1544 552 1680 625 estquod
1695 551 1870 609 Ambrosius
1884 569 1954 609 cum

250 653 308 709 quo
322 639 401 696 Deus
412 639 475 712 ipse
499 641 706 706 manifestavit,
722 657 811 712 quam
838 641 1011 698 inviolatum
1029 657 1074 696 ec-
1127 641 1249 698 Paulino
1265 642 1321 714 ipsi
1337 641 1444 715 psalmi
1459 659 1527 698 xaru
1539 641 1754 700 enarrationem
1770 639 1904 710 distaret,
1916 641 1953 698 ab

250 725 409 786 clesiarum
434 730 548 802 asylum
571 745 635 785 esse
659 733 800 801 oporteat.
816 731 890 786 Nam
918 729 1073 786 cresconio
1126 747 1160 787 eo
1174 731 1256 788 visus
1270 735 1315 788 est
1330 730 1449 805 igneum
1462 730 1562 788 orbem
1572 729 1624 804 qui
1638 731 1721 804 prius
1736 729 1877 787 antistitis
1892 747 1955 787 var·

251 817 382 887 quodam
397 836 415 875 a
429 817 571 874 militibus
596 832 631 871 ex
656 815 785 873 Ecclesia
808 833 860 889 per
886 816 947 872 vim
962 819 1071 888 erepto,
1127 819 1176 877 tici
1192 820 1394 892 superpositus
1418 824 1603 893 apparuerat,
1620 818 1731 877 eensIm
1755 819 1954 893 iutrspectue

251 905 1074 979 cuminjuriamlocorumsacroramprostratusadalts·
1126 923 1178 981 per
1193 925 1225 966 os
1243 908 1397 966 hausisse:
1414 910 1492 982 quod
1517 925 1585 966 eum
1610 908 1819 965 vehementiori
1845 909 1954 965 divinas

250 1011 282 1051 re
295 993 409 1067 lugeret
422 993 605 1061 Ambrosius,
623 1012 753 1052 reversos
767 996 798 1051 in
813 995 923 1052 circum
934 995 1002 1052 illos
1016 995 1073 1051 mi·
1126 996 1277 1054 charitatis
1292 999 1394 1055 ardere
1413 998 1548 1054 incendio
1572 997 1768 1072 significabat.
1785 998 1821 1055 Et
1835 1013 1908 1055 sane
1922 997 1952 1054 in
1972 1065 1975 1070 ¹

251 1082 318 1139 lites
333 1082 461 1155 leopardi
477 1081 671 1141 laniaverunt.
687 1085 728 1142 Eo
750 1085 814 1159 ipso
827 1084 891 1142 loco
904 1085 982 1141 idem
997 1085 1072 1140 Pau·
1126 1089 1255 1144 extremo
1269 1085 1319 1143 illo
1333 1087 1397 1143 vitre
1412 1087 1675 1162 spatioeruperunt
1690 1088 1803 1160 majora
1816 1088 1953 1161 quedam

250 1171 329 1227 linus
342 1170 449 1244 (inl'ita
458 1172 778 1249 Amlr.,num.35),post
788 1173 1000 1232 emicamillam
1012 1189 1074 1229 eor·
1125 1175 1268 1232 virtutum
1283 1177 1347 1248 ejus
1357 1175 1525 1234 testimonia
1534 1174 1670 1250 :insignis
1679 1175 1819 1235 nimirum
1830 1177 1953 1234 modes·

248 1259 422 1333 reptionem,
439 1277 497 1334 qua
520 1263 717 1331 Theodulum,
740 1265 915 1321 Mutinensis
938 1262 1072 1320 Ecclesia:
1126 1265 1173 1320 tis
1188 1269 1394 1340 argumentum
1408 1270 1463 1333 est,
1478 1264 1556 1339 quod
1572 1262 1665 1322 sacris
1686 1263 1793 1322 litteris
1808 1265 1952 1340 interpre-

248 1356 351 1426 postca
370 1353 551 1426 episcopum,
578 1354 701 1426 proximi
725 1355 828 1428 lapsus
851 1355 1073 1414 commonefecit
1126 1353 1224 1410 modis
1239 1354 1382 1427 imparem
1401 1371 1434 1411 se
1457 1370 1522 1410 esse
1544 1353 1751 1425 profitebatur:
1770 1369 1823 1410 neo
1850 1351 1954 1410 minus

247 1444 369 1499 sanctus
382 1442 431 1498 hic
446 1447 556 1507 noster,
568 1443 715 1499 subnectit
730 1444 837 1516 regina
851 1443 1071 1500 Marcomanno·
1127 1442 1217 1499 divini
1228 1443 1280 1500 seli
1291 1443 1446 1509 indicium,
1457 1443 1535 1516 quod
1547 1445 1650 1499 eontra
1659 1441 1814 1500 hereticos
1824 1445 1853 1499 et
1866 1441 1953 1500 Aris·

248 1545 315 1586 rum
331 1532 367 1588 ad
381 1532 571 1588 Ambrosium
592 1531 779 1606 legationem.
795 1531 848 1588 llla
868 1532 981 1604 regina,
997 1531 1074 1589 sicut
1126 1549 1180 1589 nos
1192 1532 1338 1606 imprimis
1353 1533 1389 1588 ad
1408 1531 1548 1590 ultimum
1568 1530 1706 1604 spiritum
1728 1547 1860 1604 pugnare
1876 1549 1954 1589 nun·

248 1618 501 1693 perbibetcitatas
513 1624 625 1686 auctor,
640 1622 799 1676 vocabatur
813 1620 937 1692 Pritigil,
949 1637 1014 1693 qus
1029 1621 1072 1678 fa·
1126 1637 1215 1692 quam
1237 1621 1413 1678 intermisit:
1431 1621 1557 1694 denique
1579 1621 1609 1676 in
1638 1619 1694 1676 boo
1719 1619 1830 1677 etlulsit
1856 1620 1953 1696 ipsius

249 1725 329 1765 mam
344 1708 492 1764 Ambrosii
505 1725 573 1764 cum
589 1709 759 1776 audivisset,
776 1711 867 1766 missis
891 1709 1072 1766 Mediolanum
1126 1709 1255 1766 ebaritas
1270 1709 1299 1767 in
1307 1727 1425 1784 gregem
1434 1710 1616 1783 suum,quod
1627 1709 1818 1782 praeparando
1830 1710 1954 1783 edejus·

248 1799 409 1854 muneribus
422 1797 457 1853 od
482 1799 634 1867 sunnam,
658 1814 710 1870 per
735 1799 837 1868 legatos
859 1799 1018 1870 postulauit,
1041 1804 1073 1855 ut
1087 1834 1111 1900 B
1126 1800 1192 1855 dem
1208 1815 1296 1856 usum
1311 1799 1436 1872 spiritali
1452 1798 1560 1872 pabulo
1576 1797 1755 1855 immortuus
1769 1803 1824 1856 est.

197 1877 200 1885 ’
248 1888 458 1960 seriptisipsius
472 1888 591 1959 nestun
605 1887 714 1945 medere
731 1887 847 1955 deteret
863 1889 1070 1958 informaretur.
1161 1888 1223 1945 lt5.
1240 1887 1387 1945 Ambrosii
1413 1888 1473 1945 vita
1501 1887 1652 1944 meditatio
1680 1887 1786 1944 mortis
1809 1887 1953 1946 continua

248 1975 289 2032 Ad
303 1992 384 2048 qnam
399 1976 447 2033 ille
465 1977 609 2049 epistelam
632 1979 697 2047 fecit
722 1977 890 2049 praclarum
912 1978 941 2032 c'n
961 1977 1072 2035 modum
1126 1977 1262 2045 iuerat,et
1275 1978 1373 2052 ipsum
1398 1981 1464 2034 aute
1483 1992 1639 2050 corporum
1661 1975 1789 2035 Gervasii
1802 1993 1837 2034 ao
1850 1977 1953 2039 Prota-

248 2065 408 2121 ccleclaismi
421 2065 500 2134 (ibid.
512 2083 595 2121 num.
611 2066 667 2139 37).
681 2065 820 2123 Dolemus
835 2067 981 2124 lutcriisse
995 2067 1071 2124 bano
1125 2067 1162 2124 sii
1171 2072 1333 2142 martyrum
1343 2065 1566 2124 translationem
1586 2066 1622 2122 de
1635 2064 1750 2122 tumulo
1766 2067 1890 2140 suojam
1901 2083 1953 2124 co·

155 2159 160 2168 '
249 2153 529 2227 epistolam,qaippe
545 2172 604 2227 qua
618 2155 702 2225 lecta,
713 2158 795 2211 tanto
810 2155 954 2212 desiderio
969 2156 1072 2212 videu—
1125 2157 1235 2231 gitasse
1249 2156 1349 2230 illique
1360 2155 1459 2214 locum
1469 2152 1669 2228 designavisse
1688 2155 1786 2228 (epist.
1801 2155 1850 2226 22,
1867 2173 1951 2214 oum.

249 2243 280 2298 di
295 2244 441 2300 Ambrosii
457 2243 569 2317 Fritigil
585 2244 735 2312 exarserit,
753 2248 785 2299 ut
811 2260 875 2300 eam
900 2244 937 2299 ob
951 2261 1071 2300 oausam
1125 2247 1182 2319 la),
1197 2246 1378 2319 exploratam
1392 2249 1446 2302 est.
1459 2248 1555 2317 Atque
1569 2244 1641 2302 adeo
1665 2241 1766 2302 nullus
1795 2244 1954 2302 mirabitur

249 2335 276 2389 et
292 2331 419 2404 ipsamet
431 2333 543 2388 venerit
557 2332 775 2389 Mediolanum:
792 2321 847 2389 8εᾶ
859 2349 928 2388 cum
944 2332 1072 2390 nonnisi
1125 2336 1203 2408 quod
1219 2349 1357 2408 suprema
1369 2333 1497 2390 instante
1520 2333 1616 2406 ipsius
1639 2333 1712 2390 hora
1735 2333 1858 2390 candide
1887 2334 1953 2392 suis

249 2424 317 2495 post
330 2420 442 2477 obitum
458 2420 552 2477 saneti
567 2420 701 2493 presulis
715 2419 787 2478 illuc
806 2421 994 2495 pervenisset,
1010 2426 1072 2477 tan·
1126 2423 1298 2481 istadixerit
1312 2441 1319 2480 :
1335 2423 1394 2480 tlon
1418 2425 1459 2479 ito
1478 2424 1551 2478 inter
1577 2437 1622 2478 uos
1636 2423 1708 2489 visci,
1737 2430 1768 2478 nt
1792 2421 1894 2494 pudeat
1907 2439 1954 2479 me

247 2513 312 2566 tam
326 2507 436 2566 laboris
450 2508 601 2566 incassum
617 2508 715 2566 cessit.
1125 2515 1234 2570 nieme:
1249 2529 1300 2569 nec
1314 2514 1395 2569 timeo
1407 2513 1489 2580 meri,
1502 2513 1568 2584 quio
1590 2511 1738 2568 Dominum
1752 2511 1853 2567 dmum
1866 2511 1955 2570 dade·

285 2600 346 2654 lta.
363 2598 514 2655 limenius
528 2598 756 2656 vercellensium
780 2600 936 2674 episcopus
960 2604 990 2658 et
1004 2617 1071 2658 suo·
1126 2619 1187 2658 mars
1202 2602 1293 2674 (Paul.
1309 2603 1340 2658 in
1362 2602 1390 2658 l'.
1415 2601 1508 2658 Amtr.
1533 2616 1616 2656 num.
1635 2599 1692 2672 tn).
1724 2599 1803 2664 Quod
1828 2600 1952 2672 quidem

249 2703 349 2745 cessar
362 2688 456 2744 sancti
471 2687 601 2754 Eusebii,
616 2687 730 2745 circiter
745 2688 800 2746 hoo
814 2693 932 2762 tempus
947 2695 1072 2747 mortam
1127 2690 1238 2746 dietam
1252 2706 1426 2764 momorum
1440 2688 1570 2746 virorum
1595 2685 1818 2743 admirationem
1832 2701 1954 2760 semper

248 2776 416 2851 oppetiit.ln
431 2776 604 2833 sufficiendo
618 2777 661 2833 illi
683 2793 852 2834 successore
866 2779 962 2836 clerus
977 2795 1010 2834 ac
1025 2795 1075 2851 po·
1126 2779 1271 2848 excitavit,
1287 2784 1315 2835 et
1344 2777 1502 2853 Augustini
1523 2794 1580 2850 pre
1605 2776 1738 2833 catoris:
1754 2775 1791 2832 de
1804 2775 1859 2832 boe
1870 2773 1955 2832 enirn

250 2865 338 2938 palus
349 2864 431 2922 illius
445 2865 528 2922 urbis
543 2866 639 2922 abiere
649 2866 679 2922 in
690 2867 785 2923 varias
799 2871 896 2940 partes
911 2870 999 2940 atque
1009 2872 1072 2925 stu·
1127 2867 1279 2926 Possidius
1293 2867 1335 2925 sio
1350 2871 1474 2925 testatus
1489 2870 1554 2923 est:
1571 2868 1606 2923 Et
1623 2865 1655 2921 in
1669 2865 1722 2934 Au,
1738 2862 1845 2937 inquit,
1860 2868 1956 2921 nester

251 2953 310 3023 dia,
322 2957 351 3009 et
365 2953 532 3011 diutissime
542 2956 696 3012 convenire
706 2956 782 3012 inter
793 2972 824 3012 se
835 2973 892 3012 non
908 2955 1072 3012 valuerunt.
1127 2957 1297 3026 dunculinn:
1310 2956 1521 3013 seneneiimata
1537 2970 1570 3010 ac
1593 2953 1694 3009 librata
1721 2951 1914 3009 admirabatur
1928 2961 1956 3010 et

252 3041 489 3111 Ambrosius,abi
504 3043 560 3099 boc
574 3044 700 3110 rescivit,
716 3043 838 3102 moleste
852 3044 934 3101 tulit:
947 3061 1075 3117 cumque
1130 3045 1258 3102 laudabat
1272 3045 1355 3102 verda
1370 3045 1462 3117 (Poss.
1478 3045 1509 3099 in
1525 3043 1553 3100 l'.
1568 3043 1683 3114 August.
1699 3055 1764 3114 cap.
1778 3041 1836 3113 27).
1850 3038 1953 3098 Causas

252 3129 413 3203 adipsum,
429 3136 463 3186 ut
477 3137 544 3204 pote
557 3133 828 3205 metropolitanum,
845 3133 935 3205 hujus
958 3133 1074 3190 dissidii
1129 3139 1227 3192 autem
1242 3131 1542 3206 hujussdmirationis
1552 3131 1630 3206 apud
1640 3119 1778 3186 eumdem
1785 3129 1952 3187 Possidiunr

253 3220 393 3276 eorrectio
410 3220 576 3294 pertineret,
591 3222 686 3278 eidam
701 3221 835 3278 Ecclesia
848 3222 977 3296 amplam
989 3200 1110 3293 juataC
1128 3224 1219 3280 videri
1233 3227 1367 3297 possunt.
1383 3223 1441 3280 Nee
1454 3226 1552 3278 lamen
1568 3219 1626 3276 alia
1635 3236 1700 3292 qus
1714 3235 1733 3275 a
1746 3217 1868 3304 Paulino
1878 3208 1953 3292 auo·

250 3308 462 3381 neclegentem
484 3311 603 3384 scripsit
625 3310 778 3382 epistolam
795 3311 893 3384 (Epist
919 3312 976 3386 63).
992 3312 1024 3368 lu
1038 3328 1073 3368 ea
1127 3329 1184 3387 que
1200 3313 1376 3380 referuntur,
1390 3311 1426 3367 de
1449 3309 1504 3366 boc
1519 3313 1666 3381 postremo
1681 3305 1830 3364 Ambrosii
1844 3323 1953 3380 agona

249 3397 448 3456 Vercellenses
463 3400 498 3455 ad
514 3417 615 3472 pacem
626 3415 660 3455 ac
671 3399 814 3456 mentium
828 3400 969 3458 unitatem
981 3400 1074 3475 gravi·
1127 3403 1226 3459 miuus
1240 3401 1413 3457 admiranda
1424 3403 1569 3473 suntque
1584 3395 1735 3454 brevitatis
1750 3409 1819 3468 ergo
1834 3401 1953 3468 prater·

156 3535 163 3546 ,
248 3487 1072 3563 terbortatur,tumadexplicandaseasdotesatquevir·
1126 3491 1283 3548 mittimus.
1300 3491 1394 3556 Quare
1418 3491 1451 3543 ut
1466 3486 1617 3543 veniamus
1640 3484 1676 3541 ad
1692 3483 1809 3540 beatam
1824 3487 1952 3542 monem

247 3580 408 3650 tutasque
424 3576 454 3633 ia
467 3577 621 3632 candidato
638 3576 771 3648 ejusdem
787 3577 972 3652 episcopatus
987 3580 1072 3637 dobe-
1126 3579 1219 3637 sancti
1235 3577 1412 3653 presulis,in
1425 3576 1489 3650 ipso
1503 3573 1627 3633 articulo
1651 3575 1773 3630 sanctus
1784 3571 1953 3632 Honoratus

246 3665 318 3722 bant
327 3665 545 3740 inesse,stplam
559 3669 742 3732 convertens,
751 3666 792 3723 ita
802 3667 945 3740 loquitur:
957 3669 1015 3726 Duc
1022 3687 1072 3742 pa·
1124 3669 1280 3744 spiscopus
1295 3661 1663 3734 vercellensium,Limenii
1674 3677 1837 3732 successor,
1850 3661 1953 3719 divina

245 3757 324 3823 riter,
340 3755 526 3828 inquitenigi
538 3755 1028 3827 cusnanmonaanniconrrnenria,
1044 3763 1071 3815 et
1123 3775 1192 3816 voce
1206 3763 1251 3815 tar
1264 3755 1443 3826 admonitus,
1459 3753 1589 3810 divinam
1603 3749 1863 3808 Eucharistiamei
1889 3752 1952 3807 mi-

245 3845 393 3918 disctplina
406 3847 533 3902 Ecclesiae
549 3845 627 3918 (idid.
645 3846 806 3916 obmittit:
823 3847 1070 3920 ecquodnamps
1124 3847 1271 3904 nistravit:
1289 3862 1378 3919 quam
1403 3842 1491 3901 simul
1517 3845 1606 3914 atque
1629 3839 1675 3915 pie
1696 3839 1835 3912 suscepit,
1852 3839 1951 3913 ipsius

181 3981 185 3988 ,
245 3933 301 3991 hoa
316 3938 475 4007 utrumque
489 3933 658 3990 institutum
683 3951 700 3990 a
724 3935 808 3990 beato
830 3934 954 3991 Eusebio
972 3936 1070 3992 inilia
1124 3936 1264 3994 animuin
1279 3934 1427 3992 coelestem
1454 3931 1579 4006 patriam
1600 3927 1726 3987 vinculis
1751 3928 1899 4001 corporeis
1916 3929 1951 3986 li-

244 4020 374 4079 Ecalesia
388 4023 478 4079 simul
490 4023 627 4094 junctam
651 4025 722 4077 erat.
738 4023 890 4078 Postremo
906 4023 934 4077 in
950 4023 1067 4080 Sarma·
1122 4025 1192 4082 bara
1207 4023 1339 4082 evolavit.

244 4111 353 4166 tionem
369 4114 398 4166 et
420 4111 627 4167 Barbationem
651 4109 799 4166 invehitur
822 4111 901 4182 (ibid.
923 4128 1007 4168 num.
1028 4113 1066 4187 t),
1162 4114 1220 4169 titt.
1237 4110 1426 4183 Prosequitur
1444 4113 1543 4164 autem
1565 4105 1645 4163 idem
1674 4103 1816 4162 Paulinus
1831 4105 1861 4161 in
1876 4119 1949 4163 eum

244 4197 579 4272 monachosapostatas,
596 4199 631 4255 de
655 4199 764 4271 quibus
787 4200 849 4269 jam
872 4198 1065 4259 dictumest:
1121 4202 1256 4260 modum:
1286 4199 1351 4258 lnde
1375 4197 1410 4254 od
1435 4198 1584 4254 Ecclesiam
1610 4209 1742 4266 majorem
1780 4193 1950 4251 wisnona

243 4288 294 4359 qui
308 4287 456 4345 Vercellas
469 4291 608 4344 venerant
627 4304 684 4343 uon
715 4291 829 4344 tantum
859 4288 979 4346 buresis
1005 4291 1065 4348 dis·
1119 4294 1189 4349 baro
1203 4308 1258 4364 qao
1271 4289 1414 4361 detranatur
1427 4295 1475 4356 est,
1500 4301 1597 4359 corpses
1611 4285 1701 4357 ipsius
1722 4286 1864 4356 portatum
1887 4287 1947 4340 est:

243 4376 424 4434 seminanda
448 4394 546 4446 causa,
562 4394 664 4434 verum
689 4376 777 4434 etiam
802 4376 931 4434 fovendae
954 4379 1067 4438 dissen-
1120 4381 1214 4454 ibique
1230 4379 1322 4436 comta
1335 4379 1389 4452 suit
1417 4383 1502 4448 mete,
1527 4391 1582 4448 qna
1601 4373 1778 4446 vigilavimus
1799 4372 1828 4427 in
1841 4371 1947 4446 pascha

242 4463 345 4521 sionis.
1119 4469 1211 4543 (Paul.
1228 4469 1258 4524 in
1277 4469 1303 4525 l'.
1320 4466 1411 4523 Amdr.
1428 4481 1510 4521 num.
1526 4463 1582 4536 AB).
1598 4460 1711 4527 Quibus
1729 4458 1826 4518 verbis
1844 4463 1948 4535 aperte

159 4584 164 4590 -
278 4553 340 4608 143.
356 4552 430 4617 Quid
445 4555 572 4612 effecerit
586 4555 637 4612 illa
659 4555 792 4628 epistola,
808 4562 992 4628 compertum
1004 4576 1063 4616 non
1078 4571 1102 4637 Ι)
1117 4557 1281 4616 ostenditur
1295 4554 1379 4612 illum
1394 4553 1508 4610 obitum
1524 4550 1580 4609 sub
1590 4556 1751 4608 extremam
1762 4547 1840 4606 ferie
1856 4553 1946 4607 sextae

239 4640 402 4698 habemus:
418 4659 519 4700 verum
532 4644 557 4699 si
571 4643 644 4699 fidos
658 4644 813 4700 tribuenda
835 4645 874 4700 sit
888 4646 968 4701 Actis
983 4647 1063 4704 Gau·
1117 4652 1232 4705 noctem
1248 4645 1390 4712 evenisse,
1406 4659 1440 4700 ac
1455 4645 1588 4700 sanctum
1603 4655 1710 4712 eorpus
1734 4641 1795 4696 toto
1814 4635 1944 4696 Sabbata

238 4728 331 4787 dentii
346 4728 542 4799 Novaniensis,
559 4731 678 4804 ipsimet
698 4732 853 4790 Ambrosio
875 4735 1061 4806 proficiscen·
1117 4741 1146 4793 et
1161 4752 1255 4807 usque
1269 4733 1304 4790 ud
1322 4731 1481 4790 Matutinus
1491 4730 1579 4787 boras
1589 4727 1741 4785 Paschatis
1756 4727 1902 4784 mansisse
1912 4727 1943 4784 in

237 4820 308 4876 dum
322 4811 379 4874 ruit
392 4818 422 4875 in
437 4819 518 4875 illam
534 4821 694 4888 urbem,ut
708 4820 884 4878 dissidentes
899 4822 1060 4880 animosad
1116 4824 1216 4881 eadem
1238 4823 1348 4893 madore
1371 4819 1512 4877 basilios:
1529 4818 1607 4875 unde
1635 4814 1795 4889 colligitur,
1807 4831 1875 4872 cum
1890 4815 1943 4874 illo

236 4907 422 4965 concordiam
434 4912 589 4964 revocaret.
1116 4929 1192 4968 anno
1208 4914 1402 4968 memoratum
1418 4909 1526 4964 testum
1549 4905 1580 4962 in
1595 4921 1687 4963 nonas
1703 4903 1812 4978 Aprilis
1828 4904 1944 4962 mensis

271 4997 334 5054 lli.
348 4997 413 5070 (Aa.
434 4997 509 5071 397.)
531 4997 583 5054 Hic
608 5015 705 5054 annus
719 4997 832 5055 felicem
853 4998 917 5055 vitae
941 5002 1061 5058 Ambro-
1114 4999 1259 5066 inciderit,
1271 4997 1365 5072 pridie
1384 4997 1481 5054 Nonas
1502 4995 1580 5052 diem
1603 4993 1710 5052 obiisse
1728 4995 1862 5050 sanctum
1878 4993 1943 5066 cpi-

236 5083 325 5141 sians
340 5089 507 5144 coronidem
532 5087 690 5161 imposuit:
716 5087 956 5160 qnandoquidem
981 5090 1058 5147 intra
1114 5105 1247 5164 scopum,
1259 5087 1336 5160 quod
1352 5082 1625 5160 martyrologiorum
1642 5081 1776 5139 omnium
1792 5097 1942 5140 consensu

236 5170 316 5229 illius
334 5192 453 5233 cursum
470 5183 590 5234 sauctus
615 5177 770 5250 opiscopus
799 5183 857 5233 tam
873 5178 1057 5253 egregiarum
1113 5179 1200 5236 etiam
1214 5178 1415 5234 confirmatur.

234 5259 377 5317 virtutum
393 5265 500 5335 quibus
514 5266 544 5322 in
560 5265 688 5323 Ecclesia
702 5282 855 5338 nunquam
880 5283 938 5322 non
951 5267 1057 5340 pralu·
1150 5269 1210 5325 ll‘l.
1226 5265 1288 5322 Non
1305 5262 1709 5339 ignoramusAmbroeienam
1722 5261 1848 5319 mortem
1864 5278 1940 5319 non-

234 5351 326 5415 xerat,
342 5350 587 5422 totqualaborum
598 5354 854 5428 periculorumque
869 5356 1056 5428 gravissimo·
1112 5355 1169 5411 uisi
1184 5351 1376 5425 subsequenti
1385 5349 1497 5409 aunoin
1508 5346 1668 5408 Marcellini
1675 5348 1817 5406 Chronico
1832 5365 1942 5406 renun-

235 5451 312 5503 rum,
328 5451 392 5508 quo
408 5456 459 5510 pro
479 5439 608 5501 Ecclesia
630 5445 823 5509 sustinuerat,
839 5460 856 5500 a
871 5443 929 5499 ileo
944 5444 1056 5517 optimo
1111 5443 1188 5500 tisri.
1203 5443 1259 5499 Sed
1275 5459 1333 5498 non
1349 5441 1391 5497 ita
1405 5444 1539 5496 exectum
1554 5443 1599 5496 est
1621 5433 1695 5495 illud
1710 5437 1888 5509 chronicon,
1903 5443 1942 5496 nt

234 5524 488 5584 maximouberem
495 5534 658 5589 mercedem
666 5538 820 5589 assecutus
830 5535 885 5589 est.
902 5531 1054 5603 Paulinus,
1111 5549 1169 5609 non
1185 5531 1278 5588 multa
1291 5531 1385 5588 eidem
1401 5546 1478 5587 anno
1495 5545 1571 5603 sape
1585 5526 1795 5600 rescribatque
1809 5530 1880 5584 eunt
1895 5527 1941 5584 di-

234 5611 285 5686 qui
300 5611 472 5672 ultimorum
491 5621 610 5676 actuum
634 5621 767 5691 ejusdam
794 5620 887 5678 sancti
910 5623 1056 5693 spectator
1111 5638 1279 5680 versorum:
1292 5622 1322 5677 et
1336 5615 1508 5677 econtrario
1523 5615 1616 5674 multa
1639 5609 1774 5686 diversis,
1790 5621 1940 5704 quaeunt
