4159 6184
153 373 209 440 177
774 373 1049 443 ncxncllaaoli
1071 375 1145 441 ms.
1168 375 1219 443 vl.
1787 377 1847 444 ma

154 510 310 585 putoribus
324 510 404 571 enim
416 528 502 572 nemo
515 512 703 585 tenditretia,
715 515 853 587 laqueum
868 511 968 569 nullus
982 510 1011 578 A
1025 511 1075 568 Dei
1092 527 1133 568 ee.
1150 511 1298 586 Cognosce
1325 515 1363 584 te,
1393 511 1498 586 homo;
1529 510 1598 588 quia
1624 509 1719 590 glorie
1737 527 1768 573 es
1782 511 1846 575 Dei.

155 602 310 660 abscondit.
328 603 395 660 Ideo
408 606 494 677 cujus
509 605 691 661 conversatio
703 604 732 660 in
754 600 890 676 supernis
914 605 968 668 est,
1023 601 1099 657 Audi
1115 603 1261 673 quomodo
1277 601 1379 676 glorie.
1395 603 1540 676 Propheta
1554 605 1624 661 dicit
1634 605 1699 678 (8¹3),
1711 605 1847 661 llirobile'c

154 690 238 762 hujus
253 707 312 746 non
327 691 401 750 solet
415 693 446 748 in
471 694 600 766 praedam
628 694 726 750 venire
755 699 885 766 captura.
915 693 970 747 Sed
1023 692 1395 763 soctocctcopnitioluoec
1411 709 1453 749 me
1468 695 1554 762 (Prot.
1575 708 1709 763 cxxxviii,
1734 695 1771 766 6),
1793 694 1848 752 hcc

154 780 347 852 quidmiraris
361 781 387 838 si
402 782 491 838 homo
509 784 588 841 m
612 783 756 854 decipitur
781 784 817 839 ab
841 780 969 848 bomine,
1024 785 1078 846 cet,
1095 782 1124 836 in
1142 797 1205 838 mco
1221 799 1306 854 opere
1317 787 1367 839 tua
1379 783 1539 840 mirabilior
1549 789 1593 841 est
1608 786 1683 840 lacte
1697 784 1846 856 majestas,

154 870 264 940 quaudo
278 868 371 926 Filius
384 871 513 928 hominis
527 872 577 928 ubi
593 873 798 944 requiesceret,
809 888 867 926 non
883 870 970 925 babo·
1023 867 1054 923 in
1070 869 1191 926 consilio
1206 872 1335 927 bominis
1350 876 1402 928 tua
1418 873 1560 946 snpientia
1575 874 1757 946 predicetur.
1770 873 1847 929 Dum

153 957 221 1013 bati
234 958 269 1013 lit
283 957 333 1014 ille
348 960 469 1032 quidem
483 961 572 1018 talem
587 961 737 1017 hominem
758 959 835 1027 fecit,
857 959 887 1014 in
912 975 969 1031 quo
1024 974 1071 1014 me
1085 957 1211 1027 intucor,
1228 977 1316 1032 quem
1329 965 1362 1016 tu
1375 962 1405 1017 in
1420 961 1493 1033 ipsis
1508 963 1736 1036 cogitationibus
1750 961 1847 1019 occul·

154 1051 334 1118 ceputsuum
350 1048 515 1106 reclinaret.
529 1051 585 1107 Sed
601 1035 794 1124 posteaquam
809 1050 838 1104 in
856 1053 970 1121 pectore
1022 1046 1062 1102 tis
1091 1052 1119 1102 et
1143 1049 1269 1105 internis
1298 1050 1451 1106 aflectibus
1484 1051 1689 1119 deprehendis,
1719 1051 1847 1108 scientiis

154 1138 246 1191 nostro
257 1153 315 1192 non
331 1138 445 1211 requies
460 1138 583 1211 proximi
598 1140 685 1212 coepit
705 1155 780 1206 esse,
796 1138 847 1193 sed
871 1138 969 1203 lovea;
1022 1140 1082 1191 tnae
1096 1153 1222 1209 agnosco
1239 1138 1387 1211 mysteria.
1405 1139 1549 1212 Cognosce
1565 1156 1632 1213 ergo
1648 1143 1685 1208 te,
1706 1157 1722 1196 o
1746 1140 1845 1209 bomo,

153 1231 340 1297 posteaquam
369 1225 443 1282 alter
470 1227 553 1283 alteri
583 1236 695 1284 nectere
720 1226 808 1300 coepit
835 1225 968 1294 insidias,
1023 1231 1154 1296 quantus
1170 1227 1221 1294 sis,
1237 1231 1266 1284 et
1280 1229 1397 1283 attende
1424 1228 1500 1297 tibi;
1529 1245 1566 1284 ne
1593 1229 1710 1300 quando
1732 1228 1847 1301 laqueis

153 1330 234 1386 quem
245 1316 351 1385 juvare
365 1317 492 1384 deberet,
509 1320 596 1390 ceput
609 1333 697 1373 suum
713 1316 847 1372 Christus
867 1313 970 1370 avertit
1023 1312 1193 1385 implicatus
1208 1314 1317 1371 dioboli
1332 1317 1386 1372 fias
1402 1317 1499 1388 praeda
1528 1317 1681 1384 venantis;
1709 1334 1746 1373 nc
1773 1318 1846 1372 l'orte

152 1402 282 1460 anobis:
300 1404 351 1460 sed
367 1409 469 1477 postea
482 1404 776 1462 tamcnmeluitillud
787 1404 873 1460 morti
885 1403 969 1459 oller·
1023 1401 1054 1458 in
1071 1403 1169 1459 fauces
1196 1405 1263 1460 tetri
1289 1403 1370 1460 illius
1399 1403 1493 1461 leonis
1522 1404 1665 1473 incurras,
1697 1405 1748 1477 qui
1768 1407 1845 1462 188

151 1493 424 1565 repronobisl83).
446 1493 511 1550 Noli
541 1494 631 1566 igitur
658 1510 723 1550 esse
752 1490 968 1557 fraudulentus,
1024 1491 1103 1563 rugit
1117 1491 1150 1547 61
1166 1491 1270 1548 circuit
1293 1509 1426 1565 quaerens
1454 1509 1542 1565 quem
1572 1494 1697 1551 devoret.
1722 1495 1845 1551 Attende

151 1580 285 1652 crudelis,
300 1581 445 1651 immitis,
461 1587 495 1639 ut
508 1582 538 1638 in
551 1587 580 1639 te
595 1582 729 1640 Christus
743 1587 832 1654 ceput
849 1579 970 1637 reclinet
1024 1579 1087 1648 tibi,
1105 1585 1138 1636 ut
1152 1581 1318 1638 consideres
1334 1582 1404 1654 quid
1421 1582 1451 1637 in
1476 1585 1505 1638 te
1530 1581 1629 1651 intret,
1660 1582 1731 1654 quid
1758 1599 1793 1639 ex
1817 1587 1846 1640 te

182 1669 225 1726 ⁴9.
241 1671 372 1744 Denique
386 1689 453 1727 curn
483 1671 600 1729 fecisset
618 1672 746 1744 piscium
762 1670 886 1737 belluas,
902 1686 968 1725 cum
1024 1672 1115 1725 exeat.
1132 1671 1195 1726 Non
1211 1672 1247 1728 de
1261 1671 1325 1727 cibo
1342 1671 1417 1741 dico,
1433 1671 1484 1744 qui
1504 1671 1677 1728 abso‘rbetur
1699 1675 1728 1728 et
1753 1671 1847 1745 egeri-

148 1759 263 1815 iecisset
276 1759 405 1816 ferarum
418 1776 525 1832 genera
539 1765 568 1817 et
581 1760 755 1826 bestiarum,
775 1776 834 1815 non
858 1758 970 1831 requie
1023 1763 1082 1828 tur,
1099 1759 1151 1816 sed
1165 1760 1200 1816 de
1215 1760 1390 1832 cogitatione
1407 1760 1482 1826 dico,
1509 1761 1544 1815 de
1573 1777 1708 1817 sermone
1736 1776 1846 1817 assero.

147 1847 201 1904 vit:
229 1847 374 1922 requievit
397 1854 494 1906 autem
521 1855 713 1923 posteaquam
748 1848 898 1905 hominem
932 1846 1284 1944 edBNoninteintret
1306 1848 1394 1905 alieni
1417 1849 1493 1905 thori
1517 1847 1763 1922 concupiscentia,
1789 1866 1847 1906 non

147 1935 305 2008 imaginem
320 1952 404 1991 susm
419 1937 495 1992 lecit.
512 1939 543 1993 ln
558 1954 617 2009 quo
641 1938 805 2010 requiescat
827 1936 897 1992 audi
923 1935 968 1991 di·
1023 1936 1134 2009 irrepat
1148 1938 1178 1993 in
1193 1941 1275 1994 tuam
1292 1943 1431 2006 mentem,
1452 1955 1509 1995 non
1535 1938 1630 2011 rapiat
1653 1937 1755 1994 oculus
1778 1943 1848 1996 tuus

146 2028 279 2080 mamm:
295 2024 386 2097 Supra
406 2042 488 2098 quem
507 2028 674 2100 requiescam
701 2027 760 2082 cisi
775 2042 857 2098 super
876 2025 968 2080 tumi-
1024 2027 1204 2084 transeuntis
1222 2027 1337 2084 lemine
1363 2027 1624 2099 pulchritudinem,
1642 2027 1761 2083 animus
1786 2045 1845 2085 non

146 2113 596 2186 terretquictumettrcmeotem
612 2115 694 2171 cerba
721 2117 861 2184 meotlso.
892 2129 967 2179 mvi,
1022 2113 1165 2183 includat,
1181 2133 1240 2172 non
1253 2133 1349 2172 sermo
1359 2118 1685 2174 tuustentementorum
1695 2116 1847 2173 machinas

143 2201 196 2270 2)?
209 2203 281 2258 Esto
295 2219 363 2276 ergo
377 2203 510 2270 humilis,
526 2212 554 2260 et
568 2205 696 2278 quietus,
712 2209 744 2260 ut
767 2204 798 2259 in
818 2208 869 2259 tuo
889 2203 968 2258 Deus
1023 2204 1227 2272 nectet,nonin
1244 2205 1311 2262 dolo
1326 2206 1506 2277 prodat,non
1523 2204 1663 2262 maledico
1679 2203 1846 2278 proximum

144 2290 310 2362 requiescat
333 2291 448 2348 ellectu.
468 2294 522 2358 Oui
539 2310 598 2349 non
626 2292 769 2364 requievit
795 2293 825 2347 in
854 2290 966 2356 bestiis,
1023 2297 1159 2366 aspergat
1173 2293 1339 2366 opprobrio.
1366 2293 1536 2350 venatorem
1553 2299 1581 2350 te
1596 2293 1664 2350 iecit
1682 2295 1770 2360 Deus,
1787 2310 1844 2351 uon

143 2378 238 2436 multo
254 2379 350 2452 magis
364 2382 747 2454 conrequiescetinpectore
762 2379 969 2438 bestialisque
1022 2389 1261 2454 expugnatorem,
1279 2383 1328 2454 qui
1343 2382 1432 2438 dixit:
1449 2383 1517 2438 Ecce
1531 2399 1582 2452 epo
1602 2384 1681 2439 mitto
1702 2387 1846 2440 venatores

143 2466 223 2524 enim
238 2468 331 2523 animi
348 2469 496 2539 bestiales,
513 2474 583 2527 sunt
606 2471 673 2527 ierae
696 2471 789 2526 torma
813 2469 967 2524 hominnm
1021 2470 1402 2542 multos(lrrem.xv1,lti):
1431 2473 1585 2526 venatores
1614 2487 1672 2526 non
1700 2470 1844 2542 criminis,

142 2556 264 2625 indulte,
282 2558 318 2613 de
332 2559 441 2629 quibus
455 2560 527 2615 dicit
549 2558 710 2616 Dominus:
733 2559 868 2616 Adendits
892 2558 967 2612 cobis
1022 2559 1073 2614 sed
1090 2558 1300 2626 absolutionis;
1318 2563 1469 2614 venatores
1484 2576 1542 2615 non
1558 2557 1650 2630 culpae
1666 2559 1777 2632 utique,
1793 2562 1845 2618 sed

142 2663 159 2700 o
184 2647 266 2717 [olcis
294 2648 441 2718 prophetie,
471 2649 520 2720 qui
545 2651 659 2704 veniunt
685 2648 720 2703 od
744 2663 790 2704 oce
814 2650 844 2702 in
870 2647 968 2702 certitu
1022 2647 1267 2722 gratimPiscetor
1277 2647 1382 2704 Christi
1398 2647 1506 2714 est,cui
1522 2647 1646 2704 dicitur:
1666 2648 1766 2705 Amodo
1789 2651 1846 2705 eris

141 2736 249 2801 mum,
277 2737 354 2791 intres
379 2740 471 2793 cotem
499 2745 563 2792 sont
587 2739 647 2810 lupi
668 2754 781 2809 rapaces
796 2736 899 2808 (llottlr.
915 2751 965 2801 vu,
1021 2737 1145 2793 bomine:
1160 2736 1368 2808 oiotficcuctssss)
1384 2737 1459 2806 (loc,
1475 2753 1502 2804 v,
1521 2736 1574 2807 10).
1593 2735 1639 2791 Sic
1667 2736 1749 2792 mitte
1772 2737 1846 2793 retia

142 2825 201 2891 15).
217 2825 250 2879 ln
266 2823 313 2880 bis
325 2840 394 2897 ergo
409 2842 467 2881 non
480 2826 623 2898 requievit
638 2826 715 2882 Deus
731 2844 738 2882 :
758 2826 810 2881 sed
826 2824 969 2896 requievit
1021 2829 1082 2894 tua,
1095 2826 1137 2880 sic
1153 2825 1237 2881 mitte
1248 2824 1348 2882 oculos
1358 2829 1434 2892 tuos,
1445 2824 1488 2881 sic
1499 2823 1582 2880 mitte
1593 2840 1744 2880 sermones
1757 2829 1843 2881 tuos:

141 2911 176 2967 in
191 2913 326 2968 moribus
340 2913 489 2978 humanis,
501 2915 579 2986 quod
595 2913 663 2971 lecit
674 2914 791 2970 Deusad
808 2911 967 2985 imaginem
1021 2914 1357 2987 utnullumopprimus,
1374 2913 1425 2969 sed
1448 2912 1554 2969 alleves
1581 2913 1766 2970 fluctuantes.
1795 2916 1844 2969 At·

142 3017 231 3057 suam
246 3007 275 3058 et
290 3001 527 3073 similitudinem,
553 3002 671 3075 quando
696 3002 764 3058 lecit
792 3002 887 3056 virum
916 2999 966 3071 qui
1020 3003 1117 3073 tende,
1134 3003 1240 3076 inquit,
1269 3002 1323 3057 tibi
1352 3002 1448 3074 (Eccli.
1476 3017 1575 3070 xxvur,
1600 3002 1657 3070 30).
1673 3001 1720 3058 Sic
1736 3005 1792 3068 sta,
1807 3018 1844 3059 na

141 3107 201 3146 non
217 3091 305 3146 debet
316 3090 411 3147 velare
431 3096 518 3164 caput
532 3092 798 3163 suum3quoniam
815 3091 912 3163 imago
939 3093 967 3144 et
1020 3093 1186 3149 cadaszsic
1216 3108 1310 3160 curre,
1337 3094 1370 3146 ut
1395 3091 1431 3146 ed
1461 3089 1595 3146 bravium
1615 3089 1785 3162 pervenies:
1802 3090 1844 3147 sic

141 3178 238 3251 gloria
252 3179 372 3236 estllei.
389 3180 483 3252 Hujus
507 3179 561 3235 viri
585 3180 690 3236 anime
713 3179 801 3235 dicit:
825 3181 891 3234 Ecce
905 3194 964 3247 eqo,
1022 3187 1110 3248 certa,
1127 3187 1159 3237 ut
1183 3199 1265 3254 soepae
1290 3181 1448 3249 decernas;
1471 3180 1541 3251 quia
1568 3179 1698 3252 legitimo
1722 3179 1845 3237 debetur

138 3269 304 3336 tenentem,
342 3271 426 3342 pinxi
462 3285 557 3325 meror
593 3277 653 3325 tuoe
691 3269 760 3340 (leo.
794 3285 869 3339 nux,
903 3247 1000 3338 idle
1020 3287 1127 3328 corona
1138 3269 1300 3327 certamini.
1316 3269 1410 3326 llilles
1425 3286 1467 3337 es,
1484 3269 1597 3326 hostem
1613 3267 1768 3342 diligenter
1794 3285 1842 3326 en·

138 3356 207 3412 Non
234 3357 316 3424 dixit,
350 3358 431 3430 pinxi
470 3361 601 3415 ventrem
639 3363 743 3415 tuum:
783 3375 842 3415 non
880 3355 963 3425 dixit,
1020 3359 1169 3433 plore;ne
1182 3359 1234 3415 tibi
1251 3363 1413 3415 nocturnus
1428 3357 1556 3431 irrepet:
1579 3357 1689 3414 athleta
1717 3375 1759 3427 es,
1784 3374 1843 3414 ma·

140 3445 225 3518 pinxi
250 3445 390 3503 inferiora
417 3446 473 3520 (81)
500 3451 571 3503 tua:
601 3447 653 3504 sed
679 3447 763 3512 dixit,
791 3446 871 3524 pinxi
900 3463 964 3502 mu·
1020 3449 1109 3504 nibus
1138 3447 1303 3503 edversario
1333 3446 1450 3520 propior
1477 3451 1550 3514 esto,
1579 3463 1668 3518 quam
1688 3446 1789 3502 vultu:
1806 3463 1842 3502 ne

96 3524 104 3535 ”
139 3551 192 3590 ros
219 3539 298 3602 tuos,
325 3535 422 3592 valide
450 3553 482 3593 se
510 3553 645 3593 asserens
674 3535 787 3592 homini
812 3551 965 3591 murorum
1020 3535 1138 3592 oculum
1152 3535 1235 3590 leniat
1250 3537 1345 3589 tuum.
1361 3533 1445 3590 Sibcr
1459 3535 1580 3591 obtutus
1596 3535 1644 3604 sit,
1660 3539 1782 3608 argutus
1798 3534 1842 3589 in·

138 3623 260 3680 dedisse
272 3624 409 3696 presidia
421 3642 427 3679 :
441 3630 474 3682 ut
487 3625 513 3681 si
525 3623 644 3698 pergivil
661 3624 826 3697 speculator
844 3623 875 3679 in
899 3639 966 3696 por·
1021 3641 1142 3693 cessus,
1158 3626 1190 3679 ut
1204 3621 1364 3678 irruentem
1378 3621 1521 3690 ellundas,
1538 3624 1688 3680 cedentem
1708 3640 1843 3697 occupes,

138 3715 180 3768 tis
198 3712 247 3781 sit,
276 3713 439 3769 obsidionis
466 3713 559 3786 possit
587 3712 753 3786 periculum
782 3711 965 3786 propulsare.
1020 3711 1128 3769 vulnus
1140 3711 1272 3785 vigilanti
1288 3715 1407 3782 aspectu
1423 3725 1518 3780 exeas,
1531 3711 1598 3768 lorti
1626 3728 1784 3786 congressu
1801 3729 1845 3768 re-

138 3799 216 3856 Dicit
229 3799 427 3872 itaque:Non
442 3801 496 3858 tibi
508 3801 674 3873 voluptates
688 3801 766 3868 dedi,
787 3819 845 3857 non
868 3799 969 3856 illece·
1022 3800 1125 3875 pellas.
1148 3801 1228 3864 Quod
1258 3799 1284 3856 si
1313 3799 1403 3855 luerie
1431 3797 1614 3867 vulneratus,
1644 3802 1762 3858 attende
1782 3801 1847 3868 tibi,

139 3888 211 3944 bras
240 3889 447 3960 cupiditatum,
475 3907 533 3946 non
561 3890 707 3946 incentiva
740 3889 875 3958 luxuriae,
910 3907 968 3947 nou
1024 3907 1108 3947 curre
1123 3891 1159 3946 ed
1177 3891 1336 3956 medicum,
1359 3905 1456 3960 quere
1472 3889 1636 3944 remedium
1660 3889 1849 3961 poenitentis.

139 3977 229 4033 alieni
245 3978 358 4034 decoris
374 3979 654 4052 concupiscentiam,
670 3980 720 4036 sed
737 3981 803 4036 dedi
831 3981 881 4036 tibi
907 3981 970 4036 fun·
1023 3979 1148 4035 Attendo
1163 3979 1215 4033 tibi
1231 3978 1321 4050 ;quia
1336 3993 1453 4033 carnem
1470 3976 1571 4044 babes,
1583 3993 1647 4049 qum
1658 3977 1715 4032 cito
1724 3976 1850 4032 labitur:

140 4066 281 4122 damenta
297 4066 433 4135 muralia,
450 4067 516 4124 dedi
531 4067 585 4124 tibi
607 4068 733 4123 turrium
757 4067 872 4125 excelsa
888 4070 969 4125 lasti·
1024 4071 1122 4125 veniat
1138 4067 1189 4124 tibi
1206 4067 1301 4123 bonus
1318 4065 1484 4122 animarum
1507 4065 1639 4122 medicus
1660 4081 1756 4122 sermo
1778 4063 1852 4121 divi-

138 4156 198 4228 gia,
217 4154 374 4228 inquibus
390 4158 569 4214 constitutus
581 4159 741 4231 expugnari
754 4161 792 4215 ab
812 4159 897 4216 hoste
912 4177 970 4214 non
1026 4175 1095 4224 nus,
1112 4160 1248 4229 aspergat
1264 4154 1316 4211 tibi
1333 4153 1451 4210 oracula
1463 4154 1580 4211 Domini
1604 4159 1746 4226 tanquam
1762 4151 1854 4209 medi·

139 4249 269 4313 metuas,
286 4261 340 4301 nec
365 4246 564 4319 ingruentium
583 4246 733 4320 legionum
748 4248 891 4304 terribilia
904 4248 972 4304 licet
1026 4251 1164 4302 cementa
1179 4244 1320 4302 salubria.
1332 4243 1455 4299 Attende
1467 4243 1530 4308 tibi,
1545 4243 1642 4300 nefrat
1653 4243 1775 4298 verbum
1791 4242 1857 4298 abs-

138 4336 326 4390 tentnmenta
342 4334 493 4391 formides.
508 4335 639 4408 Denique
655 4335 745 4392 habes
760 4336 789 4391 in
804 4337 890 4402 lesia,
902 4337 972 4409 quia
1026 4335 1178 4391 conditum
1195 4335 1223 4388 in
1238 4333 1389 4389 cordetuo
1404 4332 1562 4404 iniquum:
1579 4331 1671 4404 serpit
1684 4329 1762 4387 enim
1778 4329 1856 4386 sicut

134 4419 215 4490 justi
233 4420 335 4477 anime
350 4422 486 4492 dicitpvel
500 4423 648 4480 Ecclesia:
664 4427 719 4495 Ego
732 4427 830 4482 civicos
849 4428 971 4496 munito,
1026 4440 1184 4491 venenum,
1201 4426 1230 4477 et
1245 4419 1364 4477 lethalis
1380 4420 1468 4475 insert
1484 4419 1628 4493 contagia.
1641 4420 1766 4476 attende
1783 4417 1854 4476 tibi:

136 4523 188 4580 opo
200 4512 302 4566 cioitm
315 4511 420 4568 oisemo
435 4513 498 4585 (loo.
513 4530 601 4582 xxvii,
618 4513 674 4585 10),
687 4515 802 4570 munita
815 4515 972 4586 peerris·
1030 4529 1067 4568 ne
1082 4509 1264 4569 obliviscaris
1279 4510 1372 4565 Deum
1389 4509 1439 4580 qui
1456 4508 1523 4566 lecit
1544 4512 1584 4577 te,
1608 4525 1644 4565 ne
1660 4525 1766 4567 nomen
1792 4509 1856 4581 ejus

136 4601 214 4666 tum,
231 4599 356 4656 obsessa
370 4617 422 4673 per
437 4600 599 4658 diabolum.
621 4602 678 4658 Sed
702 4619 759 4658 non
784 4602 870 4659 debet
895 4603 973 4660 obsi·
991 4614 1015 4681 ῃ
1031 4604 1061 4658 in
1077 4618 1184 4656 vanum
1201 4598 1340 4671 accipias.

135 4685 260 4744 dionem
270 4689 378 4756 vereri,
395 4689 443 4745 cui
458 4690 597 4747 Christus
622 4691 740 4762 adjutor
766 4696 820 4747 cst.
842 4692 975 4749 Munitur
1067 4691 1112 4747 5l.
1124 4689 1247 4747 Attende
1263 4687 1327 4754 tibi,
1340 4686 1386 4742 lex
1399 4686 1479 4754 dicit,
1491 4703 1527 4742 ne
1538 4703 1605 4743 cum
1621 4685 1854 4752 manducaveris,

133 4774 222 4830 enim
239 4777 337 4849 gratia
353 4777 485 4849 spiritali
502 4783 530 4834 et
547 4778 737 4835 soecularibus
750 4779 888 4852 periculis
903 4781 978 4837 obsi·
1032 4785 1060 4836 et
1075 4779 1198 4835 satiatus
1210 4775 1310 4844 lucris,
1323 4779 1350 4832 et
1363 4776 1467 4832 domos
1478 4776 1675 4842 edificaverie,
1687 4778 1716 4830 et
1725 4773 1857 4830 habitere

135 4863 235 4920 detur.
254 4863 338 4920 Unde
353 4871 382 4921 et
397 4865 433 4921 iu
449 4866 577 4922 canticis
594 4867 685 4923 babes
700 4867 832 4924 dictum:
849 4871 903 4939 Epo
912 4887 977 4925 mc·
1033 4869 1164 4942 emperie,
1182 4871 1211 4922 et
1225 4865 1380 4938 pecoribus
1396 4865 1456 4920 tuis
1472 4864 1601 4937 repletus
1614 4862 1714 4930 lucris,
1731 4865 1760 4916 et
1782 4875 1854 4916 auro

136 4967 198 5019 nis,
215 4955 339 5009 cludere
353 4969 416 5011 meo
433 4963 524 5012 torres
539 4956 632 5028 (dont.
647 4973 711 5023 viu,
727 4957 782 5030 18).
811 4957 912 5013 Murus
933 4963 979 5014 est
1033 4962 1061 5014 et
1076 4961 1195 5030 argento
1209 4954 1415 5022 abundaveris,
1427 4959 1455 5010 et
1465 4954 1602 5010 omnibus
1614 4947 1855 5024 quecunquetibi

136 5038 280 5111 Ecclesia,
292 5047 391 5099 turres
406 5045 475 5115 ejus
489 5049 560 5101 sunt
573 5045 749 5112 sacerdotes,
761 5048 869 5119 quibus
881 5048 978 5103 abun·
1033 5045 1152 5112 suerint,
1167 5043 1197 5099 in
1214 5041 1402 5098 multitudine
1418 5041 1525 5099 exaltes
1539 5046 1567 5096 te
1583 5039 1678 5107 corde,
1704 5041 1732 5094 et
1754 5034 1855 5093 oblivi-

137 5125 189 5183 dat
203 5131 280 5186 etde
295 5132 481 5190 naturalibus
495 5134 629 5205 verbum,
645 5138 674 5189 et
689 5135 725 5190 de
740 5135 903 5193 moralibus
927 5137 978 5192 di·
1033 5133 1125 5190 sceris
1152 5133 1311 5189 Dominum
1338 5136 1429 5186 Deum
1457 5135 1542 5185 tuum
1567 5128 1656 5201 (Dect.
1673 5142 1735 5195 vui,
1751 5125 1856 5196 10-11).

137 5217 286 5288 willim-
1033 5223 1108 5288 Ouid
1124 5223 1202 5279 enim
1218 5221 1318 5286 habes,
1348 5237 1364 5275 o
1393 5220 1490 5288 homo,
1519 5218 1598 5290 quod
1622 5233 1681 5272 non
1696 5209 1854 5287 accepisti?

173 5306 220 5360 50.
238 5307 779 5383 eognoseeergote,decornanima3
796 5313 978 5386 quieimaqo
1033 5313 1135 5369 Nonne
1180 5311 1241 5366 haec
1281 5308 1381 5365 omnia
1414 5308 1490 5364 sicut
1522 5307 1629 5362 umbra
1659 5304 1856 5379 praetereunti

182 5475 245 5545 (83)
259 5477 293 5532 ln
318 5478 389 5534 edit.
420 5481 514 5537 Paris.
541 5483 611 5537 1614
638 5486 666 5537 et
690 5483 760 5538 1632
785 5483 904 5548 desunt,
934 5483 981 5538 sed
1033 5481 1107 5539 Aridi
1120 5479 1253 5553 quomodo
1268 5477 1391 5548 glorians
1405 5474 1541 5546 Propheta
1555 5474 1638 5532 dicut.
1799 5545 1806 5558 .

138 5552 242 5614 posteo
253 5556 348 5605 tomen
361 5551 463 5607 moluit
473 5553 545 5608 titud
559 5554 643 5609 coorti
658 5554 759 5625 offerre
770 5570 821 5626 pro
835 5556 924 5609 nobis.
1072 5555 1126 5626 (86)
1140 5552 1270 5615 Quatuor
1290 5565 1374 5616 mss,
1405 5547 1529 5602 bomine:
1557 5548 1688 5620 capiens:
1713 5549 1747 5603 ut
1769 5549 1857 5602 etiam

200 5619 249 5689 81)
264 5617 401 5694 Quinque
417 5640 500 5690 mss,
516 5626 651 5681 interiora
665 5628 722 5680 tuo.
1034 5641 1134 5698 supra,
1151 5621 1169 5677 l.
1186 5639 1212 5689 v,
1226 5637 1251 5676 c.
1267 5621 1295 5687 6,
1312 5636 1341 5675 n.
1359 5619 1403 5673 16.

197 5690 246 5765 85)
262 5689 336 5750 lles.
351 5698 449 5765 carn,
465 5694 532 5766 Tb,
547 5696 630 5770 Reg„
645 5695 726 5754 Colb.
741 5700 770 5752 et
792 5696 876 5754 Corb.
899 5700 981 5754 vetus
