4159 6184
263 294 323 362 rsa
990 298 1022 361 s.
1046 296 1250 362 suasosrr·
1885 312 1933 374 a,

258 438 339 509 verit,
352 436 383 493 ul
397 433 455 511 ejus
469 436 729 511 praeproperare
742 440 862 498 coleres,
882 432 1018 490 institam
1032 431 1201 505 corriperet:
1216 430 1317 507 Moyses
1339 446 1444 507 qaoque
1466 430 1635 491 imitandum
1662 432 1781 492 eamdem
1804 437 1875 497 actu
1898 440 1935 501 te·

256 526 404 600 scripserit,
418 528 468 583 etc.
487 526 587 601 ltaque
602 527 668 601 pius
682 524 782 581 dccior
795 528 933 583 sanctum
950 521 1147 596 patriarcham
1163 523 1347 581 auditoribus
1362 522 1425 581 suis
1440 527 1492 579 aut
1506 520 1665 581 lectoribus
1679 540 1712 583 eo
1726 525 1839 585 consilio
1859 547 1933 603 pone-

256 616 306 695 bat
320 616 356 672 ob
371 614 483 683 oculos,
498 622 532 673 ut
545 618 581 673 ad
597 617 661 688 ejus
676 611 835 687 exemplar,
851 616 995 685 tanquam
1011 612 1048 668 ad
1064 610 1229 685 speculum,
1245 611 1383 668 vitiorum
1399 628 1514 669 coeaum
1530 612 1723 687 detergerent,
1746 619 1828 689 atque
1849 620 1881 675 ad
1894 620 1934 677 ab·

258 702 471 763 solutissimum
487 705 551 761 vitm
567 720 599 760 ac
614 701 763 777 sapientire
782 699 953 758 Christiane
968 700 1177 759 contenderent
1191 700 1409 772 perfectionem.
1425 704 1462 757 st
1476 715 1543 757 vero
1553 717 1625 773 qua
1637 700 1686 759 bis
1699 702 1852 778 subiungit,
1875 709 1937 765 satie

258 792 391 853 indicant
405 811 473 852 rrum
488 810 545 849 non
561 788 692 851 modoad
703 790 858 848 solvendam
870 788 1401 863 promovendumqueChristianorum
1413 788 1747 863 pietatemallaborassa,
1757 809 1851 851 vorum
1863 797 1937 853 etiam

260 884 295 939 ad
323 882 530 957 explodendam
562 879 804 955 philosophorum
833 878 1004 947 vanitatem,
1032 878 1082 951 qui
1111 877 1254 951 sapientis
1278 879 1364 950 crqjue
1391 877 1440 935 ille
1468 879 1562 935 vivam
1592 896 1627 937 ac
1652 879 1773 937 solidam
1804 882 1834 938 ia
1859 885 1937 942 abrs·

258 973 346 1030 banaa
373 970 531 1044 imaginem
559 969 670 1027 luxisse
698 970 890 1038 demonstrat,
920 967 1152 1025 commentitiam
1178 965 1276 1025 salum
1303 966 1559 1025 adumbrationem
1586 968 1649 1027 sive
1675 968 1705 1026 in
1732 968 1872 1029 Platonica
1899 991 1938 1031 re-

257 1060 384 1136 publica,
398 1059 458 1116 eive
474 1058 504 1117 in
519 1058 741 1133 Xenophontico
756 1056 887 1131 sapiente
903 1057 1097 1114 ostentabant.
1114 1056 1186 1112 llam
1202 1056 1238 1112 ab
1254 1071 1315 1112 rens
1332 1055 1457 1114 subinde
1471 1055 1673 1129 singularibus
1687 1058 1816 1129 ejusdem
1830 1062 1938 1133 patriar·

256 1148 317 1207 chia
332 1147 416 1205 iactis
430 1148 538 1207 astruit
552 1146 695 1222 quidquid
711 1146 761 1203 isti
777 1146 849 1203 adeo
864 1144 1018 1219 magnifice
1033 1142 1235 1218 predicarent,
1253 1144 1289 1200 ab
1305 1143 1360 1201 boc
1375 1145 1541 1217 prestitum
1553 1159 1629 1214 asse,
1644 1162 1680 1203 ac
1693 1146 1778 1220 longe
1788 1153 1854 1206 anta
1873 1150 1939 1223 ipso·

196 1302 199 1321 ‚
255 1254 323 1297 rum
337 1241 451 1295 etatem
466 1238 593 1310 allapsa
609 1236 639 1292 in
654 1236 746 1293 sacris
771 1233 921 1291 codicibus
948 1231 1164 1305 consignatum.
1189 1232 1288 1305 Neque
1311 1249 1378 1289 vers
1403 1234 1520 1291 mireris
1547 1238 1683 1292 sanctum
1707 1236 1856 1309 presulem
1877 1238 1941 1297 hauc

255 1326 402 1386 scribendi
416 1327 558 1383 rationem
574 1325 657 1399 sequi
671 1323 818 1382 voluisse:
840 1322 1078 1397 quandoquidem
1104 1322 1244 1380 adversus
1269 1322 1441 1395 hujusmodi
1470 1322 1606 1381 homines
1629 1323 1800 1397 disputabat
1821 1329 1941 1402 (August.

255 1417 341 1491 epist.
357 1415 413 1489 31),
429 1415 479 1488 qui
495 1430 612 1472 summa
628 1412 757 1471 cecitate
773 1428 807 1469 ac
822 1409 986 1468 temeritate
1002 1408 1151 1466 Christum
1167 1411 1323 1467 Dominum
1336 1410 1451 1469 divinas
1466 1410 1534 1470 illas
1550 1411 1639 1486 leges,
1655 1428 1731 1487 quas
1742 1413 1796 1487 ipsi
1820 1432 1874 1473 non
1894 1417 1940 1475 hs·

255 1506 324 1563 bere
336 1505 366 1562 in
382 1503 575 1569 admiratione
590 1519 648 1559 non
664 1505 809 1576 poterant,
825 1500 855 1557 in
871 1498 1000 1557 Platonis
1015 1498 1132 1571 scriptis
1148 1498 1287 1558 didicisse
1301 1499 1520 1557 asseverabant.

291 1596 365 1651 Ante
378 1592 567 1650 Ambrosium
583 1591 665 1648 Philo
679 1591 800 1648 iudaeus
815 1588 925 1645 librum
940 1587 1110 1661 vulgaverat
1123 1587 1179 1644 sub
1195 1586 1250 1644 hoc
1264 1587 1348 1669 titulo
1362 1606 1369 1644 :
1389 1590 1448 1646 Vita
1461 1591 1596 1663 cupientis
1607 1605 1659 1663 per
1671 1588 1825 1648 doctrinam
1833 1596 1943 1666 perfecti,

255 1685 313 1741 rive
325 1684 359 1739 de
373 1684 476 1757 tepidus
490 1698 545 1738 nen
558 1682 677 1755 scriptis,
693 1682 751 1737 sive
764 1678 797 1736 de
813 1679 983 1746 Abrotom03
1008 1676 1054 1733 cui
1079 1675 1155 1733 libro
1178 1677 1322 1749 quosdam
1349 1676 1422 1742 alios
1445 1676 1481 1734 de
1501 1677 1675 1735 clarioribus
1700 1679 1847 1739 nonnullis
1868 1682 1945 1755 bajas

256 1772 428 1847 patriarche
443 1770 608 1829 actionibus
622 1770 824 1843 subjunxerat.
839 1767 1050 1824 Verumtamen
1066 1765 1091 1823 si
1106 1764 1278 1838 scriptorem
1294 1764 1379 1821 illum
1401 1766 1432 1823 ia
1456 1766 1553 1840 operia
1577 1773 1751 1841 argumento
1774 1774 1887 1829 secutus
1907 1776 1945 1829 est

256 1862 441 1930 Ambrosius,
457 1860 572 1918 videtur
586 1864 684 1916 umen
700 1858 737 1915 ab
749 1857 882 1929 ejusdem
897 1855 993 1914 verbis
1007 1858 1035 1911 et
1051 1854 1216 1923 sententiis,
1233 1870 1297 1928 que
1312 1854 1410 1927 ipsum
1422 1854 1452 1911 in
1464 1855 1667 1929 superioribus
1676 1857 1828 1915 nonnullis
1836 1862 1948 1917 tractui

256 1953 313 2009 hus
327 1949 455 2028 liberiori
471 1966 560 2005 manu
575 1946 755 2021 decerpsisse
769 1943 1042 2013 animadvertimus,
1058 1943 1089 1999 in
1107 1943 1161 2000 boc
1175 1943 1267 2000 forma
1280 1942 1470 2001 abstinuisse.

292 2040 370 2098 280
382 2038 552 2095 Metbadum
567 2053 653 2111 porro
669 2035 716 2093 hic
726 2035 878 2109 amplexus
892 2037 938 2091 est
951 2033 989 2090 ab
998 2049 1033 2089 ea
1043 2048 1109 2106 qure
1119 2030 1186 2088 aliis
1197 2030 1260 2087 suis
1268 2030 1299 2087 in
1309 2029 1563 2088 lucubrationibus
1571 2032 1812 2105 deprehenditur,
1824 2034 1903 2109 longe
1910 2038 1948 2092 di-

180 2155 186 2164 ,
255 2144 381 2187 versam.
396 2127 509 2183 litenim
526 2126 555 2181 in
572 2124 660 2199 priori
677 2124 751 2180 libra
767 2122 909 2197 quidquid
925 2120 1077 2194 Scriptura
1089 2120 1127 2176 de
1141 2120 1201 2175 rita
1211 2118 1371 2176 Abrahami
1381 2120 1418 2175 ab
1430 2123 1548 2193 accepta
1558 2119 1948 2196 divinitusjussoexenndiex

258 2218 367 2275 Charra
375 2216 411 2273 ad
421 2230 514 2288 nsque
522 2214 615 2287 ipsius
623 2212 736 2270 obitum
746 2211 845 2280 tradit,
855 2210 891 2267 ad
900 2208 1041 2266 moralem
1052 2206 1276 2281 intelligentiam
1287 2206 1498 2276 accommodat,
1510 2210 1949 2283 propositaqueilliusdecctioae,

259 2306 315 2363 hoo
329 2308 374 2362 est
387 2305 417 2361 in
432 2302 625 2377 exsequendis
640 2301 690 2358 Dei
707 2300 854 2357 mandatis
868 2298 1044 2365 obedientia,
1067 2296 1197 2370 reliquas
1216 2297 1350 2369 ejusdem
1376 2296 1499 2353 virtutes
1523 2298 1735 2371 prosequitur:
1760 2299 1790 2356 in
1813 2302 1951 2375 posteriori

260 2411 328 2453 uero
343 2394 453 2469 primas
469 2392 621 2450 memorati
638 2389 808 2465 patriarche
823 2388 951 2446 actiones
967 2386 1093 2460 spiritali
1107 2388 1179 2456 sive,
1195 2390 1229 2442 ut
1242 2385 1306 2457 ipse
1320 2389 1414 2454 vocat,
1430 2384 1528 2444 altiori
1542 2402 1630 2444 sensu
1646 2388 1854 2462 interpretans,
1868 2392 1950 2447 uarias

262 2484 367 2542 anime
383 2483 412 2539 in
440 2484 545 2539 virtute
569 2481 679 2555 gradus
699 2496 732 2536 ne
757 2494 931 2551 progressus
955 2476 1060 2550 aperit,
1080 2474 1275 2547 eamdemque
1297 2474 1429 2531 animam
1452 2490 1520 2530 eum
1544 2474 1574 2531 in
1598 2476 1716 2534 adamo
1744 2478 1903 2549 decidisset,
1928 2480 1952 2535 in

261 2572 431 2629 Abrahamo
446 2586 597 2643 resurgere
613 2574 698 2641 atque
713 2568 748 2624 ad
765 2566 972 2639 perlectionem
988 2564 1059 2621 eniti
1074 2564 1167 2620 docet.
1183 2562 1319 2619 Diximus
1333 2566 1432 2619 numm
1448 2561 1560 2636 primas
1574 2564 1719 2634 actiones,
1735 2582 1794 2625 non
1816 2583 1879 2624 varo
1900 2584 1951 2625 orn-

265 2678 334 2727 nes:
351 2678 384 2718 eo
400 2661 478 2735 quod
492 2659 577 2716 illum
592 2662 749 2716 tractatum
765 2661 830 2730 post
842 2654 1094 2712 circumcisionem
1109 2651 1290 2726 patriarche,
1307 2656 1336 2709 et
1350 2652 1526 2727 promissam
1539 2653 1630 2709 lsuaci
1641 2654 1828 2713 nativitatem
1839 2660 1954 2714 actutum

266 2751 393 2818 claudat,
409 2750 472 2823 ejus
488 2746 717 2821 hospitalitatem
734 2746 835 2819 paucis
851 2745 1007 2816 attingens.
1023 2746 1119 2814 Atque
1132 2742 1204 2797 adeo
1220 2742 1367 2798 secundus
1382 2740 1457 2798 liber
1470 2758 1505 2799 aa
1519 2742 1578 2798 tere
1593 2742 1656 2799 sola
1670 2745 1884 2818 complectitur,
1902 2764 1955 2821 que

149 2866 151 2873 v
265 2840 296 2899 in
312 2839 458 2914 prioribus
473 2842 600 2911 quatuor
612 2836 699 2911 primi
716 2834 861 2919 capitibus
876 2834 992 2889 luerent
1006 2830 1169 2903 explanata.
1185 2831 1324 2895 Quamvis
1339 2831 1367 2887 in
1392 2830 1441 2888 illo
1465 2846 1583 2905 quoque
1607 2832 1755 2890 nonnulla
1779 2850 1841 2907 quse
1864 2836 1891 2892 in
1910 2836 1957 2892 hoo

266 2930 452 2997 omittuntur,
468 2928 592 2985 tractata
607 2924 744 2997 reperias.
760 2922 849 2995 Atqui
864 2939 922 2979 non
936 2920 1025 2979 aliam
1040 2936 1162 2977 causam
1177 2936 1231 2975 cur
1244 2918 1408 2977 secuudum
1422 2918 1531 2977 librum
1545 2918 1672 2979 ulterius
1689 2925 1829 2998 prosequi
1847 2924 1957 2981 noluerit

265 3032 329 3075 esse
344 3019 543 3083 autumamus,
560 3014 617 3071 nisi
634 3013 711 3087 quod
723 3013 787 3084 J'am
802 3012 833 3067 ia
849 3010 980 3067 animum
996 3008 1161 3067 induxisset
1174 3009 1263 3066 etiam
1276 3009 1306 3065 in
1321 3010 1403 3066 lsaae
1418 3025 1524 3066 novum
1539 3013 1702 3068 tractatum
1713 3013 1750 3069 de
1763 3011 1958 3089 animeperla·

265 3105 369 3175 ctione,
385 3104 441 3172 vel,
456 3108 489 3161 ut
501 3104 564 3179 ipso
579 3103 631 3171 ait,
647 3101 735 3159 trariis
749 3101 812 3172 ejus
828 3098 1014 3173 processibus
1030 3098 1216 3156 elucubrare.

300 3195 373 3253 Cum
386 3198 485 3253 autem
501 3193 537 3249 ad
552 3190 788 3249 informationem
804 3204 921 3247 morum
943 3186 1101 3245 utilitatem
1123 3186 1216 3245 multo
1240 3184 1405 3243 uberiorem
1428 3202 1445 3243 e
1468 3183 1564 3259 primo
1587 3184 1662 3245 libro
1692 3207 1784 3263 quarn
1807 3190 1958 3249 saecunda

185 3356 190 3361 ¹
263 3282 421 3343 Christiani
431 3282 550 3340 haurire
565 3280 688 3354 possint,
706 3296 763 3337 non
779 3279 842 3337 sine
857 3276 955 3334 divina
969 3274 1152 3350 providentia
1165 3276 1276 3331 tactum
1290 3274 1415 3343 videtur,
1432 3278 1466 3330 ut
1485 3272 1533 3331 illa
1547 3274 1629 3333 baud
1652 3278 1748 3350 paulo
1776 3279 1959 3353 incorruptior

263 3380 351 3448 atque
366 3371 519 3447 perlectior
533 3370 568 3426 ed
585 3386 639 3428 nos
654 3368 849 3425 transmissus
865 3366 962 3435 inerit,
987 3382 1078 3439 quarn
1100 3364 1156 3423 iste
1180 3364 1209 3420 in
1234 3381 1293 3437 quo
1316 3362 1373 3420 loci
1398 3362 1565 3437 complures
1586 3372 1751 3425 occurrunt
1774 3368 1913 3427 miserm
1933 3368 1958 3423 in

264 3463 385 3521 modum
399 3460 529 3517 hiatibus
545 3458 669 3531 aliisque
683 3456 761 3515 vitiis
777 3454 933 3530 deturpati.
950 3455 1012 3513 Noa
1028 3470 1138 3529 paucos
1152 3453 1273 3527 quidem
1290 3469 1384 3526 neque
1403 3453 1632 3511 contemnendos
1653 3456 1790 3529 pristina
1811 3456 1962 3531 integritati

263 3551 466 3619 restituimus;
482 3549 609 3623 ingenue
625 3552 723 3607 tamen
739 3548 890 3605 latendum
903 3550 948 3603 est
963 3546 993 3601 in
1008 3545 1066 3601 tide
1078 3544 1213 3616 ejusdem
1240 3541 1307 3599 libri
1330 3542 1429 3601 adhuc
1450 3542 1565 3601 contusi
1592 3541 1711 3618 aliquid
1737 3562 1899 3621 superesse,
1920 3545 1962 3603 eui

264 3640 426 3699 remedium
442 3639 543 3697 afferre
559 3654 648 3695 manu
663 3636 771 3695 exarati
787 3636 901 3693 codices
916 3633 1109 3707 nequiverint.
1125 3632 1268 3691 Credibile
1281 3635 1327 3689 est
1339 3632 1380 3689 ibi
1395 3632 1529 3706 quadarn
1543 3632 1587 3690 vel
1602 3635 1851 3708 hansposita,vel
1863 3634 1963 3700 avulsa,

262 3730 306 3787 vel
321 3730 410 3787 etiam
426 3729 499 3785 torte
514 3728 551 3787 ab
566 3726 703 3784 heretico
718 3726 827 3799 aliquo,
845 3729 876 3781 ut
889 3723 1085 3797 patrocinium
1100 3721 1250 3781 erroribus
1263 3722 1326 3779 suia
1341 3724 1468 3795 pararet,
1485 3720 1576 3782 tuisse
1590 3721 1760 3799 interjecta,

299 3820 430 3878 Primum
445 3818 554 3875 librurn
569 3820 713 3875 censete
728 3814 914 3873 sermonibus
929 3812 1125 3887 compositum
1140 3827 1215 3878 esse,
1231 3826 1306 3883 quos
1328 3814 1449 3870 sanatus
1473 3810 1579 3885 presul
1607 3814 1643 3869 ad
1669 3814 1899 3873 catechumenas
1919 3810 1964 3884 qai

259 3910 323 3981 J'am
339 3921 446 3965 nomen
461 3907 602 3963 dederant
615 3906 653 3961 ad
669 3904 848 3978 baptismum
865 3906 893 3958 et
907 3904 1105 3973 competentes
1118 3904 1212 3968 erant,
1228 3899 1372 3957 habuerat
1386 3898 1449 3972 (lib.
1463 3916 1483 3968 r,
1499 3917 1525 3957 c.
1538 3901 1567 3966 t,
1580 3903 1599 3956 7
1613 3905 1644 3959 et
1666 3902 1748 3974 ult).
1772 3904 1833 3962 lios
1857 3900 1962 3977 potissi·

263 4014 345 4054 muru
361 3997 423 4068 ipse
438 4010 489 4065 per
504 4010 534 4049 se
550 3993 653 4049 docere
668 3994 875 4056 consueverat3
890 3994 919 4047 et
933 3988 1010 4061 quod
1026 4005 1076 4045 ore
1090 3987 1273 4058 tradidisset,
1287 3988 1477 4061 postmodum
1492 3987 1523 4045 iu
1536 3986 1629 4045 libros
1646 3990 1797 4065 redigere.
1821 3991 1852 4049 ld
1875 3994 1964 4047 antem

262 4100 296 4141 ec
310 4084 404 4141 iacere
418 4081 596 4150 instituerat,
612 4080 745 4153 sivequo
760 4078 876 4137 illorum
893 4077 1049 4151 postulatis
1064 4092 1176 4138 morem
1188 4081 1312 4151 gereret,
1327 4076 1390 4134 sive
1404 4078 1482 4149 quod
1498 4077 1563 4149 ipse
1576 4082 1685 4151 sponte
1699 4097 1759 4139 sue
1772 4081 1885 4139 eisdem
1904 4093 1965 4151 pro·

261 4172 395 4246 spiceret,
411 4188 448 4228 ne
462 4186 526 4244 quar
543 4168 679 4242 pretiosis
694 4168 752 4226 illis
766 4168 907 4243 baptismi
921 4167 967 4225 sui
983 4167 1166 4241 temporibus
1181 4165 1334 4223 audierant
1349 4166 1614 4240 promiseruntque,
1625 4168 1684 4227 sibi
1699 4185 1836 4242 uuquam
1845 4168 1968 4227 excidere

262 4278 296 4319 ex
311 4259 452 4318 memoria
466 4260 647 4332 paterentur,
660 4272 694 4314 ae
708 4256 797 4313 simul
812 4260 844 4313 ut
859 4255 1037 4313 inutilitatis
1053 4254 1233 4314 consortium
1246 4254 1298 4314 atii
1318 4271 1437 4327 quoque
1461 4255 1690 4315 admitterentur
1716 4258 1890 4319 Chrisb'ani.
1911 4256 1966 4313 Non

261 4350 302 4407 ita
316 4350 437 4423 quidem
451 4348 640 4407 manifestum
656 4350 701 4403 ert
713 4345 820 4403 librum
836 4345 998 4403 secundum
1013 4362 1049 4401 ex
1065 4343 1215 4402 similibus
1231 4349 1367 4404 constare
1390 4343 1600 4403 concionibus:
1622 4362 1730 4404 verum
1752 4365 1823 4405 curn
1845 4346 1912 4405 huic
1932 4341 1968 4402 rei

262 4438 335 4495 nibil
350 4438 389 4495 sit
403 4438 481 4511 quod
495 4435 648 4493 videamus
663 4450 835 4509 repugnare,
851 4435 887 4491 de
902 4433 957 4491 hoc
971 4433 1061 4492 etiam
1075 4431 1150 4493 libra
1165 4432 1243 4491 idem
1258 4432 1402 4495 indicium
1413 4434 1545 4505 atquede
1559 4434 1656 4507 primo
1667 4435 1747 4497 terre
1758 4432 1968 4495 nonimmeritc

262 4542 433 4602 possumus.

297 4617 330 4672 ln
346 4615 500 4688 retegenda
513 4614 684 4670 eorumdem
699 4611 840 4669 librorum
856 4616 939 4668 etate
953 4610 1123 4685 plusculum
1137 4610 1322 4669 difficultatis
1335 4615 1391 4669 est.
1404 4612 1602 4671 Nihilominus
1612 4616 1717 4673 umen
1727 4613 1967 4685 cnmexconjun·

262 4705 358 4765 ctione
373 4706 461 4776 atque
476 4703 578 4759 ordine
594 4718 652 4775 quo
665 4700 708 4757 illi
723 4700 915 4774 sequentibus
929 4701 1229 4759 commentationibus
1243 4702 1280 4758 de
1294 4698 1469 4773 patriarchis
1482 4706 1712 4774 connectuntur,
1724 4708 1793 4762 tum
1802 4722 1839 4763 ex
1852 4702 1971 4778 ipsomet

261 4792 416 4852 Ambrosio
431 4791 482 4866 qui
497 4792 553 4849 sub
567 4791 685 4847 initium
701 4789 844 4847 librorum
864 4794 903 4847 De
916 4790 1022 4863 ioseph,
1039 4794 1069 4846 et
1080 4791 1119 4847 Dc
1132 4790 1280 4863 llysterirs,
1295 4788 1368 4847 satis
1383 4794 1483 4863 aperte
1497 4789 1609 4849 indicat
1626 4790 1698 4851 illos
1724 4810 1833 4853 omnes
1857 4790 1971 4849 minime

261 4882 384 4941 diversis
394 4880 577 4955 temporibus
591 4880 627 4937 ab
643 4896 675 4936 aa
690 4879 781 4935 luisse
797 4878 985 4952 compositos,
1010 4880 1083 4936 satis
1106 4877 1255 4937 evidenter
1278 4878 1428 4953 colligitur
1449 4878 1568 4937 eosdem
1593 4894 1672 4938 anno
1698 4882 1821 4941 circiter
1845 4880 1897 4939 ae'i
1918 4892 1970 4950 quo

260 4971 368 5031 librum
383 4972 419 5029 de
433 4969 560 5044 losepho
574 4970 604 5027 in
619 4968 714 5027 lucem
731 4968 874 5041 prodiisse
889 4985 943 5026 aua
957 4968 1020 5026 loco
1037 4969 1239 5043 probabimus,
1256 4968 1346 5026 tribui
1359 4972 1503 5042 oportere.
