4159 6184
175 388 1926 433 m

453 630 689 800 vrrs
726 622 1101 855 ,sanari
1142 624 1657 861 nlrnnosu

1070 837 1078 850 sl
1123 840 1135 855 ο

628 960 631 969 2
706 860 1336 990 3'.liliuiilmssisi›i·s²o'ois

372 1126 398 1193 a
419 1118 586 1193 alanino
606 1107 703 1238 acus
716 1108 914 1240 uersare
928 1102 985 1208 sn
1003 1102 1464 1234 usapuapucpsrmuu
1484 1116 1738 1190 consonum.

945 1308 1154 1324 ψ

231 1491 256 1545 1.
273 1484 414 1549 Hortaris,
422 1474 591 1538 venerabilis
606 1474 697 1529 Pater
712 1468 891 1543 Angustias,
905 1468 938 1521 ut
950 1464 1028 1521 siout
1043 1463 1069 1531 Α
1084 1467 1138 1520 aut
1152 1462 1259 1519 viuere
1276 1464 1366 1531 potui.
1383 1468 1465 1526 Unde
1480 1488 1498 1526 n
1512 1471 1559 1527 die
1580 1473 1740 1531 nativitatis
1762 1478 1826 1549 ejus
1850 1496 1917 1535 uar-

190 1575 334 1636 beatiairi
344 1564 684 1639 Athanasiusopisoopus
695 1559 934 1631 etllieronymus
946 1569 1026 1627 pres·
1082 1552 1169 1610 randi
1185 1546 1316 1645 initium
1328 1572 1455 1627 sumam,
1466 1562 1500 1616 ut
1509 1561 1603 1635 gratia
1615 1560 1669 1619 viri
1686 1563 1723 1621 ab
1731 1563 1919 1627 incunabulis

189 1669 277 1743 hym
296 1662 370 1739 stylo
385 1656 523 1736 pmssouti
549 1655 621 1712 sunt
641 1651 722 1719 vitae
744 1650 919 1705 sanctorum
946 1640 1027 1699 Pauli
1084 1659 1149 1715 quae
1167 1639 1279 1708 suffit,
1294 1653 1478 1720 agnoscatur·

191 1763 223 1817 et
236 1753 357 1814 Antonii
377 1752 406 1809 in
421 1764 513 1807 eremo
528 1744 710 1819 positorum,
728 1737 806 1795 sicut
825 1734 914 1792 etiam
932 1731 1029 1788 Marti·
1122 1732 1150 1785 3.
1166 1723 1275 1796 lgitur
1298 1736 1390 1807 posito
1414 1740 1445 1796 in
1469 1741 1724 1802 administratione
1747 1747 1938 1820 praelooturn'

193 1848 226 1906 ni
240 1840 415 1903 venerabilis
435 1833 560 1911 episcopi
584 1828 775 1889 Turonensis
800 1821 934 1881 llcolesiae
949 1825 1030 1877 Seve-
1085 1817 1265 1875 Galliarum
1280 1829 1361 1896 patre
1374 1830 1439 1902 ejus
1452 1831 1616 1904 Ambrosio,
1632 1838 1780 1895 natusest
1801 1840 1923 1897 Ambro-

194 1952 250 1995 ως
273 1948 377 1991 nervus
399 1928 447 1985 Dei
468 1922 616 1982 luculento
636 1932 777 1977 sermone
791 1909 963 1979 contexuit;
989 1909 1031 1965 sic
1088 1908 1160 1964 sius
1176 1903 1228 1975 (l).
1247 1907 1304 1974 Qui
1319 1915 1417 1976 intans
1431 1921 1462 1977 iu
1476 1938 1544 1979 aree
1559 1925 1685 1996 pretorii
1699 1926 1730 1983 in
1750 1944 1826 1985 euna
1847 1930 1925 2004 posi·

196 2026 288 2083 stiam
305 2036 374 2093 ergo
388 2013 543 2075 beatissimi
559 2006 716 2068 Ambrosii
741 2002 869 2077 episcopi
892 1996 1031 2056 Mediola-
1086 2001 1160 2065 ῐιιε,
1183 2010 1255 2055 cum
1288 2004 1429 2066 dormiret
1461 2017 1561 2083 aperto
1590 2030 1651 2081 ore,
1674 2016 1772 2075 subito
1805 2034 1927 2076 examen

199 2114 305 2172 nensis
325 2106 454 2167 Ecclesiae
476 2118 540 2160 meo
562 2112 735 2174 prosequar
760 2090 843 2166 stylo.
859 2090 915 2147 Sed
932 2104 985 2162 ego
1000 2091 1034 2143 ut
1087 2099 1189 2155 apum
1205 2086 1376 2166 adveniens,
1393 2098 1498 2157 taciem
1513 2102 1579 2174 ejus
1591 2107 1680 2177 atque
1694 2122 1746 2162 ors
1757 2108 1926 2181 complevit·

202 2199 320 2260 meritis
346 2200 491 2253 tantorum
513 2192 661 2256 virorum,
678 2183 730 2257 qui
747 2180 824 2237 muri
837 2177 1032 2236 Ranisstorum
1088 2174 1141 2228 ita
1168 2182 1200 2235 ut
1220 2177 1405 2256 ingrediendi
1420 2188 1451 2244 in
1467 2205 1512 2256 os,
1527 2193 1755 2268 egrediendique
1769 2197 1847 2255 vices
1870 2150 1930 2253 treI

204 2293 290 2360 gunt,
306 2291 336 2345 st
349 2282 516 2358 eloquentie
531 2280 644 2343 tontes,
661 2274 705 2330 ita
717 2271 805 2329 etiam
830 2284 964 2325 sermono
987 2282 1034 2322 me
1090 2274 1286 2333 onerarent
1304 2275 1371 2341 Ques
1388 2281 1481 2350 pntsr,
1498 2281 1547 2353 qui
1564 2286 1684 2356 propter
1697 2300 1765 2341 euru
1780 2282 1931 2344 matrevel

208 2381 354 2453 imparem
367 2373 558 2431 novi.'l¹ameu
573 2365 650 2440 quia
664 2360 827 2420 absurdum
843 2372 907 2414 essa
921 2357 1034 2431 opinor,
1091 2348 1164 2414 filie
1187 2361 1406 2434 deambulabat,
1423 2384 1460 2423 ne
1478 2369 1668 2444 abigerentur
1682 2374 1718 2431 nb
1732 2375 1851 2447 ancilla,
1867 2388 1933 2447 quoe

213 2467 294 2542 quod
315 2462 453 2539 precipis,
469 2458 628 2521 declinare,
646 2469 682 2510 sa
703 2466 768 2523 qus
786 2464 803 2504 a
821 2444 1037 2519 probatissimis
1092 2458 1201 2507 euram
1228 2453 1377 2511 nutriendi
1411 2454 1534 2515 infantis
1567 2468 1738 2537 susceperat
1769 2465 1936 2539 prohibens

209 2555 293 2624 viris,
309 2553 357 2628 qui
373 2551 415 2608 illi
427 2554 491 2607 ante
506 2563 554 2604 me
569 2542 745 2605 astiterunt,
760 2540 789 2593 et
803 2534 928 2591 maxime
944 2535 979 2592 ab
995 2550 1039 2591 so·
1094 2533 1238 2607 (sollicita
1260 2543 1341 2599 enim
1364 2549 1429 2601 eret
1447 2562 1484 2603 ne
1498 2547 1605 2605 intanti
1617 2509 1765 2627 nocerent)
1780 2554 1936 2625 exspecta·

208 2662 276 2704 rora
298 2642 392 2717 ipsius
416 2634 574 2697 venerabili
598 2626 774 2689 Marcelline
800 2623 899 2690 didici,
912 2622 957 2680 vel
978 2642 1042 2695 que
1095 2623 1150 2681 bat
1164 2629 1259 2700 patrio
1273 2631 1391 2699 ellectu,
1405 2650 1464 2705 quo
1479 2635 1538 2691 tlne
1552 2636 1626 2694 illud
1646 2641 1825 2699 miraculum
1857 2639 1938 2697 olau-

208 2738 273 2809 ἣρω
286 2732 357 2800 vidi,
372 2746 438 2787 oum
454 2727 496 2783 illi
510 2730 655 2783 astarem,
668 2716 714 2774 vel
730 2732 792 2788 quae
807 2714 843 2769 ub
858 2712 894 2769 iis
921 2712 1044 2785 cognovi
1098 2713 1218 2772 deretur
1229 2719 1278 2789 (2).
1292 2721 1328 2775 At
1351 2719 1408 2777 ille
1432 2726 1500 2793 post
1524 2724 1708 2796 aliquamdiu
1723 2731 1890 2798 evolantes,
1907 2732 1939 2791 in

209 2824 261 2899 quq
276 2822 362 2877 ippum
373 2820 403 2875 jn
420 2814 540 2875 diversis
553 2806 720 2886 provinciis
737 2807 802 2876 post
816 2801 927 2857 obitum
949 2802 1044 2874 ipsius
1058 2837 1084 2904 B
1098 2805 1211 2861 tantam
1227 2807 1304 2863 aeris
1319 2807 1508 2865 altitudinem
1524 2813 1681 2871 sublevatas
1695 2817 1939 2886 sunt‚uthuma·

210 2929 245 2969 se
258 2910 369 2967 vidisse
379 2908 544 2969 narrarunt,
555 2900 602 2957 vel
611 2914 678 2971 que
693 2894 730 2951 ed
744 2892 828 2948 illum
844 2891 953 2963 scripta
963 2895 1043 2957 sunt,
1098 2890 1146 2946 nis
1169 2894 1263 2949 oculis
1283 2895 1406 2953 minime
1428 2899 1608 2958 viderentur.
1624 2903 1686 2967 Quo
1711 2906 1787 2962 tacto
1806 2908 1936 2972 territus

210 3016 281 3059 curn
298 2997 396 3055 adbuc
410 2994 516 3052 obiisse
531 2988 717 3048 nesciretur:
729 2981 848 3061 adiutus
863 2979 1045 3035 orationibus
1099 2983 1182 3052 pater
1203 2981 1245 3037 ait
1260 2999 1267 3038 :
1283 2984 1313 3039 si
1338 2985 1443 3043 vixerit
1464 2987 1631 3048 infantulus
1652 2991 1718 3060 iste,
1730 2994 1846 3067 aliquid
1870 3016 1934 3060 ma.

215 3090 286 3157 tnis,
302 3092 331 3144 et
353 3085 466 3143 meritis
489 3080 563 3138 tanti
588 3075 659 3143 viri,
675 3071 742 3129 lieet
764 3068 875 3126 inculto
898 3084 1045 3135 sermone,
1098 3068 1149 3140 gni
1173 3068 1238 3123 erit.
1254 3069 1438 3142 operabatur
1461 3075 1541 3131 enim
1561 3078 1625 3148 jam
1645 3083 1718 3136 tune
1732 3082 1880 3141 Dominus
1901 3090 1931 3147 iu

214 3176 340 3236 breuiter
353 3171 538 3245 strictimque
549 3162 777 3225 describamtut
786 3157 901 3215 lectoris
911 3156 1045 3213 animum
1098 3156 1206 3213 servuli
1218 3158 1264 3213 eui
1277 3158 1412 3228 infantia,
1421 3166 1453 3217 ut
1465 3162 1640 3236 impleretur
1653 3170 1731 3240 quod
1743 3170 1929 3235 dictumest:

216 3267 272 3326 etsi
286 3281 382 3323 sermo
393 3258 557 3325 offenderit,
574 3252 706 3313 brevitas
718 3252 815 3305 tamen
832 3247 867 3303 ad
888 3246 1044 3319 legendum
1098 3247 1165 3301 Favi
1196 3247 1447 3307 arctissimarum
1475 3252 1540 3309 toni
1563 3255 1656 3326 (Pron.
1681 3273 1739 3324 xvi,
1764 3259 1832 3328 sl),
1855 3260 1929 3320 illud

216 3358 373 3431 provocet:
390 3368 443 3409 neo
455 3348 615 3406 verborum
632 3340 709 3397 fucis
723 3338 872 3395 veritatem
888 3336 1044 3404 obducam,
1098 3334 1178 3392 enim
1191 3350 1315 3391 examen
1331 3351 1421 3409 apum
1436 3340 1616 3413 scriptorum
1631 3341 1726 3415 ipsius
1740 3344 1826 3401 nobis
1840 3362 1928 3419 gene-

215 3460 253 3502 ns
267 3444 340 3500 dum
352 3439 477 3513 scriptor
488 3433 642 3510 elegantiae
658 3444 795 3503 pompam
810 3424 942 3499 requirit,
954 3424 1045 3481 lector
1098 3423 1181 3479 rabat
1205 3423 1296 3490 savos,
1321 3424 1373 3496 qui
1397 3427 1528 3485 eoelestia
1551 3431 1630 3486 dona
1655 3433 1876 3502 annuntiarant,
1900 3440 1930 3492 et

215 3536 366 3590 mutarum
389 3530 532 3585 virtutum
555 3523 675 3580 amittat
695 3516 857 3581 scientiam,
873 3530 960 3587 quem
985 3531 1043 3570 non
1098 3516 1211 3568 mentes
1226 3512 1382 3569 bominum
1397 3514 1435 3570 de
1449 3518 1575 3574 terrenis
1590 3520 1628 3574 ed
1643 3518 1749 3575 ooelum
1771 3520 1926 3592 erigerent.

215 3621 314 3695 magi,
327 3618 472 3693 phaleras,
486 3624 674 3688 pompasque
697 3607 861 3671 verborum,
878 3619 964 3675 quam
984 3602 1044 3658 vir·
1132 3601 1158 3655 t.
1175 3600 1280 3657 Postea
1292 3617 1359 3657 vero
1372 3618 1440 3658 oum
1466 3605 1653 3667 adolevisset,
1669 3612 1699 3662 et
1716 3614 1795 3663 esset
1809 3610 1838 3662 in
1855 3610 1929 3665 urbe

214 3716 311 3768 tutem
327 3724 435 3774 rerum,
451 3704 638 3777 gratiamque
657 3695 784 3769 Spiritus
801 3692 893 3749 sancti
913 3695 1044 3763 spectare
1098 3690 1190 3745 Roma
1204 3689 1384 3745 constitutus
1399 3706 1466 3745 oum
1484 3698 1578 3749 matre
1592 3694 1681 3749 vidua
1696 3698 1726 3750 et
1740 3710 1849 3761 sorore,
1861 3711 1927 3766 quas

215 3796 379 3855 conveniat.
396 3793 547 3867 Siquidem
563 3784 732 3845 noverimus
747 3783 872 3838 viatmes
886 3778 1043 3853 gratiorem
1096 3776 1294 3851 virginitatem
1307 3778 1371 3849 jam
1384 3778 1480 3834 suerat
1490 3780 1633 3851 professa,
1649 3782 1758 3840 comite
1768 3782 1826 3840 alia
1838 3782 1926 3856 virgi·

216 3888 326 3945 habere
341 3900 448 3958 squam
462 3880 542 3937 brevi
556 3894 632 3934 vena
645 3872 816 3937 stillantem,
833 3870 904 3926 torte
919 3884 986 3924 oum
1001 3867 1044 3923 ai·
1097 3883 1145 3929 ue.
1157 3865 1241 3937 eujus
1260 3864 1383 3938 virginis
1401 3882 1486 3923 soror
1499 3866 1640 3935 Candide,
1656 3872 1686 3923 et
1707 3869 1773 3941 ipsa
1795 3871 1926 3941 ejusdem

216 3977 307 4043 fiunt,
324 3990 412 4047 quam
436 3966 610 4045 profluentis
630 3962 719 4021 lentis
741 3962 828 4029 rivos,
846 3974 971 4032 quorum
996 3973 1044 4013 eo·
1098 3954 1373 4029 professionisque
1384 3971 1464 4010 nuno
1478 3954 1654 4029 Carthagine
1668 3955 1750 4029 degit
1760 3957 1824 4028 jam
1839 3974 1924 4016 anus:

220 4066 300 4141 piam
314 4062 379 4121 aitis
395 4066 525 4134 tempora
552 4054 680 4130 reperire
703 4068 759 4109 non
776 4052 908 4125 possunt.
925 4046 960 4103 lit
974 4044 1044 4103 hor·
1098 4060 1166 4101 oum
1186 4044 1298 4101 videret
1316 4044 1520 4100 sacerdotibus
1534 4060 1552 4099 a
1569 4042 1740 4112 domestica,
1757 4061 1866 4113 sorore,
1881 4046 1925 4103 vel

220 4156 347 4211 dsaeaus
370 4150 456 4225 panis
479 4146 575 4205 dulcis
606 4142 681 4200 solet
713 4158 777 4198 esse
810 4136 896 4195 etiam
922 4135 969 4192 his
993 4135 1044 4209 qui
1099 4137 1193 4190 matre
1218 4149 1326 4191 manus
1351 4130 1479 4189 oseulari
1503 4132 1552 4205 (3),
1569 4132 1633 4206 ipse
1657 4131 1763 4206 ludens
1787 4133 1927 4192 offerebat

219 4241 352 4302 centenis
383 4238 496 4297 vicibus
527 4232 706 4293 ferculorum
733 4226 896 4304 quotidiani
919 4224 1043 4281 convivii
1057 4207 1080 4279 G
1098 4224 1258 4290 dexteram,
1274 4222 1375 4279 diceus
1389 4226 1419 4279 et
1432 4222 1489 4279 sibi
1504 4222 1534 4278 id
1547 4224 1584 4278 ab
1601 4238 1636 4279 ea
1650 4222 1714 4279 fieri
1729 4227 1873 4294 oportere,
1888 4223 1927 4282 si-

220 4330 322 4405 copias
336 4332 450 4385 ructare
464 4319 914 4383 consuerunt.Sedetbortorum
929 4330 1046 4370 amoena
1098 4312 1218 4385 quidem
1237 4312 1408 4385 episcopum
1431 4327 1464 4367 ss
1486 4312 1619 4367 futurum
1634 4327 1700 4367 esse
1724 4313 1924 4382 memorabat,

220 4418 398 4477 mirantibus
413 4416 509 4473 herne
525 4415 655 4486 agrestes
670 4408 783 4483 placere
802 4406 1026 4463 consueverunt.
1098 4399 1273 4473 loquebatur
1286 4397 1405 4455 enimin
1421 4398 1471 4457 illo
1485 4398 1612 4471 Spiritus
1627 4399 1757 4465 Domini,
1772 4398 1824 4471 qui
1839 4398 1925 4457 illum

255 4512 285 4563 2,
301 4506 496 4575 Quamobrem
520 4502 640 4558 obsecro
663 4514 715 4554 vos
737 4510 849 4563 omnes,
865 4493 896 4548 in
917 4507 1045 4565 quorum
1098 4490 1135 4547 ad
1150 4488 1346 4547 sacerdotium
1376 4488 1546 4546 nutriebat:
1562 4486 1614 4543 illa
1626 4504 1694 4544 vero
1710 4494 1742 4543 ut
1756 4486 1925 4545 adolescen-

221 4594 359 4653 manibus
371 4592 446 4650 liber
459 4592 515 4649 iste
529 4588 702 4655 versabitur,
718 4588 751 4641 ut
765 4581 890 4641 credatis
904 4596 972 4637 vers
981 4596 1046 4637 esse
1098 4584 1158 4635 tem
1173 4581 1201 4635 et
1215 4576 1393 4633 nescientem
1409 4577 1480 4649 quid
1496 4576 1616 4644 diceret,
1633 4576 1799 4651 respuebat.

222 4702 287 4759 qum
310 4682 483 4757 scripsimus
500 4695 574 4737 :neo
597 4678 680 4751 putet
701 4691 748 4732 me
771 4672 929 4747 quisquam
946 4668 1045 4727 studio
1133 4670 1161 4725 5.
1178 4668 1234 4725 Sed
1249 4669 1404 4740 postquam
1419 4666 1540 4723 edoctus
1552 4664 1724 4723 liberalibus
1747 4664 1923 4738 disciplinis,

221 4771 333 4832 ammi„
347 4770 456 4845 ,liquid
470 4769 546 4844 quod
560 4768 618 4824 fids
632 4766 738 4832 cureat,
754 4760 909 4836 posuisse;
927 4760 1044 4833 quando
1099 4774 1136 4818 ex
1158 4757 1234 4835 Urbe
1257 4770 1394 4829 egressus
1417 4758 1472 4824 eat,
1492 4754 1703 4829 professusque
1726 4755 1757 4810 in
1779 4752 1923 4810 auditorio

221 4863 344 4938 quidem
359 4860 464 4919 melius
479 4860 518 4915 sit
532 4856 651 4931 penitus
666 4852 740 4911 nihil
756 4851 861 4919 dicere,
879 4866 969 4923 quam
988 4847 1045 4906 ali·
1099 4848 1276 4923 prstecturs
1295 4843 1431 4919 pretorii,
1447 4844 1489 4902 ita
1510 4843 1664 4917 splendide
1683 4842 1788 4899 causae
1806 4856 1925 4912 perora·

222 4950 296 5027 quid
319 4948 384 5007 talei
407 4948 545 5022 prolerre,
568 4960 636 5001 oum
666 4942 796 4999 sciamus
824 4955 878 4996 nos
910 4937 1045 4995 omnium
1098 4938 1151 5009 vit,
1166 4940 1199 4993 ut
1219 4932 1483 5008 eligeretureviro
1506 4930 1615 4991 illustri
1634 4930 1738 4997 Probo,
1752 4932 1825 4984 tunc
1848 4942 1924 5001 pres·

223 5054 394 5099 sermonum
418 5040 584 5095 nostrorum
613 5029 780 5090 reddituros
812 5043 878 5085 esse
901 5026 1046 5083 rationem
1099 5028 1175 5089 teoto
1190 5022 1329 5097 pretorii,
1345 5023 1381 5079 nd
1396 5021 1555 5081 consilium
1570 5019 1771 5077 tribuendum.
1784 5015 1925 5075 Posthac

223 5129 330 5202 (nuto.
344 5144 395 5195 vu,
412 5128 465 5201 lb).
481 5124 539 5181 Nec
553 5122 695 5188 dubitem,
711 5118 766 5176 etsi
780 5135 839 5175 non
852 5117 890 5174 ab
906 5115 1044 5175 omnibus
1100 5106 1923 5185 consularitatissusoepitinsignia,utregeretbiguriam,

223 5218 335 5287 omnis,
347 5220 444 5272 tamen
460 5231 478 5271 a
492 5213 613 5269 diversis
626 5210 742 5267 diversa
756 5206 834 5285 sciri,
843 5210 872 5263 et
882 5222 916 5262 ea
930 5204 1048 5278 cognita
1098 5203 1305 5275 AEmiliamqne
1319 5200 1494 5275 provincias,
1510 5196 1648 5269 venitque
1666 5196 1877 5254 Mediolanum.

223 5303 376 5365 nonnullis
391 5320 466 5369 esse,
483 5318 547 5375 que
562 5301 650 5358 etium
666 5298 766 5355 minus
785 5296 849 5368 ipse
873 5298 923 5350 aut
944 5293 1047 5350 audire
1133 5296 1161 5350 6.
1178 5292 1231 5350 Per
1254 5290 1332 5347 idem
1357 5293 1484 5362 tempus,
1507 5289 1623 5343 mortuo
1644 5286 1789 5344 A⁰¹⁰¹¹¹i⁰
1810 5285 1923 5342 Am*

260 5466 300 5541 (l)
322 5464 415 5522 codex
437 5462 535 5531 riteh,
557 5462 639 5518 Patre
660 5460 732 5517 beati
761 5455 908 5521 Ambrosii,
932 5455 1047 5511 nomine
1135 5452 1174 5527 (3)
1188 5451 1297 5509 Omnes
1320 5448 1389 5505 edit.
1412 5461 1446 5502 no
1471 5459 1544 5499 mss.
1568 5443 1714 5515 nonnulli,
1739 5442 1886 5502 scemata
1906 5457 1926 5497 a
1996 5466 2001 5473 ·

220 5538 374 5601 Ambrosio,
388 5538 470 5592 natata
484 5536 541 5608 ipse
557 5534 649 5590 beatus
663 5531 821 5588 Ambrosius
834 5534 886 5584 eet.
1100 5526 1247 5583 mesenen
1266 5518 1418 5598 sororevet
1436 5520 1525 5572 matre
1539 5532 1637 5574 manue
1655 5516 1809 5575 necaturi...
1825 5514 1860 5568 ab
1884 5513 1925 5568 etc

256 5609 297 5681 (2)
319 5608 396 5665 idem
425 5607 524 5664 codex.
554 5606 638 5676 ficem
666 5603 712 5659 rei
739 5597 959 5673 prestolabatur,
994 5612 1047 5671 quo
1060 5582 1087 5653 D
1101 5598 1162 5681 ficri
1176 5589 1384 5669 oporteresabi
1398 5603 1484 5659 mss,
1498 5586 1598 5661 plures
1622 5606 1655 5647 so
1669 5586 1808 5663 potiores,
1823 5586 1926 5640 utnos

220 5680 330 5739 seilicet
340 5678 434 5736 ordine
444 5676 514 5735 illud
522 5676 692 5734 miraculum
700 5668 883 5730 clauderetur.
1099 5672 1231 5727 intentu.
