4159 6184
76 415 81 436 ,,
106 371 202 436 ιωι
530 332 535 342 ’
673 365 901 431 suessano
923 367 964 429 rs
986 367 1179 434 asennaa
1202 367 1326 433 xxxv.
1776 360 1856 438 leot

63 435 257 582 <flagitiis,
285 515 361 559 oum
386 498 498 558 diceret
519 516 525 556 :
554 521 569 550 a
593 499 684 566 Quem
709 501 859 560 osculatus
874 502 966 571 luero,
982 503 1008 570 Α
1027 503 1183 578 degeneret
1199 521 1206 561 τ
1223 504 1312 560 arbor
1326 504 1405 562 enim
1429 507 1506 566 mala
1529 509 1641 565 tructus
1665 505 1759 566 malos
1774 507 1856 566 iacit.

112 599 180 670 ipse
196 599 245 653 est
260 611 267 650 ι
286 595 389 650 tenete
405 605 475 647 cum
491 589 572 661 (ibid.
592 590 638 660 td)
650 608 657 659 ;
670 594 719 647 »ut
733 608 801 649 vere
817 593 853 649 de
867 591 972 650 eodic·
1028 593 1103 650 Nam
1117 595 1143 651 si
1157 592 1334 667 plerumque
1347 596 1425 667 qnod
1440 594 1589 665 nolumus,
1604 594 1661 654 hoc
1684 596 1812 670 agimus,
1827 596 1857 650 et

111 691 180 742 tum
197 677 336 740 dubitari
355 694 416 735 non
433 679 525 750 queat
543 694 550 732 :
568 700 583 729 α
599 677 697 736 Verbo
711 679 770 738 oris
785 679 849 752 ejus
865 678 972 752 iniqui·
1026 682 1120 741 vitare
1134 701 1192 742 non
1207 698 1385 756 possumue;
1400 688 1429 742 et
1444 687 1522 759 quod
1542 685 1609 744 odio
1628 684 1785 751 habemus,
1800 682 1858 740 boo

113 779 162 831 tas
178 777 210 832 et
224 770 316 830 dolus
334 768 423 843 (vers.
435 765 496 838 tl.»
510 765 620 823 Oscula
633 766 720 825 lobiis
737 767 858 837 ferebat,
876 769 970 825 oliuo-
1026 769 1164 840 ieoimus,
1180 771 1249 828 victi
1266 772 1394 843 quadem
1406 777 1458 832 aut
1472 773 1665 832 delectatione
1678 771 1796 848 flagitii,
1807 771 1860 829 aut

113 863 208 920 dabat
221 874 340 918 venena
354 853 528 932 pectoribus
540 871 547 924 ;
565 855 765 914 meditabatur
779 858 886 915 acerba
899 873 970 931 sup·
1026 859 1200 934 obreptione
1214 859 1486 933 peccati:qnomodo
1501 878 1661 936 poseamus
1671 857 1858 933 vitareqaod

117 951 221 1026 plicia,
237 947 341 1024 gratis
356 946 468 1021 pignus
483 943 639 1002 alterabat.
1026 948 1185 1008 amamus?
1198 948 1525 1021 astringimuretinviti
1537 951 1685 1024 quomodo
1694 962 1859 1024 possumus

154 1041 200 1098 15.
224 1039 303 1102 Bene
328 1036 367 1094 de
391 1051 424 1092 so
447 1032 611 1108 prophetia
634 1033 705 1092 addi
731 1035 800 1093 leeit
815 1052 822 1092 ε
840 1058 854 1088 ιι
871 1035 971 1092 Noluit
1025 1036 1184 1094 voluntarii
1199 1054 1257 1094 non
1273 1037 1388 1094 tenerit
1400 1038 1454 1096 Vix
1468 1056 1500 1096 se
1515 1037 1638 1096 exsolvit
1652 1036 1765 1095 Paulus
1779 1051 1860 1093 erm·

115 1127 286 1203 intelligere
311 1128 346 1182 ut
366 1125 440 1181 bene
465 1125 572 1195 ageret
598 1121 681 1195 (cers.
703 1123 731 1196 t)
748 1142 755 1181 :
774 1146 788 1175 a
806 1139 865 1181 non
891 1123 969 1182 enim
1025 1125 1111 1184 ribus
1124 1126 1296 1201 quotidiana
1311 1127 1505 1186 decertatione
1523 1128 1671 1197 luctando,
1695 1130 1730 1182 nt
1754 1124 1861 1182 vinem

117 1234 171 1292 par
185 1219 328 1273 naturam
344 1211 483 1286 deliquit,
500 1210 554 1268 sed
567 1227 620 1284 par
633 1209 970 1285 voluntatem.Denique
1025 1211 1064 1271 lie
1079 1215 1257 1289 captivitatis
1271 1218 1386 1284 exutus,
1399 1233 1452 1290 per
1473 1216 1582 1274 Christi
1605 1214 1734 1289 gratlam
1758 1226 1862 1271 serva·

119 1304 278 1380 Apostolus
293 1305 369 1371 erat,
386 1298 525 1358 audiebat
542 1298 676 1372 quotidie
695 1299 795 1358 divina
818 1301 967 1372 mandata,
1025 1307 1120 1374 retur;
1137 1309 1163 1361 ct
1180 1309 1213 1361 tu
1227 1309 1315 1379 putas
1338 1307 1416 1378 quod
1440 1305 1603 1364 desistendo
1627 1302 1746 1363 delictis
1760 1304 1860 1376 poesie

122 1395 255 1454 discebat
280 1390 401 1450 celeste
424 1387 613 1463 mysterium,
628 1389 732 1461 potuit
756 1389 970 1464 intelligerent
1024 1393 1061 1448 nd
1081 1392 1243 1450 caelestium
1261 1394 1525 1467 repromissionum
1550 1392 1657 1451 merite
1679 1391 1860 1466 perveniret

125 1487 199 1543 bens
214 1480 353 1557 ageret,si
370 1476 655 1536 voluisset.'llidebat
667 1476 769 1534 sanari
782 1477 967 1552 paralyticos,
1026 1480 1177 1540 Luctando
1192 1497 1300 1539 corona
1313 1482 1525 1555 quaritur,non
1539 1480 1713 1539 reluctando
1726 1496 1734 1549 3
1747 1480 1866 1553 studio,-

127 1573 211 1631 oecis
239 1569 355 1628 refundi
384 1567 498 1634 lumen,
524 1569 661 1624 mortuos
689 1566 878 1637 resuscitari;
895 1584 968 1624 num
1024 1586 1083 1625 non
1101 1569 1226 1643 refragio
1241 1575 1436 1643 eomparatur.
1449 1569 1635 1628 certantibus
1649 1584 1771 1643 quoque
1786 1569 1858 1628 dlvi·
1882 1585 1886 1588 ·

128 1661 228 1721 debuit
241 1657 405 1731 intelligere
419 1656 501 1730 quod
517 1656 596 1714 Deus
611 1657 702 1723 esset,
719 1655 769 1728 qui
785 1654 855 1713 talia
868 1660 970 1729 posset
1024 1673 1069 1713 na
1084 1657 1290 1715 misericordie
1305 1658 1445 1733 suffragia
1458 1658 1636 1733 postulanda
1651 1659 1734 1726 eunt,
1751 1661 1786 1715 ut
1805 1675 1858 1716 oo·

128 1747 332 1825 operuisset
359 1745 528 1820 intelligere
546 1742 653 1810 noluit,
669 1743 743 1815 quia
755 1761 862 1802 avarus
876 1744 965 1803 homo
1023 1761 1097 1802 rona
1108 1745 1232 1818 justitiae
1247 1763 1299 1820 pro
1313 1747 1449 1804 laborum
1465 1747 1577 1804 meritis
1592 1745 1753 1802 deleratur.

128 1845 156 1897 at
171 1838 298 1913 pecunie
314 1835 451 1894 intentus
472 1852 490 1890 a
513 1833 683 1907 cognitione
701 1832 865 1890 divinitatis
887 1833 1006 1943 vigo·B
1059 1834 1104 1889 t8.
1121 1837 1208 1906 qtt’re.
1233 1837 1261 1907 6,
1276 1836 1317 1908 7.)
1343 1835 1475 1909 Denique
1499 1835 1570 1908 quid
1594 1836 1739 1906 seqomur
1760 1835 1856 1893 eonsi-

128 1944 190 1985 rem
206 1943 265 1982 aua
281 1921 386 1980 mentis
402 1922 522 1979 avertit.
541 1920 755 1994 Unusquisque
771 1922 851 1979 enim
870 1923 967 1996 quise
1001 1923 1171 1980 daremus.
1190 1946 1204 1974 a
1219 1923 1352 1994 Domine,
1374 1924 1481 1998 inquit,
1504 1924 1536 1979 in
1559 1921 1632 1979 coelo
1652 1921 1858 1980 misericordia

127 2014 248 2090 flagitiis
275 2011 511 2087 ingurgitaverit,
542 2027 601 2068 non
627 2008 692 2065 vult
713 2009 879 2092 ,intelligere
902 2027 965 2084 que
1021 2014 1091 2080 tua;
1107 2015 1137 2067 et
1159 2010 1267 2068 veritae
1291 2015 1342 2068 tua
1365 2027 1461 2084 neque
1485 2012 1522 2068 ab
1546 2011 1651 2068 nubes.
1665 2009 1788 2068 iustitia
1804 2016 1857 2069 tua

126 2102 290 2162 celestium
305 2101 517 2156 mandatorum
533 2103 657 2168 eunt,ns
673 2104 827 2156 revocetur
841 2117 859 2156 a
873 2099 962 2157 vitiis.
1020 2099 1100 2155 sieut
1110 2103 1225 2156 montes
1240 2100 1291 2157 Dei
1301 2119 1309 2169 ;
1321 2101 1437 2172 judicia
1445 2103 1498 2157 tua
1508 2098 1586 2156 sicut
1593 2099 1722 2172 abyssus
1732 2098 1854 2158 multe.»

125 2193 201 2250 Vide
216 2189 298 2248 ilhm
315 2188 479 2263 lugientem
492 2187 670 2262 intelligere,
685 2187 736 2260 qui
761 2187 803 2245 ait
819 2205 827 2244 ι
844 2211 858 2240 «
872 2187 964 2245 'l'one-
1019 2187 1122 2245 Nonne
1137 2187 1216 2245 buno
1229 2186 1329 2246 locum
1345 2194 1467 2248 meatus
1480 2191 1526 2246 est
1537 2186 1647 2246 Paulus
1661 2192 1697 2244 ut
1720 2188 1830 2247 diceret
1846 2202 1855 2246 ι

127 2285 188 2342 bre
204 2279 335 2355 operiunt
348 2281 439 2346 meet
454 2278 647 2336 circumdant
663 2276 792 2349 parietes
807 2294 814 2333 ι
831 2275 966 2349 quiescit
1020 2299 1034 2327 a
1052 2274 1155 2332 lulelix
1170 2293 1222 2351 ego
1237 2276 1349 2334 homol
1366 2277 1434 2352 qula
1449 2293 1496 2334 me
1511 2275 1649 2334 liberabit
1672 2277 1710 2334 de
1733 2291 1863 2351 corpore

127 2391 167 2431 sn
191 2371 285 2430 videet
309 2366 455 2426 Dominus
470 2366 553 2440 (decl.
574 2383 662 2436 xxviv,
689 2365 756 2438 26)‘l
781 2390 795 2416 υ
819 2366 881 2423 Νοιι
904 2365 966 2422 vult
1021 2365 1126 2421 mortis
1140 2364 1250 2438 hujus?
1264 2365 1366 2424 Gratia
1380 2366 1432 2424 Dei
1447 2365 1614 2438 pertesum
1628 2365 1781 2425 Christum
1795 2369 1854 2422 Do·

127 2461 209 2521 enim
224 2473 350 2533 quarere
363 2460 391 2514 at
406 2455 547 2525 invenire,
561 2455 646 2528 quod
663 2453 742 2510 Deus
755 2453 855 2511 omnia
869 2453 968 2510 videat
1021 2451 1137 2509 minum
1163 2456 1299 2510 nostrum
1320 2455 1409 2527 (Rom.
1438 2472 1489 2523 vn,
1515 2457 1561 2522 24,
1591 2454 1648 2528 25).
1673 2478 1688 2506 a
1704 2455 1760 2514 Ubi
1775 2454 1855 2513 enim

128 2557 219 2625 atque
242 2549 398 2622 cognoseat
412 2561 421 2600 t
437 2561 474 2602 ne
497 2549 578 2603 metu
604 2541 780 2601 retrahatur
799 2542 964 2600 acrimina.
1020 2557 1106 2599 mene
1121 2541 1253 2598 bumana
1265 2543 1417 2611 turbatur,
1428 2548 1458 2601 ot
1466 2542 1661 2600 certaminum
1677 2545 1753 2602 dura
1766 2549 1856 2616 atque

127 2641 203 2698 Vide
232 2652 329 2712 regem
350 2633 450 2692 achab
474 2637 623 2707 petentem
649 2649 667 2690 a
691 2631 827 2688 Nabutbe
848 2631 964 2687 vineam
1021 2646 1190 2704 asperanos
1206 2630 1469 2703 fatigant,llomini
1484 2630 1626 2688 auxilium
1641 2632 1854 2706 postulandum

129 2733 199 2806 ejus
216 2740 412 2802 :cognoscere
433 2723 662 2796 respondentem
678 2719 763 2777 illum
781 2739 786 2777 :
805 2743 819 2771 ι
835 2718 919 2775 Absit
933 2723 966 2774 ut
1020 2723 1075 2776 est.
1093 2719 1218 2792 ldeoque
1232 2735 1395 2778 conversus
1411 2721 1448 2779 ad
1465 2721 1631 2790 Dominum,
1647 2720 1749 2794 ipsum
1771 2721 1854 2778 invo-

129 2819 236 2881 oedam
268 2812 468 2879 hereditatam
501 2815 619 2886 patrum
656 2825 789 2868 meorum
825 2811 874 2882 (lll
900 2809 963 2880 lteg.
1020 2812 1067 2863 eat
1081 2813 1110 2863 ot
1123 2806 1271 2880 implorat,
1299 2813 1334 2866 ut
1359 2808 1561 2868 laborantibus
1584 2811 1704 2883 adjutor
1721 2798 1854 2870 assistat.

128 2927 190 2978 xxi,
204 2905 243 2980 3).
263 2928 276 2956 a
290 2899 478 2978 Nondebuit
500 2899 664 2974 intelligere
688 2899 766 2970 quod
787 2899 872 2971 justa
892 2896 964 2953 rele-
1020 2895 1220 2953 Misericordia
1242 2912 1313 2971 ergo
1338 2899 1464 2972 petenda
1489 2899 1525 2958 de
1538 2899 1611 2957 ocelo
1625 2903 1681 2970 eet,
1696 2903 1727 2956 et
1746 2899 1855 2958 veritae

130 2995 234 3056 rebat?
248 3018 262 3046 a
279 2992 338 3052 Sed
361 2989 456 3050 noluit
481 2986 645 3062 intelligere
671 2991 703 3042 ut
728 2986 803 3044 bone
823 2987 932 3060 ageret,
950 3005 964 3034 o
1019 2983 1071 3040 llei
1085 3001 1120 3040 ex
1135 2983 1347 3056 prophetarum
1359 2987 1487 3045 oraculis
1501 2987 1678 3062 colligenda,
1695 2987 1748 3061 qui
1766 2988 1854 3062 quasi

129 3092 161 3146 et
175 3085 273 3144 alicus
287 3098 347 3139 non
362 3082 383 3140 t
389 3079 440 3138 72
454 3076 673 3152 quareretNen
685 3073 788 3132 debuit
803 3073 965 3146 intelligere
1020 3074 1114 3130 nubes
1137 3072 1278 3146 mysteria
1302 3075 1407 3137 divine
1426 3076 1604 3152 cognitionis
1627 3077 1852 3152 obtexentes).

129 3175 213 3251 quod
227 3188 295 3230 vero
309 3167 386 3226 llli'ee
400 3167 459 3226 Deo
474 3165 632 3233 serviebat,
647 3181 716 3220 amn
730 3165 843 3222 videret
856 3164 886 3220 in
901 3177 964 3220 ver·
1018 3161 1121 3218 Posuit
1134 3162 1213 3219 enim
1228 3164 1367 3222 tenebrae
1383 3168 1458 3224 m
1475 3172 1551 3224 Deua
1564 3165 1727 3225 latibulum
1750 3183 1852 3239 suum,

129 3267 171 3323 be
195 3261 266 3320 llliee
288 3258 420 3317 clausum
446 3254 552 3314 omium
580 3254 675 3312 tribus
700 3254 786 3310 annis
810 3257 840 3309 et
866 3245 998 3314 tribusG
1017 3254 1052 3307 ut
1069 3251 1166 3324 primo
1180 3249 1311 3323 pluviam
1336 3255 1468 3329 mystica
1491 3254 1804 3331 tortilitatisaoeipias,
1820 3262 1850 3315 et

131 3351 300 3419 mensibus,
315 3351 343 3406 et
357 3347 393 3406 ad
410 3361 510 3420 preces
525 3345 590 3418 ejus
604 3340 719 3416 pluviae
734 3357 799 3400 esee
819 3339 964 3397 demissae
1019 3344 1090 3396 tuno
1104 3340 1221 3396 inlusus
1236 3356 1302 3398 rore
1326 3341 1435 3401 coeleeti
1450 3345 1595 3418 fulgorem
1620 3349 1756 3404 reserate
1775 3345 1851 3404 lucie

137 3447 172 3500 ut
193 3440 277 3498 arida
291 3435 391 3496 omnia
405 3435 594 3509 rigarentur?
608 3430 665 3490 Sed
680 3427 776 3488 noluit
791 3427 964 3501 intelligere,
1020 3444 1175 3502 agnoscas,
1195 3431 1229 3485 ut
1250 3431 1348 3502 possis
1363 3432 1460 3490 dicere
1476 3450 1483 3490 ι
1503 3457 1514 3483 ι
1530 3433 1572 3490 lix
1586 3432 1771 3508 plenitudine
1784 3436 1851 3508 ejus

136 3548 175 3590 ne
189 3527 344 3604 perfidiam
360 3524 578 3589 condemnaret,
587 3521 760 3592 sequeretur
774 3518 874 3574 iidem.
1020 3515 1188 3589 accepimus
1202 3519 1299 3584 (loon.
1316 3537 1335 3587 1,
1352 3521 1407 3593 lo).
1421 3543 1433 3571 ι
1446 3522 1518 3588 Quis
1532 3522 1612 3579 enim
1627 3528 1724 3596 poma
1737 3527 1851 3584 ,amu

171 3621 214 3677 ιο,
246 3618 331 3692 (Vera.
362 3614 403 3687 5.)
427 3611 502 3679 Quin
528 3610 617 3670 etiem
643 3630 658 3659 ι
685 3605 875 3681 Iniquitatem
905 3619 965 3660 me·
1020 3605 1072 3662 Dei
1097 3603 1182 3660 facile
1203 3607 1462 3678 comprehendere,
1492 3610 1578 3682 cujus
1599 3633 1615 3662 ι
1636 3611 1849 3684 justitiaeicut

130 3711 245 3768 ditatus
259 3710 305 3764 est
319 3705 350 3761 in
367 3699 456 3760 cubili
472 3717 538 3772 suo,
554 3721 568 3752 a
585 3698 636 3756 ubi
650 3712 753 3754 verum
769 3709 899 3770 querere
915 3692 966 3750 de·
1022 3697 1139 3751 mentae
1153 3691 1216 3760 nei,
1234 3715 1249 3744 »
1263 3695 1308 3750 vel
1324 3697 1413 3769 (sieut
1434 3695 1543 3770 Aquila
1565 3701 1676 3771 poenit)
1691 3723 1707 3752 «
1722 3705 1755 3758 ut
1769 3718 1851 3758 mon·

127 3797 255 3856 buisset.
267 3796 299 3852 ln
314 3791 462 3851 cubilibus
477 3789 557 3846 enim
572 3801 773 3860 compungere
788 3800 844 3844 nos
861 3781 969 3840 debent
1022 3787 1068 3839 tes
1087 3779 1192 3848 validi;
1208 3801 1222 3830 o
1239 3797 1273 3838 eo
1298 3783 1376 3855 quod
1399 3785 1502 3840 valida
1525 3784 1644 3843 virtutis
1667 3787 1755 3861 plena
1777 3804 1851 3862 pra-

126 3892 233 3946 nostra
248 3885 447 3959 peccate,non
462 3878 492 3934 in
507 3878 581 3952 ipsis
596 3875 793 3947 delinquendo
809 3870 967 3943 committi,
1023 3875 1107 3942 cepto
1122 3869 1193 3926 sint.
1211 3868 1292 3926 Unde
1308 3876 1337 3928 et
1348 3871 1506 3945 Apostolus
1519 3872 1699 3930 videneessa
1713 3874 1855 3930 sublimia

19 4031 20 4034 ,
126 3977 249 4034 dicente
278 3971 425 4046 Propheta
454 3987 460 4026 :
493 3989 507 4020 a
533 3969 600 4035 Quae
635 3963 733 4022 dicitis
766 3963 796 4018 in
829 3959 970 4019 cordibus
1024 3973 1088 4032 que
1103 3956 1224 4026 audivit,
1240 3959 1373 4017 dicit20
1393 3959 1519 4017 altitudo
1542 3960 1713 4018 divitiarum
1737 3960 1854 4034 sapien-

128 4064 249 4132 vestris,
280 4065 309 4120 at
345 4061 375 4118 in
411 4056 559 4116 eubilibus
592 4053 698 4114 vestris
733 4047 970 4126 compungimini
1023 4045 1248 4104 tiastscientior
1263 4049 1330 4106 Deit
1348 4048 1857 4123 quaminscratabiliasuntjudieie

128 4154 220 4230 (pm,
238 4169 277 4220 w,
295 4151 346 4223 5,),
364 4171 377 4199 a
1024 4137 1090 4209 ejus
1104 4139 1134 4191 et
1146 4135 1365 4210 investigabiles
1378 4136 1431 4194 vie
1446 4136 1528 4211 ejuai
1543 4136 1615 4203 Quia
1630 4139 1710 4197 enim
1721 4138 1857 4213 cognovit

172 4243 217 4299 17.
235 4265 248 4292 ιι
264 4238 377 4310 Astitit,
392 4235 499 4310 lnquit,
516 4233 596 4290 omni
619 4233 671 4287 vie
699 4247 755 4288 non
772 4231 866 4300 bona,
882 4225 969 4284 mali·
1024 4240 1146 4284 sensum
1167 4226 1305 4282 Domini?
1327 4231 1387 4284 eut
1411 4226 1478 4298 quie
1501 4225 1690 4285 consiliarius
1713 4227 1779 4298 elue
1798 4225 1867 4284 init·

135 4333 212 4388 tiam
234 4333 332 4386 autem
362 4342 420 4384 non
445 4321 560 4380 babuit.
592 4320 693 4377 »Non
718 4318 797 4376 enim
824 4313 971 4373 immerito
1025 4316 1113 4388 (liena
1128 4331 1168 4382 xa,
1183 4313 1229 4382 33,
1245 4316 1312 4387 titt
1328 4337 1343 4364 o
1365 4314 1558 4371 Altitudinem
1574 4314 1672 4389 itaque
1682 4314 1853 4373 divitiarum

135 4421 253 4494 iniusta
280 4415 449 4482 meditatur,
465 4411 515 4485 qui
539 4410 568 4467 in
594 4411 640 4466 via
665 4405 772 4466 erroris
795 4403 920 4472 assistit,
943 4405 971 4458 et
1025 4402 1174 4476 sapientie
1199 4403 1297 4460 retulit
1323 4404 1361 4460 ad
1386 4401 1572 4460 altitudinem
1597 4404 1754 4462 montium.
1776 4403 1853 4462 Audi

135 4507 285 4568 malitiam
300 4503 407 4578 diligit,
424 4516 512 4576 quam
529 4499 628 4557 odisse
644 4497 771 4554 deberet.
793 4493 863 4551 Plus
887 4491 971 4557 dixit,
1027 4507 1153 4564 quoram
1168 4491 1324 4551 montium.
1342 4493 1407 4565 lpse
1422 4491 1501 4548 enim
1517 4492 1567 4549 Dei
1583 4493 1674 4550 Filius
1689 4510 1776 4552 mone
1790 4509 1854 4552 ma·

139 4625 152 4652 ·
174 4598 269 4656 nstitit
284 4613 292 4651 ι
309 4617 322 4647 ι
340 4593 425 4668 quasi
437 4590 615 4665 iamdudum
641 4587 670 4642 in
686 4585 733 4641 via
748 4581 895 4656 nequitiae,
910 4580 974 4636 diu·
1027 4597 1104 4655 gnus
1127 4583 1189 4650 est;
1214 4585 1244 4640 et
1266 4580 1331 4637 ideo
1355 4579 1481 4638 ascende
1504 4580 1535 4636 in
1560 4580 1640 4638 bunc
1654 4586 1785 4640 montem
1801 4583 1853 4656 qui

132 4697 228 4748 turns
242 4684 378 4754 statione,
394 4682 573 4757 parmaneat.
591 4675 642 4735 lile
656 4675 735 4733 enim
751 4673 856 4728 beatus
873 4669 925 4743 qui
940 4668 970 4725 in
1026 4668 1208 4743 evangelizae
1236 4669 1305 4726 Sion
1334 4670 1399 4740 (leo.
1422 4686 1468 4739 xc,
1492 4670 1532 4741 t),
1558 4676 1591 4726 ut
1619 4674 1679 4729 stes
1702 4671 1853 4728 radicatus

26 4803 28 4837 ι
130 4779 184 4836 via
200 4778 386 4851 peecatorum
401 4787 460 4828 non
476 4767 652 4839 stetit(l’snl.
671 4783 690 4832 1,
708 4763 746 4836 l),
763 4778 821 4818 non
837 4760 863 4816 is
878 4757 970 4832 quiin
1026 4763 1055 4814 et
1087 4757 1238 4831 plantatus
1270 4757 1301 4814 in
1331 4758 1458 4815 Christo.
1487 4758 1539 4814 liet
1564 4774 1651 4816 mone
1685 4758 1770 4831 quasi
1802 4772 1854 4812 sa·

26 4873 28 4910 ἐ
132 4859 527 4926 eastaranondeeinnt.llt
551 4857 614 4913 ideo
639 4850 971 4928 primapreceptasuut
1025 4847 1137 4921 pientia
1167 4847 1226 4914 Dei,
1248 4852 1294 4905 est
1318 4863 1404 4904 mons
1432 4847 1517 4920 quasi
1542 4846 1671 4919 justitia,
1695 4850 1741 4903 est
1766 4860 1853 4902 mone

27 4969 29 4982 ·
133 4953 235 5017 sancti
250 4951 396 5028 propheta
411 4948 513 5016 David,
530 4943 713 5017 impietatem
732 4941 843 5013 lugere,
860 4937 890 4993 in
905 4951 970 5010 peo·
1026 4936 1111 5009 quasi
1129 4934 1253 4991 seientia
1278 4935 1336 5006 Dei,
1361 4941 1406 4993 eet
1430 4952 1515 4994 mone
1538 4935 1623 5010 quasi
1648 4933 1852 5001 sanctificatio,

27 5023 30 5054 ³
132 5049 207 5106 nato
221 5059 280 5100 non
296 5045 383 5108 stare,
399 5039 429 5095 in
445 5036 508 5110 lege
523 5032 679 5099 meditari;
697 5033 730 5086 ut
744 5027 893 5101 intelligas
907 5042 970 5100 qua
1025 5029 1071 5082 est
1093 5041 1179 5081 mone
1207 5025 1292 5098 quasi
1316 5025 1491 5100 redemptio,
1515 5028 1561 5082 set
1589 5039 1674 5081 mone
1697 5022 1783 5095 quasi
1810 5039 1853 5080 re·

132 5139 220 5194 bona
244 5133 325 5200 eunt,
353 5133 382 5187 et
400 5129 483 5201 justa
509 5128 598 5197 atque
621 5121 736 5193 injusta
764 5131 910 5174 secernas.
938 5115 969 5171 ln
1026 5113 1182 5171 svrmeetio.
1206 5115 1422 5172 Demonstravit
1445 5113 1533 5172 nobis
1555 5111 1609 5168 boe
1633 5113 1749 5168 montes
1772 5109 1852 5168 Scri·

133 5221 281 5282 omnibus
296 5218 386 5293 igitur
407 5213 490 5272 radix
513 5215 558 5269 est
581 5207 743 5284 spectanda
766 5203 917 5280 gignendi,
933 5218 970 5258 no
1025 5205 1122 5275 ptura,
1153 5219 1216 5275 que
1245 5203 1365 5259 dixit:«
1383 5205 1414 5258 ln
1438 5200 1503 5274 ipso
1532 5203 1629 5256 mrtem
1652 5215 1705 5256 vos
1728 5199 1801 5284 estis
1820 5199 1851 5256 in

30 5331 31 5346 ι
134 5329 208 5372 eam
223 5307 337 5366 inutilis
347 5306 384 5364 ab
395 5303 513 5362 exordio
528 5313 634 5359 succus
651 5292 971 5368 inficiatgrovioroque
1025 5289 1141 5348 Christo
1154 5291 1236 5360 lesu,
1253 5290 1303 5364 qui
1318 5291 1413 5347 lactus
1426 5291 1471 5346 cst
1486 5287 1630 5362 sapientia
1651 5286 1736 5344 nobie
1752 5292 1852 5361 aDoo,

137 5399 238 5462 multo
258 5401 337 5466 sunt,
353 5395 518 5454 animorum
543 5389 625 5457 vitia,
651 5401 739 5460 quam
764 5378 969 5456 virgultorum.
1025 5381 1055 5435 et
1064 5379 1192 5454 justitia,
1218 5384 1247 5435 et
1272 5376 1475 5445 sanctificatio,
1490 5381 1520 5433 et
1538 5375 1700 5449 redemptio
1715 5376 1740 5449 (l
1754 5378 1815 5437 Cor.
1831 5395 1852 5448 1,

32 5535 33 5548 ,
135 5488 313 5551 Cavendum
327 5501 396 5559 ergo
420 5500 477 5557 pree
502 5478 674 5543 catoniana
699 5473 829 5530 humano
853 5468 971 5542 ingenio
1026 5467 1156 5542 30).aVel
1171 5467 1241 5541 quie
1255 5465 1369 5540 angelis
1379 5464 1502 5537 angelus
1517 5465 1611 5522 lactus
1625 5468 1672 5522 est
1686 5465 1734 5522 Dei
1749 5465 1853 5536 Filius,

135 5577 264 5642 malitie
279 5591 351 5634 usus
365 5572 517 5640 inolescat,
532 5575 621 5643 atquo
641 5563 738 5621 omnis
750 5564 821 5618 atas
834 5560 972 5618 secutura
1026 5557 1178 5635 prophetie
1200 5553 1359 5633 propbeta;
1387 5555 1474 5628 cujus
1492 5553 1606 5630 judicia
1629 5554 1706 5618 siout
1730 5556 1855 5634 abyssos

180 5723 238 5809 (72)
254 5719 324 5783 tter.
340 5717 461 5796 aliquot,
476 5715 581 5778 divine
591 5707 771 5787 statutionis
783 5703 928 5769 nieme.
985 5761 987 5766 ,
