4159 6184
156 328 234 396 iare
715 320 940 386 suinaiiio
962 319 1004 383 iii
1027 320 1222 386 rstiuuii
1244 326 1320 387 ixi.
1398 286 1404 292 ’
1790 324 1868 387 isio

152 458 328 519 estimatur.
346 458 449 531 ltaque
465 456 527 531 lpse
542 472 575 515 eo
591 470 684 527 iisque
700 472 731 515 se
741 456 891 515 hominem
901 454 981 513 credi
997 454 1025 522 Α
1040 457 1187 527 suscepta,
1202 471 1263 514 non
1277 474 1312 515 ex
1328 460 1385 513 Deo
1399 457 1482 513 Patre
1497 459 1566 514 nata
1581 474 1588 514 ε
1606 473 1777 531 quanquam
1798 458 1865 531 ipae

153 552 281 620 volebat,
297 565 366 607 oum
381 547 563 616 lleusesset,
580 549 614 603 ut
641 563 672 605 se
700 546 860 621 appellaret
887 546 984 604 homi·
1042 544 1188 615 subjectio
1210 546 1312 603 nonin
1340 546 1436 619 specie
1461 545 1582 618 quidem
1611 546 1791 604 infirmitatis
1818 546 1869 615 sit,

154 658 223 699 nam
238 640 362 699 dicens:
380 660 395 690 «
412 638 489 705 Quid
505 654 550 695 me
566 635 697 709 queritis
721 638 863 705 occidere,
891 635 986 694 homi·
1042 632 1140 689 sedin
1162 636 1329 709 operatione
1356 634 1483 705 virtutis,
1513 636 1746 711 dispensationis
1772 632 1867 707 magis

152 745 221 787 nem
239 729 289 803 qui
305 728 462 787 veritatem
477 726 594 787 loculus
609 742 675 785 suni
691 726 773 783 vohis
805 726 893 798 (ioco.
920 742 984 793 viii,
1042 722 1226 795 temporarie
1249 724 1359 781 arbitra
1373 725 1441 796 (32),
1468 741 1558 797 quam
1586 728 1726 799 perpetuo
1752 720 1870 783 servitio

150 820 199 889 ιθ)
215 820 229 877 ‘i
243 819 301 877 Neo
315 817 413 877 solum
429 816 593 881 hominem,
610 816 662 875 sed
678 816 766 873 atiein
782 816 876 873 illium
891 814 986 873 homi·
1008 870 1011 876 ,
1042 812 1220 885 mancipata.
1239 813 1322 871 Unde
1334 817 1363 870 et
1377 813 1418 870 ait
1433 831 1439 869 :
1456 836 1471 865 ii
1485 814 1588 872 Nonno
1601 815 1660 884 Deo
1674 813 1796 872 subdita
1815 811 1872 869 erit

152 907 199 965 nis
215 908 332 975 diceret,
348 904 429 965 sicut
445 906 487 963 nit
503 924 510 963 ε
527 928 541 958 ii
557 906 633 971 Ouid
650 906 812 963 medicant
839 922 903 963 esse
931 905 984 961 ho·
1041 899 1142 957 anima
1158 918 1223 959 mea
1236 902 1250 958 ‘l
1265 923 1279 955 ii

152 996 248 1055 mines
259 997 352 1053 silium
367 994 502 1053 hominis
518 994 622 1067 (diutili.
638 1012 696 1063 xvi,
715 994 758 1067 13)
774 995 787 1051 ι
805 1018 818 1045 »ι
842 995 924 1053 Unde
935 994 985 1051 ille
1076 989 1103 1045 7.
1118 990 1174 1048 Cui
1190 990 1270 1058 dixit,
1287 991 1351 1059 erit,
1368 990 1394 1047 si
1417 992 1599 1064 sempiterna
1626 992 1771 1065 subjectio
1798 990 1871 1049 eat‘l

152 1102 302 1145 sumniam
317 1088 418 1143 tenere
432 1084 502 1141 fidei
518 1082 725 1158 pronuntiatus
739 1088 794 1147 est,
811 1082 905 1156 quiet
932 1083 984 1141 Dei
1041 1077 1098 1133 Sed
1114 1079 1184 1152 quia
1199 1079 1289 1137 Filius
1313 1080 1364 1135 Dei
1390 1079 1440 1152 qui
1468 1079 1644 1153 loquebatur
1672 1086 1801 1139 retornus
1826 1083 1872 1137 est

151 1171 405 1249 filiumcognovit,
437 1177 466 1230 at
494 1173 646 1231 hominem
675 1189 733 1229 non
763 1172 888 1247 negavit.
919 1174 984 1245 lpse
1040 1166 1172 1225 animani
1186 1172 1284 1226 autem
1300 1168 1430 1243 suscepit
1444 1185 1479 1227 aa
1492 1172 1635 1245 tempore,
1652 1172 1718 1229 ideo
1737 1172 1869 1229 futuram

153 1262 421 1335 igiturutrumque
452 1280 541 1329 unus,
570 1261 777 1335 inseparabilis
806 1278 928 1319 numero
956 1266 985 1319 et
1040 1256 1373 1328 subjectioncmauimae
1403 1274 1462 1315 suc
1490 1260 1570 1319 dicit.
1597 1266 1651 1319 Fer
1675 1261 1774 1334 ipsam
1802 1274 1871 1333 ergo

153 1354 361 1425 agnoscendus
391 1352 489 1423 operis
517 1350 715 1420 distinctione,
747 1368 804 1407 non
843 1350 983 1408 varietate
1038 1345 1215 1415 ohedientia,
1232 1364 1284 1420 per
1302 1346 1398 1420 ipsam
1413 1347 1566 1407 humilitas
1582 1368 1590 1419 ;
1606 1368 1671 1424 que
1685 1354 1788 1408 tamea
1812 1365 1871 1407 non

152 1457 295 1513 personae.
326 1442 388 1499 Non
404 1441 489 1497 enirn
506 1440 580 1497 alter
594 1458 629 1498 eii
644 1441 737 1509 Patre,
753 1444 782 1497 et
796 1440 982 1499 altoreille·
1039 1434 1447 1508 ndinfirmitatcmpotentiae
1476 1444 1614 1511 suscepta
1640 1444 1722 1511 sunt,
1752 1438 1806 1496 sed
1833 1438 1870 1495 ad

153 1526 197 1583 rio
213 1544 220 1582 :
239 1529 290 1585 sed
307 1529 356 1600 qui
374 1531 437 1585 eost
465 1544 500 1583 ex
526 1528 619 1593 Putre,
647 1544 764 1585 curnem
792 1528 920 1601 sumpsit
948 1544 982 1585 ex
1039 1523 1243 1595 magisterium
1256 1517 1585 1599 disciplinae.lpseenim
1600 1528 1748 1586 Dominus
1770 1528 1870 1598 Jesufl,

152 1616 276 1691 virgine
294 1635 301 1674 :
318 1617 455 1673 ellectum
470 1616 632 1688 assumpsit
659 1631 693 1671 eii
722 1620 825 1683 matre,
842 1622 875 1674 ut
903 1618 982 1674 infir·
1038 1634 1052 1663 υ
1067 1618 1227 1669 comesset
1241 1612 1272 1668 in
1286 1614 1336 1669 Dei
1354 1615 1457 1683 torma,
1474 1632 1531 1673 non
1547 1617 1683 1691 rapinam
1708 1617 1872 1675 arbitratus

153 1712 272 1769 mustos
288 1709 405 1763 nostros
422 1703 485 1775 ipse
500 1704 673 1776 susciperet.
691 1704 772 1763 Unde
789 1705 830 1761 ait
858 1706 981 1780 propho-
1037 1704 1082 1755 est
1096 1718 1161 1758 esse
1175 1718 1206 1757 se
1221 1702 1364 1774 equalem
1379 1704 1436 1761 Deo
1453 1723 1460 1771 ;
1476 1707 1527 1761 sed
1555 1708 1754 1781 semetipsum
1774 1707 1873 1765 erina-

155 1804 205 1859 to:
223 1820 237 1849 ii
254 1799 289 1853 si
308 1810 361 1867 pro
377 1790 462 1849 nohis
478 1790 556 1849 dolet
571 1793 628 1863 (lio
643 1808 703 1860 aiii,
732 1794 768 1865 t).
787 1815 800 1845 ii
830 1796 979 1862 Quomodo
996 1829 1021 1894 B
1037 1787 1120 1859 nivii,
1135 1790 1261 1846 formam
1277 1792 1353 1848 servi
1367 1792 1525 1864 accipiens,
1536 1794 1567 1849 iii
1581 1795 1811 1852 similitudinem
1822 1795 1871 1853 ho·

151 1887 271 1945 dolebat
286 1899 351 1941 meo
366 1880 476 1952 doloro,
492 1882 517 1939 si
542 1898 641 1939 meum
671 1898 728 1939 non
753 1884 871 1955 gerebat
897 1885 982 1943 aues.
1038 1877 1153 1933 minum
1169 1878 1275 1949 iectus,
1290 1879 1320 1936 in
1335 1880 1432 1953 specie
1448 1881 1585 1939 inventus
1598 1886 1632 1939 nt
1645 1882 1737 1940 honio
1750 1900 1756 1941 :
1770 1884 1870 1943 humi-

150 1979 215 2033 tum
228 1974 243 2029 ‘i
258 1995 271 2025 o
288 1971 393 2035 Homo,
407 1968 512 2041 inquit,
528 1969 558 2025 io
574 1970 671 2043 plaga,
688 1974 717 2029 et
732 1971 827 2029 scions
844 1974 918 2031 forre
933 1975 980 2031 jn.
1036 1965 1118 2023 lieiiit
1131 1968 1334 2041 semetipsum,
1350 1969 1444 2027 iactus
1454 1970 1594 2028 obediens
1606 1987 1703 2044 usquo
1719 1973 1758 2029 ad
1789 1989 1869 2032 mor·

149 2063 323 2123 firmitatem
339 2057 420 2131 (illd.
437 2058 474 2129 3),
491 2080 505 2110 >i
1036 2059 1097 2112 tem
1114 2052 1249 2129 (Philipp.
1265 2074 1297 2125 ii,
1312 2059 1329 2112 6
1343 2058 1381 2130 8).
1396 2079 1410 2107 ii
1426 2059 1508 2116 Sicut
1521 2060 1680 2133 Apostolus
1696 2062 1781 2131 dicit,
1810 2080 1868 2121 non

121 2170 126 2181 ¹
183 2156 211 2211 6,
230 2146 787 2223 ltaquequasihomoinllrmatusost,
819 2151 902 2224 quasi
931 2153 980 2210 ho·
1030 2146 1134 2218 jugem
1150 2149 1370 2220 elperpetuam,
1383 2149 1868 2224 sedtemporalemsubjectionem

149 2238 446 2305 m0u0101t;etnos
468 2236 554 2308 quooi
584 2236 733 2293 hominem
767 2240 979 2299 ostimovimus
1034 2235 1342 2307 cupiensdeolariire:
1365 2236 1867 2313 qualissitsusceptacumcarne,

21 2292 30 2331 Ι
148 2347 217 2389 euin
233 2344 299 2389 esse
313 2326 343 2381 in
359 2323 509 2383 doloribus
526 2342 532 2393 ;
549 2326 600 2383 scd
616 2326 700 2396 quasi
719 2326 810 2383 victor
824 2329 977 2387 infirmita·
1033 2326 1062 2377 el
1076 2323 1210 2394 (Ῐθβῦθῑῖι
1224 2341 1291 2380 Cum
1307 2324 1400 2397 ἰ[15ῑῦ8
1415 2327 1545 2398 ⁰⁰il³0ii³
1566 2330 1709 2386 Sillim
1733 2331 1802 2404 (33).
1819 2331 1867 2389 Sic

149 2424 225 2487 tum,
241 2432 300 2475 non
316 2412 539 2471 infirmitatibus
554 2413 659 2480 victus,
675 2432 727 2487 pro
743 2416 827 2473 nohis
843 2435 899 2474 non
925 2436 977 2492 pro
1033 2411 1121 2467 eliam
1139 2412 1174 2468 cd
1192 2413 1327 2469 Hebraeos
1343 2414 1556 2487 scriptumest.
1572 2421 1645 2473 Nam
1660 2433 1733 2475 cum
1761 2436 1867 2493 propo-

148 2524 180 2565 se
195 2504 314 2563 dolebat
331 2522 337 2571 ;
353 2507 382 2559 et
398 2502 566 2559 infirmatus
580 2512 624 2561 est
640 2520 697 2560 iion
713 2510 831 2577 propter
846 2524 909 2578 sua,
925 2510 976 2565 sed
1033 2501 1141 2557 suisset
1156 2502 1333 2576 exemplum,
1347 2504 1450 2561 dicens
1466 2521 1473 2559 :
1490 2528 1505 2555 «
1536 2506 1580 2560 Tu
1608 2523 1640 2562 ca
1666 2508 1808 2565 sacerdos
1834 2508 1866 2565 ln

146 2598 268 2670 proptor
282 2596 382 2651 nostra
397 2594 524 2664 peceato,
542 2596 639 2649 utnos
655 2610 708 2649 suo
733 2594 820 2651 livore
848 2601 974 2653 sonaret,
1032 2594 1184 2658 eternum,
1201 2593 1365 2648 secundum
1380 2593 1513 2649 ordinem
1529 2594 1747 2653 Melchisedech
1777 2598 1863 2670 (Ptol.

146 2686 222 2753 Quid
241 2680 581 2756 utiquceatiihomoin
607 2680 703 2755 plagii,
720 2687 748 2740 et
777 2684 872 2741 sciens
902 2687 976 2743 seire
1031 2678 1238 2746 cix‚i;iietr.
1256 2696 1283 2746 v,
1301 2681 1338 2750 6),
1357 2680 1605 2754 »subjecitidem
1621 2681 1753 2741 Paulus:
1770 2707 1786 2735 ii
1807 2685 1863 2750 Qui

147 2772 364 2839 infirmitatem,
381 2792 395 2821 ii
412 2769 469 2827 nisi
490 2769 560 2841 quio
575 2770 666 2843 plogo
683 2771 810 2829 habebut
838 2790 975 2846 compos.
1030 2767 1061 2823 in
1076 2768 1181 2825 diebus
1195 2769 1292 2825 carnis
1307 2786 1407 2842 preces
1421 2773 1451 2825 et
1464 2770 1698 2844 supplicationes
1725 2773 1864 2832 adhibuit

144 2862 285 2923 sionem?
301 2862 359 2917 Aut
374 2858 522 2939 quomodo
537 2859 648 2917 sciebat
664 2860 736 2917 serre
760 2860 973 2933 infirmitatem,
1029 2855 1056 2911 ei
1071 2857 1120 2929 qul
1137 2860 1235 2930 posset
1249 2856 1373 2915 liberare
1387 2874 1455 2913 ³¹¹1ss
1470 2859 1506 2915 dc
1521 2863 1624 2927 ιιιῡιῑθ,
1648 2876 1720 2918 vum
1754 2878 1862 2937 migne

146 2953 172 3007 si
188 2968 309 3011 sensum
326 2947 507 3005 infirmitatis
522 2947 706 3007 excluserat?
721 2952 802 3017 Quod
817 2951 895 3008 enim
911 2968 975 3024 por·
1028 2960 1097 3001 V⁰0⁰
1111 2949 1140 3002 0²
1154 2945 1291 3019 18013ιῦίῦ
1306 2964 1312 3000 ²
1329 2950 1359 3003 et
1373 2947 1530 3006 θῑῑῑῑιᾶῐῑῦθ
1542 2950 1579 3005 ib
1592 2948 1642 3006 11¹⁰
1658 2954 1752 3007 metu.
1765 2954 1861 3020 Quan-

146 3045 257 3109 tamus‚
273 3040 498 3110 hocprooncl'c
522 3038 715 3097 sustinemus,
745 3040 879 3113 Suscepit
904 3057 973 3115 orgo
1029 3050 1119 3106 quam
1134 3040 1212 3092 essct
1227 3034 1332 3103 Filitn,
1350 3034 1453 3093 didicit
1463 3053 1498 3093 ex
1527 3037 1653 3111 hisquae
1679 3055 1788 3111 puseus
1814 3047 1860 3101 cti

146 3132 267 3204 peccato
282 3130 393 3193 nostru,
413 3130 446 3183 ut
473 3131 624 3213 portaret:
656 3129 785 3202 suscepit
813 3129 913 3198 etiam,
941 3135 973 3188 ut
1027 3124 1223 3180 obedientiam
1240 3128 1524 3184 :ciconsummalus
1539 3127 1859 3201 obtemperantibuesl-

26 3215 30 3229 ”
145 3220 297 3292 purgaret.
314 3213 444 3288 Denique
459 3216 601 3289 scriptum
618 3221 681 3273 est:
700 3240 713 3269 ii
729 3222 762 3273 Et
777 3223 894 3289 peccata
921 3200 1007 3275 eo-C
1027 3213 1058 3270 hi
1068 3230 1158 3271 caiisa
1170 3216 1262 3271 laetus
1272 3218 1317 3271 est
1332 3214 1436 3271 salutis
1451 3219 1856 3279 eieinmvoeaiusaueosa-

15 3296 31 3331 '‘
145 3324 212 3365 rum
229 3308 293 3380 ipse
309 3304 444 3379 purgavit
459 3304 526 3377 (30).
550 3304 616 3362 Ideo
632 3303 694 3377 ipse
721 3304 891 3362 hereditate
907 3324 973 3378 pos·
1028 3304 1131 3361 cerdos
1145 3304 1309 3360 secundum
1323 3303 1457 3360 ordinem
1470 3304 1683 3364 Melchisedech
1711 3308 1803 3381 (deti.
1827 3327 1855 3381 v,

15 3382 30 3423 ³
144 3394 253 3455 sidehit
266 3392 386 3461 multos,
403 3390 563 3449 etlortium
579 3390 721 3463 partietur
736 3389 973 3463 spoliatllii'd.11.
1028 3390 1118 3461 6-10).
1136 3414 1150 3441 >i
1166 3392 1269 3448 Nonne
1283 3392 1373 3464 igitur
1401 3392 1551 3451 evidenter
1577 3392 1718 3453 clamoiit
1735 3402 1857 3471 Aposto-
1914 3383 1929 3403 '

145 3480 498 3557 immitissimorum
527 3478 706 3551 triumphus,
738 3478 788 3535 iibl
817 3494 902 3535 mens
930 3478 974 3536 in·
1029 3476 1199 3543 lus,dicens
1218 3478 1558 3540 obedientiomillamet
1583 3482 1857 3547 humilitatemnon

144 3579 229 3630 terna
244 3571 416 3627 mundatur,
432 3567 514 3631 Quod
530 3570 628 3638 portat
641 3567 742 3639 igitur,
758 3569 795 3625 ud
824 3567 976 3625 remissio·
1030 3565 1194 3622 divinitatis
1210 3566 1312 3632 tuisse,
1330 3569 1382 3623 sed
1399 3570 1496 3627 carnis
1510 3571 1524 3625 ‘i
1539 3571 1622 3635 Quod
1636 3576 1716 3633 onim
1738 3576 1856 3649 dicitnr,

17 3653 37 3679 ·”
146 3678 215 3717 nem
235 3658 384 3731 pertinet;
413 3656 489 3714 ΟΠ
520 3656 598 3727 quod
626 3660 743 3729 purgat,
773 3657 810 3713 ad
826 3657 977 3715 correctio·
1030 3653 1260 3726 temporaleest.
1279 3653 1858 3739 Quasihomoergoexhisquispassua

147 3763 227 3804 neni.
276 3742 411 3815 Suscepit
438 3742 537 3815 itaque
560 3744 794 3817 compassionem
834 3749 975 3819 nostruin,
1031 3746 1086 3812 esi,
1101 3743 1203 3799 didicit
1217 3741 1429 3812 obedientiam
1446 3749 1744 3809 utconsummaretur
1757 3754 1788 3811 in
1798 3770 1859 3811 car·

146 3834 279 3908 suscepit
308 3836 336 3889 ot
350 3831 580 3903 subjectionem.
598 3834 678 3900 Quod
690 3836 769 3893 enim
781 3835 906 3906 subiecit
920 3836 977 3893 sihi
1032 3848 1079 3900 ne,
1093 3837 1122 3889 et
1136 3850 1188 3906 per
1202 3831 1373 3888 obedientie
1389 3834 1570 3892 transfusam
1584 3835 1615 3893 in
1631 3856 1684 3896 nos
1699 3844 1860 3899 successio-

146 3922 248 3981 omnia
262 3937 351 3979 suum
366 3924 411 3977 est
426 3937 433 3977 :
449 3922 527 3993 quod
544 3922 755 3994 subjectusest,
770 3928 904 3982 nostrum
919 3931 975 3996 est,
1033 3937 1101 3977 nem
1115 3939 1205 3979 censa
1219 3922 1300 3977 lieret
1314 3922 1400 3979 nobis
1414 3922 1517 3982 salutis
1533 3928 1658 3995 eterne,
1670 3926 1778 4001 quibus
1791 3934 1859 3987 ante

149 4012 274 4083 Ideoque
288 4010 349 4067 ait:
367 4032 381 4061 t<
397 4010 695 4069 NonneDeosuhdita
706 4013 869 4070 oritanima
881 4015 975 4071 meai»
1033 4027 1085 4082 per
1099 4011 1302 4068 inobedientiae
1317 4011 1517 4071 hereditatem
1546 4015 1661 4088 primus
1689 4017 1738 4076 ille
1765 4018 1858 4077 Adam

23 4090 29 4129 ³
147 4098 266 4165 Anima,
283 4100 391 4171 inquit,
408 4098 538 4167 subdita,
554 4116 612 4159 uon
627 4101 765 4162 divinitas
781 4102 897 4161 :animo
908 4105 978 4161 suh·
1034 4116 1125 4158 causa
1138 4101 1234 4157 lactus
1247 4102 1415 4158 estmortis.

17 5721 27 5771 i

16 4207 30 4235 .’
144 4190 233 4260 jectu,
250 4204 308 4244 non
323 4186 374 4243 Dei
391 4186 494 4245 virtus.
511 4188 612 4247 Virtus
635 4192 714 4248 onim
732 4191 781 4249 Dei
812 4208 870 4249 non
898 4196 978 4266 pots·
1070 4190 1095 4246 8.
1114 4190 1264 4262 Subjectic
1280 4205 1347 4263 ergo
1362 4190 1567 4264 magisterium
1581 4194 1697 4253 virtutis
1712 4196 1860 4267 humane,

148 4276 435 4344 stetisuhditiiest;
466 4276 518 4332 sed
548 4277 659 4335 unitate
685 4280 752 4348 (31),
776 4284 805 4337 ει
833 4282 979 4345 consortio
1034 4294 1093 4335 non
1109 4279 1212 4336 divine
1227 4278 1394 4336 imminutio
1410 4282 1562 4353 potestatis
1575 4289 1630 4341 est.
1646 4286 1719 4342 Nam
1734 4286 1760 4343 si
1775 4283 1860 4343 illurn

147 4364 501 4438 ejusutitiirpoteetetis.
520 4363 717 4439 illasuhjectn
742 4372 796 4438 est,
829 4385 892 4441 quio
922 4371 979 4427 hu·
1035 4367 1179 4425 minorem
1191 4367 1296 4425 Filium
1310 4372 1340 4424 ct
1364 4369 1539 4443 inequalem
1554 4372 1630 4430 Patri
1648 4374 1762 4441 dicunt,
1792 4374 1861 4448 quia

150 4470 242 4511 ruane
257 4452 434 4511 conditionis
450 4452 608 4526 fragilitate
633 4454 805 4529 plerumque
836 4462 978 4529 mutatur,
1034 4456 1338 4515 eratsuhditusPetri
1352 4457 1434 4527 Deo;
1460 4461 1605 4533 numquid
1621 4466 1650 4519 et
1675 4467 1769 4521 matre
1796 4464 1861 4521 ideo

97 4537 105 4555 '
151 4558 287 4615 nonque
304 4542 411 4599 mutari
428 4559 485 4602 nou
503 4545 729 4615 potestitnima
752 4545 832 4603 carni
862 4563 979 4621 compa·
995 4546 1141 4633 pminor,
1170 4546 1241 4619 quia
1267 4546 1405 4603 subditus
1431 4553 1493 4605 erat
1530 4552 1645 4609 matri?
1670 4552 1790 4611 Lectum
1818 4556 1863 4610 eat

151 4630 233 4698 titur,
250 4634 278 4688 et
293 4630 397 4689 anime
412 4648 490 4700 caro,
509 4648 573 4704 quae
588 4632 644 4689 sihi
671 4634 798 4706 quodam
827 4636 982 4693 contuber-
1037 4635 1117 4691 enim
1132 4636 1168 4693 de
1181 4634 1291 4707 loseph
1306 4639 1335 4691 et
1350 4636 1442 4694 hieria
1458 4654 1465 4693 ι
1490 4661 1506 4689 «
1523 4639 1557 4697 tit
1573 4647 1636 4700 erat
1651 4643 1788 4700 subditus
1803 4642 1862 4698 illis

152 4720 393 4792 niocopulaiitur.
405 4718 458 4776 llla
469 4719 638 4791 subiicitur,
650 4737 713 4793 que
725 4721 818 4779 tristis
844 4724 983 4797 estquis
1038 4725 1113 4795 (tac.
1131 4724 1344 4794 ¹¹‚5¹)·²⁹5⁸
1364 4727 1419 4781 Sed
1430 4726 1524 4799 pietas
1541 4732 1681 4789 omnihus
1700 4730 1785 4787 nobis
1803 4744 1863 4785 non

16 4776 35 4869 ’,ἱ
151 4807 378 4881 scriptumest:
399 4830 409 4859 i
427 4808 533 4864 Tristis
547 4811 592 4867 eat
607 4809 706 4867 anima
730 4828 796 4868 mea
824 4828 917 4885 iisque
945 4815 980 4870 ad
1037 4813 1204 4886 dispendio,
1216 4814 1267 4869 sed
1278 4812 1457 4873 incremento
1467 4821 1513 4874 est
1524 4837 1531 4887 ;
1543 4836 1595 4893 per
1619 4836 1708 4893 quain
1725 4817 1863 4875 omnihus

152 4898 398 4970 mortemillottii.
416 4914 489 4953 axvi.
519 4897 577 4969 38).
609 4921 623 4948 a
654 4898 706 4955 illa
733 4900 890 4972 subjicitur
918 4920 982 4975 quaa
1038 4901 1591 4962 noblsliominneiesustideminludit
1613 4911 1642 4963 et
1666 4905 1864 4979 gratiam3ut

190 5010 246 5085 (30)
263 5012 346 5068 [tom.
363 5012 446 5085 edit,
458 5014 495 5069 ,ui
506 5017 617 5087 peccota
631 5016 783 5072 multorum
800 5018 856 5088 ipae
879 5032 983 5089 purpo—
1039 5017 1117 5073 idem
1133 5020 1350 5101 quodammodo
1366 5022 1411 5076 est
1426 5035 1459 5075 ac
1482 5020 1678 5085 moderatum
1707 5021 1776 5095 qiiia
1803 5019 1863 5079 dis-

156 5084 204 5138 cit.
1038 5094 1240 5162 pensationem
1257 5091 1338 5148 illam
1349 5091 1448 5147 anima
1462 5090 1570 5148 Christi
1594 5093 1710 5149 Domini
1736 5091 1865 5165 suscepit

189 5154 245 5224 (31)
261 5154 378 5213 cincre
392 5156 462 5214 edit.
479 5174 513 5215 ac
528 5158 660 5232 plerique
685 5176 758 5219 mss.
776 5176 830 5217 noir
878 5162 985 5217 otestoti
1039 5168 1223 5232 nohenneis,
1241 5161 1546 5234 sedvolens.0uippe
1567 5163 1684 5221 oblatus
1711 5168 1766 5231 est,
1795 5163 1865 5237 quia

148 5224 260 5282 subdito
273 5230 323 5295 eat,
340 5226 387 5284 sed
401 5230 515 5299 unitati,
532 5234 612 5287 etc...
630 5232 734 5290 Melius
752 5233 817 5289 coil,
873 5249 918 5307 eg.
945 5230 985 5288 al·
1039 5233 1103 5306 ipse
1116 5234 1218 5300 voluit,
1234 5238 1267 5289 nt
1281 5234 1372 5291 isaias
1389 5249 1447 5297 aiii,
1463 5234 1491 5298 7,
1507 5233 1693 5293 vaticinatur.

153 5296 242 5359 ten...
260 5298 449 5371 emunitate,
467 5305 520 5359 eto.
1075 5304 1130 5379 (33)
1146 5307 1195 5362 Dei
1213 5305 1303 5361 Filius
1319 5302 1531 5373 subjectionem
1554 5307 1673 5377 quidem
1703 5323 1770 5363 cuni
1799 5323 1864 5364 cor-

187 5368 247 5437 (32)
263 5369 384 5437 Arbitio,
401 5370 429 5425 id
446 5375 500 5439 est,
513 5372 598 5428 testis
617 5392 623 5441 ;
640 5391 691 5446 per
706 5374 867 5431 hancenini
880 5372 984 5430 animae
1039 5392 1109 5459 pore
1124 5375 1261 5448 suscepit,
1275 5375 1325 5431 sed
1341 5390 1399 5429 non
1413 5374 1548 5446 deposuit
1562 5393 1629 5434 cnm
1645 5394 1764 5450 corpore
1776 5396 1782 5446 ;
1795 5379 1866 5463 quia

153 5437 262 5493 Christi
280 5439 491 5510 subjectionem
508 5441 690 5515 dispensatio
706 5446 841 5503 humanis
871 5446 983 5501 redem·
1039 5446 1113 5503 illud
1131 5448 1208 5520 quod
1237 5449 1330 5502 semet
1348 5446 1520 5517 assumpsit,
1550 5464 1714 5522 numquam
1742 5450 1865 5507 dimisit.

154 5506 263 5587 ptionis
278 5510 464 5590 manifestato
479 5516 523 5567 est
540 5530 547 5579 ;
563 5531 631 5569 cuiii
647 5516 714 5573 inde
728 5515 884 5573 consilium
913 5516 984 5573 diii·
1039 5517 1180 5592 Deposuit
1194 5534 1259 5573 vero
1274 5533 1341 5573 cuni
1357 5518 1486 5589 corporis
1501 5520 1639 5577 servitute
1655 5539 1662 5591 ;
1679 5522 1797 5607 quando
1809 5519 1866 5577 sci·

154 5593 227 5633 nuni
239 5579 441 5637 inobedientiae
457 5583 545 5655 primi
555 5585 622 5639 hdie
635 5602 685 5658 pei
696 5587 818 5643 secundi
846 5589 984 5645 obedien·
1038 5590 1108 5647 licet
1122 5606 1230 5673 corpus
1242 5604 1365 5645 excusso
1381 5588 1566 5647 mortalitatis
1591 5590 1866 5670 Jugo,1mmortali·

154 5647 227 5709 tieiii
240 5650 405 5727 reperandae
421 5651 660 5717 intellexerimus.
690 5663 750 5719 Aut
777 5658 851 5719 loite
876 5660 984 5723 arbitra
1040 5661 1111 5722 totis
1125 5660 1243 5722 dotibus
1258 5660 1414 5739 preditum
1429 5663 1597 5727 resurrexit.

317 5778 447 5845 Paitoi.
471 5782 551 5847 xlv.
1665 5793 1705 5867 tt
