4159 6184
140 319 202 386 m
745 303 1090 378 enumerantem
1110 310 1282 376 aereae.
1821 323 1881 390 eea

138 452 195 514 iuti
210 450 304 512 etiam
319 445 449 512 nemun
464 447 563 510 textus
576 447 715 521 operetur
730 443 869 516 historie,
884 448 917 502 ut
931 441 986 502 ad-
1001 441 1029 510 it
1044 442 1219 504 dormiebat.
1235 439 1356 504 Nostris
1375 445 1467 510 ,erim
1495 448 1635 515 uenter
1660 450 1821 528 alimentis,
1848 457 1880 520 in

139 545 298 606 vertemus
310 555 403 614 quarn
418 536 477 596 oito
494 534 588 594 uenia
613 551 683 608 spes
711 539 814 594 sequte
841 535 889 592 sit.
917 534 986 591 Non
1043 535 1138 592 nostri
1152 535 1284 610 peotoris
1300 534 1417 607 gremio
1434 540 1612 612 quiescebat.
1628 543 1703 603 Nem
1717 546 1748 605 in
1766 547 1882 606 Judae-

145 631 299 691 mediocre
314 631 427 694 autem,
443 625 520 699 quod
537 623 653 688 Nathan
667 623 853 683 denuntiavit
874 623 912 690 ai,
926 623 988 680 hoo
1042 638 1110 682 rum
1125 624 1193 682 sinu
1208 624 1369 697 quiesaera
1386 641 1419 682 ee
1433 645 1495 688 non
1522 648 1609 706 posse
1632 635 1808 696 memorauit
1834 637 1879 694 di.

145 725 205 792 est,
220 718 345 778 interior
358 715 513 790 propheta.
530 713 635 776 Grauis
650 713 726 772 us
739 711 821 771 enim
843 727 985 770 uerecun·
1042 727 1113 772 oeus
1129 732 1137 772 ι
1155 736 1169 766 a
1184 712 1283 772 Filius
1298 711 1433 772 hominis
1448 735 1505 776 noo
1521 719 1610 778 hahet
1624 721 1674 778 ubi
1689 728 1778 796 ceput
1790 741 1879 784 suum

147 811 200 870 dia
214 809 371 885 pudorque
385 803 496 872 deitati,
512 803 550 860 ah
564 801 703 860 interiore
731 801 917 876 reprehendi.
934 801 987 858 Vr·
1041 802 1163 862 reclinet
1177 804 1256 877 (tec.
1274 817 1316 868 rx,
1332 801 1391 874 58).
1410 827 1425 855 »ι

150 899 229 958 (letis
244 897 323 972 quod
339 894 428 968 eulpa
441 891 569 968 gratiam
584 891 710 958 minuet.
727 891 844 948 Soiehat
855 890 985 959 Nathan,
1076 893 1124 963 59,
1139 894 1175 952 ut
1187 889 1273 948 uenit
1287 887 1410 962 hospes,
1423 893 1530 969 inquit,
1546 898 1583 955 ed
1609 898 1706 958 virum
1721 900 1806 965 illum
1834 904 1881 962 di.

151 989 231 1064 quod
270 985 360 1044 David
389 982 559 1044 nesciebat:
588 981 663 1038 adeo
692 979 839 1054 caligabat
866 980 986 1038 animus
1040 980 1143 1038 vitem.
1159 979 1232 1047 Quis
1247 981 1298 1036 ost
1313 977 1371 1035 iste
1386 980 1506 1057 hospes,
1523 985 1580 1046 aiei
1595 987 1764 1048 miserabilo
1776 1007 1879 1064 pem.

149 1075 349 1136 obumbratus
364 1071 493 1146 quadum
522 1068 767 1128 aubevitiornm.
798 1068 910 1126 Deinde
937 1068 986 1125 hio
1041 1072 1107 1128 tum
1126 1066 1380 1141 tlitenirnoulpn
1399 1070 1431 1128 in
1456 1073 1535 1132 hune
1563 1077 1709 1136 mundum
1735 1082 1880 1153 tanquam

148 1169 196 1224 est
210 1163 343 1232 Nathan,
358 1161 409 1236 qui
425 1161 455 1216 in
476 1158 682 1233 superioribus
709 1157 801 1216 David
831 1160 987 1230 acceptum
1042 1157 1153 1232 hospes
1166 1156 1303 1223 intravit,
1319 1155 1418 1215 aliena
1433 1168 1539 1220 nostru
1556 1168 1586 1221 et
1610 1166 1765 1241 peregrina
1791 1174 1879 1227 ustu-

148 1254 275 1314 Domino
291 1249 478 1325 prophetavit
493 1267 500 1306 :
516 1252 549 1306 ut
564 1247 679 1306 doleret
693 1247 795 1305 eodem
805 1245 987 1319 redarguto·
1042 1263 1094 1304 ιε.
1111 1248 1214 1320 ltaque
1226 1262 1289 1301 non
1304 1244 1342 1302 de
1352 1246 1417 1304 suis
1428 1253 1570 1325 gregibus
1592 1253 1721 1314 hostiam
1747 1257 1856 1318 obtulit
1871 1277 1880 1328 ;

147 1349 178 1402 te
197 1343 366 1417 peecatum,
397 1355 455 1412 quo
482 1337 689 1412 prophetante,
720 1335 859 1392 meritum
890 1333 991 1390 iuerat
1045 1337 1099 1394 sed
1114 1336 1230 1408 aooepit
1242 1333 1393 1392 oviculam
1415 1342 1565 1414 pauperie,
1593 1347 1623 1400 ei
1650 1346 1757 1402 oceidit
1783 1346 1879 1407 iilam,

148 1430 358 1506 praedicatum.
1046 1426 1138 1498 Cujus
1162 1424 1283 1498 quidem
1301 1425 1402 1496 passio
1431 1428 1501 1488 lieet
1527 1431 1705 1505 quibusdam
1719 1437 1755 1494 ad
1770 1437 1883 1494 seorisr

182 1521 232 1578 57.
249 1518 304 1576 Sed
316 1518 381 1589 jam
397 1514 569 1590 mysterium
585 1513 783 1586 requiramus,
811 1533 825 1561 ι
851 1514 929 1577 Duo,
948 1509 993 1568 in·
1048 1513 1271 1571 eiumselutare
1284 1512 1345 1585 (30)
1360 1516 1518 1586 proieoerit
1533 1538 1541 1590 3
1556 1525 1656 1580 umen
1676 1523 1793 1584 videtur
1820 1526 1883 1584 illis

149 1608 225 1682 quit,
240 1604 295 1662 viri
308 1608 395 1662 erant
408 1605 439 1662 in
454 1621 515 1662 nna
538 1603 666 1670 civitate,
683 1616 762 1660 unus
776 1599 867 1666 dives,
883 1602 918 1654 et
951 1597 994 1656 al·
1050 1602 1098 1660 sni
1112 1601 1206 1659 luisse
1220 1601 1333 1658 luroris
1348 1600 1537 1678 alimentum,
1552 1615 1581 1668 ot
1595 1612 1680 1672 eihus
1698 1614 1803 1690 eulpae,
1834 1618 1884 1674 in.

150 1702 194 1756 isr
208 1707 324 1768 pauper
337 1693 377 1763 (ll
390 1694 454 1764 liep.
470 1709 520 1750 xri.
536 1693 575 1760 l).
593 1690 669 1758 Ouid
685 1695 740 1757 eet,
755 1689 805 1745 hio
819 1687 915 1754 diues,
945 1693 997 1746 aut
1051 1690 1261 1764 sentiremque
1276 1691 1403 1764 petenti.
1422 1697 1657 1770 lieniqueladas
1681 1721 1884 1776 panemaooe·

150 1800 275 1860 pauper,
290 1781 349 1840 nisi
365 1781 440 1839 ioris
454 1797 533 1840 unus
549 1779 681 1854 populus
695 1779 876 1845 iudeorum,
891 1778 928 1832 et
951 1777 994 1836 el·
1011 1818 1036 1884 B
1051 1776 1097 1850 pit
1108 1791 1129 1833 a
1142 1776 1269 1845 Ghristo,
1285 1783 1316 1834 et
1329 1781 1405 1836 tuno
1419 1783 1515 1858 magis
1528 1786 1659 1859 repletus
1674 1794 1719 1848 est
1741 1792 1858 1852 diaholo
1876 1812 1884 1863 ;

151 1865 778 1947 terpopulueGhrietlanue‘llllediveein
806 1865 878 1938 lege,
910 1865 996 1924 dives
1052 1866 1197 1940 quianon
1212 1865 1327 1939 ewepit
1339 1881 1378 1922 ex
1392 1868 1459 1943 ilde,
1473 1874 1524 1945 qui
1547 1879 1608 1932 tem
1623 1877 1764 1952 hospitali
1793 1882 1888 1943 Domi·

152 1961 256 2035 eloqiis
280 1958 333 2018 Dei
362 1957 420 2016 sibi
437 1957 567 2026 creditis,
590 1957 675 2020 diues
703 1953 879 2029 prophetiis,
911 1953 995 2014 dives
1050 1971 1091 2015 no
1107 1956 1185 2014 m
1199 1954 1400 2029 proditionem
1416 1963 1549 2033 parabat.

151 2049 278 2112 oreonlis
294 2067 302 2106 :
319 2047 369 2106 hio
382 2063 449 2104 vero
461 2061 583 2120 pauper.
601 2045 659 2104 Seii
685 2043 781 2106 nolite
810 2042 885 2101 hano
915 2045 994 2102 relu·
1086 2045 1134 2100 60.
1151 2045 1187 2100 iit
1199 2043 1296 2104 iratus
1310 2047 1358 2104 eet
1371 2046 1464 2106 David
1479 2051 1516 2108 ad
1531 2050 1616 2110 illum
1629 2054 1736 2114 virum
1750 2058 1885 2119 Diximus

152 2155 220 2216 gere
233 2139 448 2213 paupertatem,
473 2151 564 2208 quam
582 2131 726 2206 sequitur
755 2147 878 2206 regnum
909 2131 994 2190 emto
1050 2133 1131 2206 quod
1146 2133 1390 2207 perProphetam
1404 2136 1576 2196 iudeorum
1600 2144 1730 2216 populus
1756 2147 1887 2208 decim.

154 2245 229 2300 rpm.
246 2225 393 2299 seriptum
409 2228 454 2280 est
469 2223 547 2282 enim
565 2239 600 2278 :a
615 2220 697 2280 Beati
706 2233 861 2296 pauperes
876 2221 992 2294 spiritu,
1050 2226 1110 2290 tur,
1126 2225 1156 2277 et
1167 2220 1234 2278 ideo
1248 2222 1373 2280 subhac
1388 2224 1486 2298 ilgnra
1498 2228 1611 2300 seipse
1629 2233 1818 2294 condemnat.
1833 2235 1884 2294 Di.

155 2315 295 2391 quonism
309 2315 443 2388 ipsoram
455 2315 499 2370 eet
512 2326 637 2384 regnum
653 2309 803 2374 mosum
831 2309 933 2383 (liqut.
963 2327 991 2380 v,
1049 2314 1187 2384 pausent
1202 2314 1298 2369 morte
1311 2310 1357 2366 uir
1372 2311 1424 2369 ille
1439 2314 1490 2386 qui
1504 2315 1572 2372 ieoit
1598 2318 1666 2385 hoo,
1680 2325 1710 2377 et
1737 2323 1884 2385 orientem

155 2408 224 2479 3).o
242 2405 323 2462 Bene
352 2405 518 2476 paupertas,
547 2415 612 2474 que
640 2400 721 2472 quod
755 2397 908 2466 hahuerit,
934 2415 993 2456 non
1049 2397 1187 2455 restituet
1200 2398 1232 2454 in
1247 2399 1462 2473 quadruplum,
1476 2401 1533 2460 hoe
1546 2409 1603 2473 est,
1612 2408 1779 2479 periturum
1795 2427 1886 2486 popu·

159 2493 279 2554 amittit.
295 2497 376 2549 Bona
390 2493 556 2564 paupertas,
572 2505 636 2562 qua
651 2487 677 2544 si
691 2487 996 2548 thesaurosnouhe·
1049 2486 1113 2547 lum
1145 2485 1331 2558 iudeorum,
1346 2487 1398 2547 sed
1425 2490 1674 2556 eumuietiorihoe
1701 2497 1789 2556 bonis
1808 2501 1883 2560 itui.

160 2587 211 2643 hst
220 2579 456 2658 peounin,hahet
466 2583 564 2639 umen
576 2577 736 2639 thesauros
754 2576 887 2656 seientia
901 2580 990 2650 atque
1049 2580 1151 2635 turum
1166 2574 1309 2648 populum
1332 2575 1561 2649 Christianum
1588 2583 1662 2654 quia
1688 2587 1886 2656 prestsbiiier·

164 2671 322 2747 sapientie.
337 2669 443 2738 Nolite,
458 2667 522 2736 lilii,
537 2665 623 2740 quasi
637 2663 725 2722 vilem
743 2665 897 2740 despioere
925 2681 995 2739 peu·
1049 2669 1096 2722 eet
1110 2663 1304 2738 presentibus
1319 2668 1416 2722 status
1428 2666 1480 2737 qui
1495 2681 1531 2724 ex
1552 2672 1766 2732 remrreetiooe
1791 2676 1882 2736 dehe-

165 2764 318 2836 pertatem.
339 2780 354 2828 u
380 2759 438 2816 lete
464 2771 577 2830 pauper
604 2753 755 2823 ulamavit,
784 2759 814 2812 et
851 2753 995 2812 Dominus
1050 2757 1109 2812 tur.
1863 2757 1869 2766 ‘

167 2849 314 2909 munivit
326 2863 397 2906 euna
412 2847 497 2920 (Psoi.
513 2861 614 2913 xxxin,
629 2843 669 2915 7).
687 2864 698 2892 ι
715 2843 814 2906 Nolite
828 2841 914 2917 quasi
933 2859 996 2900 ms·
1084 2842 1133 2898 ul.
1153 2841 1340 2914 Propositum
1355 2842 1430 2900 mihi
1444 2843 1512 2912 init,
1527 2849 1560 2904 ut
1574 2848 1746 2907 meminisse
1773 2852 1879 2928 digne-

168 2939 240 3014 gnia
250 2937 380 3008 invidere
393 2933 503 2993 diuitiis
520 2950 527 2990 :
543 2955 558 2984 a
574 2931 685 2990 Diuites
698 2936 845 3005 egueram
871 2935 900 2992 et
927 2947 995 2990 ssu·
1051 2930 1136 2997 mini,
1152 2930 1293 2990 aduersus
1306 2945 1357 2988 eos
1371 2931 1423 3002 qui
1433 2931 1626 2995 homioidium
1639 2935 1881 3014 adulteriumque

168 3026 283 3096 aierunt
290 3025 374 3098 iiiii.
389 3025 447 3097 il).
465 3046 477 3077 ι
495 3022 552 3082 Sed
567 3020 593 3080 ei
608 3017 697 3080 ruitis
711 3019 821 3082 hebete
833 3020 921 3088 hono,
938 3020 995 3078 Do·
1051 3019 1145 3081 eaaeu
1159 3019 1248 3077 David
1262 3019 1447 3093 arguendum
1461 3027 1577 3096 putant,
1592 3024 1788 3100 qualicunque
1813 3047 1879 3089 mee

168 3115 285 3174 minum
295 3113 422 3188 quarite
438 3130 445 3170 :
470 3133 484 3160 ι
511 3110 698 3184 inquirentes
727 3111 807 3170 enim
823 3109 994 3181 Dominum,
1052 3107 1230 3182 monuere
1244 3123 1380 3169 sermone
1399 3110 1503 3168 :etita
1517 3113 1615 3170 lavore
1640 3117 1743 3172 uestra
1771 3118 1879 3175 unani·

169 3221 228 3266 non
243 3202 379 3262 definient
392 3199 476 3260 omni
490 3200 568 3258 hano
584 3197 686 3270 (uu).
697 3218 713 3248 >r
727 3197 803 3273 Drgo
816 3197 996 3258 nolitereou·
1010 3187 1166 3257 hmiutie
1179 3199 1323 3256 tractatus
1338 3198 1432 3255 nostri
1446 3216 1553 3259 oureus
1568 3202 1664 3260 evasit
1679 3220 1686 3258 ι
1716 3207 1749 3260 at
1771 3206 1878 3278 predi·

170 3306 366 3366 sarevomnem
390 3304 562 3364 pauperem.
592 3287 706 3359 Pauper
732 3291 796 3349 erat
823 3287 937 3354 Petrus,
965 3292 996 3344 et
1050 3287 1164 3346 maduo
1178 3301 1227 3344 ore
1240 3286 1376 3344 omniura
1393 3287 1552 3362 videretur,
1577 3307 1673 3365 quem
1697 3292 1878 3364 putatemus

169 3397 258 3456 quem
272 3379 403 3452 ἀοιιᾳιο),
419 3374 611 3440 nummulum
623 3391 683 3433 non
698 3373 848 3438 hahebat:
865 3375 918 3432 sed
927 3391 995 3448 pre·
1051 3393 1110 3434 uon
1125 3374 1350 3450 possedetendi.
1365 3378 1420 3434 sed
1443 3379 1585 3454 quoniam
1612 3383 1714 3438 nostro
1741 3380 1787 3438 vir
1812 3401 1880 3442 ean.

169 3469 319 3530 tiosiorem
334 3466 415 3530 omni
430 3464 700 3541 peouniadoanhat
713 3463 852 3524 aetutem.
881 3465 997 3539 Pauper
1051 3470 1116 3527 uus
1130 3463 1240 3522 auxilio
1254 3483 1313 3522 uon
1328 3464 1449 3539 indiget,
1470 3471 1535 3541 iem
1563 3469 1628 3543 ipsa
1653 3470 1737 3528 vohis
1764 3487 1818 3544 pro
1846 3491 1879 3531 ee

169 3559 220 3616 ille
234 3561 297 3618 erat
310 3558 435 3618 Laurus
450 3556 481 3614 iu
497 3552 655 3628 Evangelia
674 3553 753 3626 (tue.
782 3565 840 3626 sur,
855 3555 913 3626 20),
943 3557 995 3614 ead
1050 3554 1199 3626 loquetur,
1230 3555 1262 3611 et
1292 3553 1403 3611 tuntum
1436 3572 1526 3615 sunm
1558 3559 1654 3632 ipsius
1679 3559 1759 3618 diota
1776 3561 1876 3619 deien-

169 3647 282 3720 illaqui
298 3649 366 3706 ante
379 3645 411 3716 ip
424 3648 504 3704 ostro
518 3642 600 3706 diues
611 3641 731 3714 lwetot
746 3645 930 3716 etpurpura,
947 3659 996 3716 op·
1050 3643 1133 3702 dent.

169 3733 550 3808 tahatpoetexitumvitn,
579 3729 711 3790 stillante
738 3730 830 3806 digito
857 3730 996 3804 pauperis
1319 3771 1323 3779 ι
1361 3747 1482 3808 flqpuq·
1510 3752 1571 3809 χῃ,

168 3824 333 3898 refrigerari
347 3821 426 3895 (itte.
443 3823 488 3888 19,
502 3821 559 3894 2)).
575 3818 714 3884 Quamvis
726 3817 776 3878 ille
791 3823 872 3878 ostro
890 3836 995 3894 super-
1051 3837 1141 3897 pm
1151 3841 1293 3910 ,meam
1306 3853 1388 3893 m
1402 3839 1455 3896 ιω
1469 3841 1622 3911 mmm,
1638 3846 1786 3912 commu,
1797 3847 1877 3914 Μ).

169 3913 226 3980 bue
240 3913 318 3988 regio
332 3909 544 3985 etpurpuretie
557 3909 690 3969 vestibus
704 3906 828 3970 uulnera
856 3909 996 3982 pauperis
1085 3907 1425 3993 aequantiumque
1439 3912 1546 3996 ollqrm
1566 3912 1751 3984 emittatur,
1782 3915 1879 3987 impei-

169 4001 250 4060 aives
262 4001 432 4062 fastidiosus
446 3997 604 4065 horruerit,
615 4001 717 4059 nmen
731 3995 762 4056 in
777 3996 903 4060 internis
912 3995 994 4056 loeo·
1086 3996 1139 4041 ’Μ
1153 3996 1215 4053 ti‘ffi
1229 3989 1267 4037 ⁸²⁸
1280 3997 1383 4056 ’ΨΜ
1396 3982 1597 4050 mmmm»
1611 3997 1708 4057 We
1729 3985 1878 4043 mltum

169 4090 353 4163 tuseptehat
366 4107 400 4148 eo
415 4088 471 4149 loni
492 4087 655 4158 iuiaeeqno
672 4075 811 4148 marus.
839 4087 904 4153 Quo
932 4086 996 4150 loeo
1085 4053 1775 4198 ffgssgafiffgz'ssauff'fflffdffl&aaz
1789 4055 1880 4186 ’m

167 4179 254 4238 leutio
268 4195 325 4238 non
339 4179 455 4237 videtur
469 4175 660 4250 peounianurn
674 4174 795 4234 diuitem
820 4189 995 4248 pauperem·
1086 4210 1143 4252 ,m
1154 4196 1301 4265 „mim
1384 4197 1514 4253 pomp
1534 4199 1599 4252 ,unt
1626 4197 1798 4268 maturae.
1826 4199 1878 4256 po.

171 4282 228 4341 que
241 4266 403 4327 ruentem
419 4284 426 4336 ;
443 4264 577 4324 aeduum
592 4277 751 4336 pauperem
766 4262 817 4335 qui
832 4279 886 4336 pre
902 4263 997 4324 lldeat
1085 4281 1164 4325 mum
1178 4211 1577 4327 Aureummauaerrom
1586 4268 1754 4339 areunae
1769 4270 1876 4327 recode-

171 4355 323 4414 deuetione
336 4353 458 4414 effluere
472 4351 604 4425 eorporis
620 4367 678 4410 non
707 4350 865 4419 horruerit,
882 4351 992 4410 lumem
1086 4352 1117 4394 ’θ
1128 4337 1246 4412 Pllffl‘m
1262 4336 1301 4396 ll·

165 4443 373 4517 injustamque
385 4440 532 4508 toleravit,
1084 4444 1132 4500 62.
1150 4463 1165 4494 ι
1178 4442 1327 4509 ¹Miserere,
1343 4442 1450 4515 inquit,
1466 4443 1535 4511 ma,
1562 4444 1696 4513 Domim,
1713 4449 1878 4506 secundum

203 4533 249 4588 58.
262 4531 336 4590 Cum
350 4531 442 4606 igitur
459 4529 581 4588 haberet
608 4527 735 4601 populus
763 4527 934 4589 iudeorum
963 4530 994 4588 in
1010 4555 1036 4621 B
1053 4547 1191 4605 magnam
1207 4530 1441 4590 musmoordiem
1454 4535 1537 4590 tuem
1550 4534 1637 4607 (Post.
1654 4551 1679 4603 ι,
1694 4535 1734 4608 3).
1747 4558 1774 4589 e,
1787 4536 1876 4604 Nora,

168 4619 384 4693 autographus
398 4618 542 4693 plurimas
556 4616 656 4690 oopise
670 4615 835 4677 hostiarum
853 4634 860 4674 :
883 4621 993 4678 tamem
1052 4619 1110 4678 nisi
1124 4618 1221 4687 latior,
1236 4619 1342 4677 iratres
1356 4619 1537 4690 ohariseimi,
1550 4623 1720 4695 eonjunotio
1733 4623 1792 4683 ista
1815 4642 1877 4681 ser·

169 4724 260 4771 unam
274 4708 522 4782 ouioulamquem
538 4705 664 4780 populus
685 4704 735 4766 ille
762 4721 878 4780 pauper
903 4707 993 4766 hahe-
1050 4708 1159 4775 monis,
1175 4713 1209 4764 ut
1222 4724 1331 4781 magna
1345 4710 1547 4769 miserioordis
1569 4712 1803 4771 nicostratum
1831 4712 1875 4770 ia·

170 4799 233 4870 hat,
252 4797 371 4872 aripuit,
391 4797 533 4872 ,gloriose
562 4794 644 4857 'ulem
673 4793 835 4868 suhjialans
863 4797 993 4869 passioni
1049 4797 1105 4856 oile
1118 4796 1190 4856 alibi
1204 4796 1315 4854 laetum
1326 4799 1449 4857 memini
1465 4817 1473 4856 :
1488 4799 1596 4858 etiteo
1611 4818 1677 4876 que
1702 4801 1742 4857 sit
1768 4815 1877 4873 magna

171 4885 224 4943 Vis
237 4885 411 4961 seirequam
425 4902 506 4946 ovem
522 4885 536 4941 i
552 4907 566 4938 a
585 4883 747 4956 Stentoris
776 4885 814 4944 ed
842 4884 993 4946 victimam
1049 4884 1261 4957 miserioordia,
1280 4903 1341 4946 nou
1354 4888 1441 4948 lnoile
1464 4888 1627 4947 (timuimus
1639 4889 1708 4961 (ei).
1737 4886 1875 4961 legimus

169 4975 275 5038 duetus
289 4977 413 5050 ostilio.
428 4974 543 5046 uua),
559 4972 731 5047 »quipsue
746 4973 994 5050 pauperiorum·
1048 4979 1148 5034 umen
1163 4991 1303 5049 magnam
1317 4976 1664 5039 arimenensium
1687 4976 1874 5034 mnsieieran-

169 5067 229 5134 tur,
239 5069 272 5124 et
285 5069 357 5139 potu
371 5063 509 5138 pauperis
522 5062 671 5134 utehutur,
684 5066 714 5120 et
727 5061 757 5120 in
772 5060 842 5122 sinu
855 5063 995 5138 pauperis
1047 5067 1180 5137 tesqua
1199 5080 1308 5138 magna
1338 5066 1380 5128 ait
1412 5068 1514 5135 virtus,
1530 5065 1673 5137 aonjioere
1700 5063 1875 5137 poterimus,

206 5200 254 5277 (3.0
276 5203 495 5280 Codex'lheod.
516 5201 618 5278 proed
646 5203 719 5261 saort
757 5204 825 5271 ium,
842 5203 923 5261 solus
951 5204 991 5262 le·
1047 5207 1113 5262 hus.
1131 5207 1217 5263 Rom.
1233 5223 1312 5277 vero,
1328 5211 1357 5264 et
1381 5226 1436 5266 ms.
1457 5207 1579 5277 Theou,
1608 5209 1677 5278 Quae
1712 5208 1748 5272 eu
1774 5224 1877 5282 utaque

182 5276 245 5333 '’tu
264 5275 440 5334 ‘sommium
461 5275 494 5332 lit
521 5275 648 5346 quatuor
673 5289 709 5330 uo
740 5273 795 5356 hus
819 5273 990 5348 interjectis.
1046 5277 1238 5334 misericordia
1266 5278 1394 5335 dommus
1415 5279 1564 5335 aduertere.
1578 5278 1714 5335 Numani
1740 5294 1873 5352 moqnom

194 5363 237 5404 ra.
254 5363 287 5404 ao
302 5347 381 5417 iiiii,
400 5346 462 5405 iltis
475 5347 561 5416 sutem
573 5347 698 5418 furatum
712 5343 890 5427 elementum.
920 5347 989 5406 Cod.
1045 5349 1263 5406 misericordiam
1279 5365 1335 5406 uon
1347 5351 1432 5422 [urile
1446 5351 1605 5422 haeremus,
1619 5355 1675 5408 eto.
1689 5351 1727 5412 Α)
1740 5366 1804 5423 que
1827 5350 1875 5408 hio

170 5419 272 5488 Tora„
288 5420 346 5476 itia
358 5421 408 5476 ιιι)
421 5420 492 5491 Μ)
505 5417 676 5474 uimine.
689 5415 777 5472 Dum.
802 5415 874 5472 edri.
889 5421 989 5478 etms.
1045 5421 1146 5477 addita
1160 5424 1242 5482 sunt.
1259 5418 1344 5475 nobis
1355 5420 1455 5492 potius
1469 5420 1607 5477 videntur
1618 5421 1794 5493 coniectoris
1821 5439 1873 5480 ou-

169 5489 293 5558 Theoi..
308 5491 357 5548 ille
371 5493 417 5547 eui
429 5491 516 5562 furtes
542 5488 651 5568 suroris
668 5493 860 5556 atomum.
885 5489 990 5548 Melius
1041 5491 1164 5565 J’usdem
1180 5489 1370 5566 periphrasis,
1387 5508 1476 5564 quum
1491 5492 1619 5551 auotoris
1635 5493 1730 5568 ipsius
1748 5511 1817 5552 vera
1830 5493 1872 5550 lo-

168 5577 221 5620 sex
235 5560 376 5620 Gallioaui
391 5562 454 5620 eod.
470 5577 543 5636 quos
560 5562 652 5616 seoutr
666 5572 779 5614 sumus.
1045 5563 1135 5620 eutio.

207 5633 264 5704 (3))
278 5633 325 5691 Sio
340 5633 409 5690 edit.
426 5633 489 5690 Dra.
506 5635 534 5689 st
547 5629 614 5688 (illl.
631 5644 698 5686 oum
716 5644 788 5686 mse.
807 5630 866 5694 lere
893 5633 989 5691 omni·

2070 5105 2072 5168 l

2069 5249 2072 5378 l

2070 5385 2072 5504 l
