4159 6184
229 318 288 385 lii

916 312 967 377 DE
988 312 1020 378 S·
1043 314 1246 395 inhaesio

1873 329 1933 405 lii

227 456 288 517 Deo
312 453 472 530 imperator
495 468 594 511 coram
621 446 759 509 omuibus
787 442 894 505 oeoiuit
919 463 926 504 :
951 446 1051 507 Gratia
1063 455 1092 522 Α
1139 453 1254 513 Vidcsis
1281 456 1415 532 ejusdem
1437 459 1621 535 epigramma
1643 460 1679 521 ⁷7
1707 461 1737 523 ιι
1764 462 1827 539 ιιι,
1849 421 1929 541 quod

228 548 293 617 tibi,
331 532 454 605 Domina
489 543 674 615 omnipotens
714 541 744 594 at
776 537 911 594 Servatur
941 542 1051 607 noster,

227 638 305 712 quod
317 637 365 694 cui
380 652 433 710 ego
448 634 509 690 viro
524 646 655 704 corpore,
672 632 703 684 ιιι
719 627 835 683 ιιιιιιιιι
847 627 1049 697 ιοιιιιιιιιιιιι;

228 742 387 800 meumque
401 720 642 794 deeojudicium
654 718 771 790 justum
794 732 860 773 asse
885 716 1050 773 declarave-

227 834 279 875 ris.
767 846 769 853 ,

288 910 329 964 Ee
342 906 434 964 eodem
449 902 496 957 lit.
514 900 580 972 Syn.
597 900 627 955 in
643 896 750 953 Collecl.
768 896 866 953 Belus.
881 912 909 968 p.
925 896 988 951 788.

263 995 342 1053 Beati
374 989 520 1049 Ambrosii
558 986 673 1043 Medici.
711 984 839 1057 episcopi
873 982 1051 1057 dignissima

228 1086 337 1157 scripta
359 1084 515 1148 testantur,
530 1076 587 1132 viri
612 1075 687 1147 apud
713 1072 874 1130 Ecclesiam
896 1070 946 1129 Dei
973 1072 1050 1129 ultra

227 1178 344 1231 ceteros
367 1169 520 1243 spiscopus
544 1164 658 1230 tamesi,
688 1169 828 1235 atquem
853 1179 906 1235 pro
936 1160 1049 1218 meritis

225 1264 288 1321 suis
315 1277 373 1317 non
400 1258 496 1316 solum
521 1253 666 1325 catholici,
697 1252 747 1309 sed
777 1251 872 1308 ceteri
901 1250 1048 1323 principes

225 1354 288 1423 ejus
303 1348 443 1423 temporis
458 1346 536 1403 ultra
549 1359 651 1401 omnes
678 1346 748 1399 sunt
769 1339 851 1426 veriti
870 1340 1046 1407 sacerdotes,

224 1442 310 1513 cujus
336 1440 425 1495 etiam
453 1433 632 1492 testimoniis
656 1430 803 1505 Ephesius
833 1429 963 1502 synodus
992 1446 1047 1487 usa

221 1534 277 1587 est.

333 1619 375 1673 Ee
388 1614 480 1672 eodem
494 1615 524 1669 in
538 1611 631 1669 eudem
646 1608 816 1675 Collsciione,
829 1624 858 1679 p.
874 1606 936 1664 893.

257 1707 291 1764 ili
307 1706 359 1780 qui
374 1709 441 1761 aute
456 1720 509 1759 nos
525 1702 643 1758 luerunt
657 1703 713 1754 Deo
729 1695 901 1753 amicissimi
916 1695 1045 1768 episcopi

1107 548 1265 619 atrumque
1279 546 1310 605 in
1325 550 1514 609 Ambrosium
1527 554 1734 627 scriptumest.

1149 654 1305 712 Marcellini
1318 658 1429 715 cumeis
1437 675 1479 786 pse
1494 659 1593 717 Ceron.
1608 677 1676 719 coss.
1691 661 1789 719 Arced.
1804 679 1833 719 ιι
1849 671 1879 719 et

1461 747 1538 788 onor.
1556 748 1598 787 ιιι.

1139 815 1314 873 Ambrosius
1346 818 1571 877 Mediolanensis
1599 820 1742 878 virtutum
1773 822 1929 897 episcopus

1104 910 1235 971 sauctus,
1250 924 1302 963 arx
1315 906 1394 977 tidsi,
1409 913 1507 966 orator
1519 909 1691 967 catholicus.

1133 1011 1254 1071 Cassiod.
1282 1012 1424 1071 Senatorii
1452 1032 1487 1072 ee
1514 1017 1568 1144 ιιέὁ
1593 1018 1626 1073 de
1654 1018 1748 1074 Dicin.
1773 1020 1893 1077 Eetion.

1451 1103 1515 1143 ca.
1571 1130 1578 1142 .

1138 1171 1263 1230 Sanctus
1278 1190 1395 1248 quoque
1411 1106 1586 1233 Ambiosins
1600 1175 1685 1233 lactei
1696 1176 1842 1234 sermonis
1852 1195 1929 1236 ema·

1103 1264 1196 1329 nator,
1218 1278 1287 1318 cum
1310 1264 1452 1337 gravitate
1474 1269 1590 1334 acutus,
1604 1266 1784 1340 perviolenta
1806 1284 1925 1341 persua·

1102 1348 1183 1405 siene
1196 1350 1397 1422 dulcissimus,
1413 1354 1462 1410 cni
1485 1354 1541 1410 luit
1564 1354 1684 1427 equalis
1708 1355 1842 1413 doctrina
1859 1374 1927 1415 cum

1099 1436 1170 1505 vitu,
1184 1440 1301 1510 quando
1315 1441 1341 1498 ei
1357 1458 1414 1498 nou
1430 1443 1527 1516 parvis
1543 1441 1693 1500 miraculis
1707 1444 1804 1518 gratia
1821 1445 1927 1501 diviui-

1100 1524 1169 1582 tatis
1183 1526 1292 1584 arrisit.

1100 1630 1225 1706 Greporii
1250 1637 1348 1706 mnpni
1374 1653 1409 1693 ee
1432 1639 1548 1765 Prpespt.
1577 1638 1727 1697 Cemnunl.
1751 1656 1832 1712 snper
1859 1640 1925 1699 Eze-

1450 1726 1465 1765 c
1485 1727 1509 1766 se
1522 1726 1575 1766 em.

220 1794 251 1853 iu
267 1796 421 1855 Occidente
435 1792 554 1866 quidem
577 1790 732 1855 Damasus,
754 1785 952 1856 Innocentius,
977 1786 1043 1841 Am·
1056 1826 1081 1892 B
1134 1794 1196 1851 Tua
1220 1794 1319 1870 itaqua
1343 1797 1461 1857 dilectio
1476 1799 1531 1857 hes
1545 1798 1601 1855 sibi
1616 1799 1653 1855 sd
1668 1798 1826 1872 legendum
1846 1800 1923 1857 mitti

220 1886 348 1953 brusias,
363 1890 417 1941 etc.

366 1971 493 2046 Ejusdem
506 1986 540 2027 ec
554 1967 647 2025 eadem
663 1966 774 2025 Cellecl.
788 1982 818 2038 p.
831 1964 894 2019 947.

255 2065 384 2120 Rursum
399 2066 428 2119 et
442 2059 519 2133 apud
544 2054 748 2114 beatissimum
772 2051 973 2119 Ambrosiam,
990 2053 1042 2125 qui

218 2168 321 2210 omnes
336 2154 433 2225 partes
447 2148 597 2221 hesperias
613 2143 780 2201 illustravit.

301 2258 427 2317 ueniant
441 2272 476 2312 ce
490 2254 538 2312 lit.
555 2253 614 2309 Vll.
631 2251 663 2307 de
677 2252 818 2307 letamini.
834 2248 956 2304 Durnini.

251 2346 426 2405 Ambrosius
440 2344 565 2401 eximius
585 2340 633 2397 Dei
657 2338 803 2405 sacerdos,
830 2336 880 2409 qui
905 2352 922 2391 a
948 2352 1039 2392 manu

216 2436 331 2493 Domini
347 2452 404 2492 uon
419 2433 557 2491 recedens
580 2430 610 2485 iu
637 2428 684 2485 Dei
711 2442 828 2499 semper
846 2424 937 2499 digito
952 2424 1038 2497 quasi

215 2542 333 2600 gemma
346 2522 485 2581 rutilavit.

281 2614 410 2687 Prosperi
422 2612 513 2684 Apelt.
527 2625 562 2667 ee
577 2608 676 2665 coron.
693 2604 768 2663 Grai.
783 2611 839 2661 vet
855 2602 949 2659 Tleed.
965 2620 974 2658 1

595 2695 661 2736 coss.

250 2777 304 2834 Pro
320 2772 464 2831 catholica
486 2770 544 2827 fide
564 2766 660 2825 multa
682 2762 849 2822 sublimiter
863 2760 1036 2819 Ambrosius

213 2865 369 2938 episcopus
384 2860 511 2933 scripsit.

365 2949 520 3006 Theodorei
531 2962 566 3003 ce
579 2939 761 3017 Polymerplte
772 2940 846 2995 Diei.
862 2956 882 2995 ι.

247 3039 340 3097 Audio
354 3036 542 3095 Ambrosium
558 3033 607 3107 qui
623 3028 779 3089 Mediolani
804 3028 903 3085 sedem
924 3026 1034 3099 episco-

1098 1890 1288 1956 poposcerat;
1316 1887 1366 1943 aed
1401 1886 1485 1945 valde
1519 1888 1715 1963 incongruum
1748 1888 1857 1946 credidi
1890 1895 1923 1947 ut

1098 1986 1205 2044 aquam
1229 1973 1440 2049 despicabitern
1467 1976 1608 2046 hauriret,
1631 1993 1721 2049 quem
1747 1980 1861 2034 constet
1885 1978 1922 2035 da

1096 2060 1249 2119 beatarum
1278 2064 1398 2121 Petrum
1427 2064 1577 2123 Ambrosii
1607 2069 1636 2123 et
1667 2066 1825 2141 Augustini
1857 2072 1919 2124 tor·

1095 2150 1230 2294 lpentibus
1245 2154 1392 2225 protunda
1405 2157 1434 2211 el
1448 2154 1605 2228 perspicua
1618 2155 1731 2212 fluenta
1745 2156 1863 2214 assidue
1874 2154 1920 2212 bi-

1116 2254 1174 2295 ere.

1183 2329 1282 2386 isidori
1294 2347 1329 2387 ee
1344 2332 1393 2387 lib.
1409 2347 1430 2387 ιι
1443 2331 1476 2388 de
1490 2331 1567 2404 Olpe.
1579 2332 1678 2389 Eccler.
1691 2349 1752 2406 cop.
1765 2334 1811 2390 25.

1127 2415 1303 2475 Ambrosius
1317 2418 1544 2477 Mediolanensia
1558 2419 1723 2493 episcopus,
1740 2422 1784 2477 vir
1801 2438 1915 2495 magne

1091 2502 1191 2604 glorias
1206 2505 1236 2562 iu
1251 2508 1377 2578 Christo,
1393 2512 1422 2565 et
1441 2507 1623 2567 clarissimus
1647 2510 1749 2568 doctor
1762 2510 1791 2567 in
1818 2510 1914 2567 Eccle-

1091 2609 1145 2649 sis.

1090 2699 1230 2759 Aldlelmi
1243 2703 1364 2773 Sclirel,
1387 2704 1461 2778 apud
1482 2706 1571 2765 occia.
1598 2706 1721 2764 Saxones
1742 2708 1858 2781 episcopi
1878 2724 1915 2765 ee

1301 2775 1393 2832 Cures.
1409 2777 1442 2835 de
1457 2778 1540 2834 ιαιιιι.
1558 2780 1709 2851 l'irpinem.

1124 2880 1185 2930 lam
1199 2879 1251 2931 luit
1264 2882 1399 2947 Hesperiae
1414 2884 1532 2936 lemosns
1544 2882 1624 2935 laude
1638 2886 1765 2937 sacerdos

1092 2942 1257 3016 Ambrosius,
1273 2944 1369 2995 Christi
1384 2947 1523 3009 complens
1536 2950 1672 3012 praecepta
1684 2948 1803 3013 benigni,

1090 3008 1206 3072 Spiritus
1219 3009 1246 3055 st
1260 3012 1339 3057 caste
1352 3010 1470 3059 servam
1481 3009 1584 3061 toedera
1597 3011 1696 3071 cernis,

1089 3072 1139 3131 Qui
1153 3080 1255 3119 nomen
1267 3070 1338 3133 gerit
1350 3070 1499 3123 Ambrosie
1512 3073 1546 3123 de
1560 3077 1668 3123 nectare
1680 3072 1801 3125 ductum.

214 3129 309 3204 palem
324 3126 446 3194 ornavit,
462 3129 491 3181 et
506 3128 608 3181 contra
622 3136 723 3176 omnes
748 3117 873 3173 hereses
899 3113 1035 3189 preclare
1090 3134 1138 3184 flio
1152 3137 1230 3182 tener
1243 3131 1272 3181 in
1285 3133 1362 3183 cuni,
1375 3134 1511 3197 quondm
1525 3134 1590 3185 dum
1602 3136 1732 3199 parvulus
1746 3139 1824 3194 emt,

213 3218 386 3283 decertasse,
402 3220 432 3273 et
446 3210 644 3287 pulcherrima
657 3206 915 3281 apostolorumque
930 3204 1035 3261 doctri·
1049 3191 1071 3260 C
1090 3197 1186 3261 ”⁸8⁰⁸
1199 3193 1350 3244 summum
1364 3196 1446 3260 80⁸⁸st
1458 3196 1609 3259 ⁸1¹⁶⁰2⁸0¹¹¹²
1622 3211 1721 3261 rtrum,

212 3324 256 3365 nas
271 3304 462 3380 congruentia
476 3300 639 3374 scripsisse.

319 3409 406 3466 idacii
417 3424 452 3465 ee
467 3406 566 3463 Cleon.
584 3405 658 3463 Grsl.
674 3420 705 3461 ιιι
718 3410 743 3461 el
755 3404 846 3474 Eqalt.
863 3418 930 3459 coss.

246 3497 420 3556 Ambrosius
443 3497 473 3553 in
496 3494 579 3552 ltalia
601 3491 759 3550 Mediolani
780 3491 947 3566 episcopus,
962 3490 1036 3547 Mer-

211 3587 293 3645 tiuus
316 3587 347 3643 iu
363 3585 465 3644 Galliis
487 3584 612 3641 Turonis
637 3582 803 3655 spiscopus,
820 3584 849 3637 et
863 3580 927 3636 vite
951 3580 1036 3637 meri-

210 3676 260 3745 tis,
284 3680 313 3733 st
336 3675 459 3750 patratis
485 3671 634 3730 miraculis
656 3670 800 3727 virtutum
819 3670 966 3727 habentur
990 3668 1045 3725 in·'

212 3782 320 3839 signes.

291 3854 392 3927 Vipilii
406 3855 482 3926 laps,
497 3868 533 3909 ee
546 3853 595 3908 lib.
613 3851 650 3908 111
665 3850 794 3906 adversus
804 3847 950 3919 Eutychen.

247 3944 281 4000 Et
295 3960 397 4001 omues
412 3941 507 3999 Latini
523 3939 668 3998 sermonis
682 3936 835 4011 apostolici
854 3934 918 4002 viri,
934 3934 963 3990 id
978 3940 1032 4003 est,

210 4031 350 4098 Hilarius,
366 4030 520 4099 Eusebius,
536 4026 719 4094 Ambrosius,
730 4023 913 4098 Augustinus
928 4028 956 4079 et
971 4023 1035 4080 Hia-

148 4130 151 4135 '
212 4136 362 4195 roupmus,
378 4117 546 4175 coelestihus
561 4114 667 4172 imbuti
683 4112 834 4182 doctrinis,
850 4112 939 4169 simul
954 4111 1033 4185 pari-

210 4216 256 4267 ter
269 4208 467 4267 consentiunt.

239 4298 341 4354 delesti
351 4312 432 4369 pope
446 4296 468 4365 l,
481 4310 517 4349 ee
530 4294 608 4366 epist.
626 4292 660 4349 1³
673 4292 710 4349 od
723 4291 955 4360 Dardanos.,tom.
973 4289 1010 4347 lV

478 4365 558 4422 Cone.
576 4364 641 4422 edil.
657 4364 767 4420 ιιιιιιι.

246 4456 340 4512 Beate
355 4454 501 4512 memorie
515 4452 689 4511 Ambrosius
700 4449 925 4508 Mediolanensis
937 4466 1032 4507 sacer·

211 4544 265 4601 dus
280 4542 412 4601 Ecclesie
425 4541 529 4615 majori
544 4542 707 4598 Theodosio
721 4538 891 4613 imperatori
902 4556 1032 4597 commn-

211 4632 329 4689 uiouem
345 4630 459 4705 publice
475 4630 632 4703 palemque
647 4629 811 4704 suspendit,
827 4634 914 4703 atque
925 4629 961 4686 ad
976 4645 1033 4701 pce·

210 4719 365 4779 uiteutiam
380 4718 493 4793 redegit
507 4718 617 4793 regiam
632 4723 816 4792 potestatem.

264 4826 383 4885 Ennodii
398 4828 482 4883 ticin
499 4829 582 4899 eptae.
598 4842 633 4883 ee
648 4825 696 4883 lib.
714 4824 842 4896 lCerns„
856 4825 951 4899 lyme.
967 4826 994 4881 e.

240 4935 312 4986 cmlo
326 4934 415 4985 lerunt
433 4932 600 4983 Ambrosium
622 4932 739 4983 Reduxit
751 4932 890 4994 expulsam
905 4932 1001 4995 tidem;

209 4999 323 5057 Nomen,
339 4996 434 5053 honor.
449 4996 491 5046 rel
506 4994 584 5046 actio.
621 4994 692 5044 Dixit
702 4994 853 5058 triumphos
865 5000 1015 5059 martyrum

211 5059 254 5110 Nil
267 5060 346 5111 dehet
359 5060 403 5110 hic
417 5059 559 5112 facundie·
623 5058 732 5122 bingae
745 5058 857 5108 virentis
869 5058 977 5109 laureis.

210 5122 263 5172 Dos
276 5120 364 5172 omnis
378 5127 427 5183 ιιι,
439 5136 455 5171 ι
467 5122 595 5172 moribus.
625 5120 672 5170 llic
686 5120 862 5183 crepandum
878 5122 987 5174 sustulit

210 5184 295 5233 Fortis
307 5184 446 5248 juvantem
457 5198 510 5235 nou
521 5182 603 5246 cupit,
621 5182 658 5232 De
673 5180 750 5231 leuce
765 5184 896 5245 serpentis
911 5184 969 5235 leri.

211 5245 331 5297 Umboue
346 5248 464 5297 munitus
478 5262 536 5297 suo.
621 5246 672 5305 Qui
686 5245 754 5295 bella
767 5244 863 5295 Christi
874 5247 978 5311 militat,

210 5306 241 5356 lu
255 5320 335 5358 carue
349 5310 437 5359 caruis
451 5310 517 5359 nihil
532 5307 587 5372 agit
623 5306 717 5357 Nudus
730 5308 838 5358 timetur
852 5311 971 5363 ensibus.

211 5367 313 5433 Regiae
327 5384 403 5419 meua
416 5370 444 5419 iu
460 5384 580 5447 corpore.
621 5370 693 5420 Vivit
706 5368 827 5435 sepultus
841 5375 867 5421 et
877 5372 961 5435 juvat.

210 5429 345 5505 Confregit
359 5446 438 5482 omne
449 5432 588 5484 lubricum.
621 5432 731 5483 Clavum
745 5436 840 5483 tenens
854 5434 985 5488 Ecclesiae.

210 5492 254 5543 Sic
268 5493 334 5543 vixit
348 5494 390 5543 tue
406 5507 460 5543 nou
475 5497 533 5556 sibi,
621 5495 726 5546 lustina
740 5496 811 5547 vires
825 5497 952 5568 perdidit,

209 5553 261 5605 Sed
275 5559 348 5605 totus
362 5558 464 5607 auctori
477 5558 541 5607 Deo.
621 5558 670 5609 Det
683 5571 764 5623 poeua
779 5558 835 5611 Vati
850 5562 1002 5624 premium.

209 5616 335 5681 Adjectus
348 5616 412 5671 binc
426 5618 568 5683 Apostotis,

1090 3258 1210 3322 Namque
1224 3269 1336 3307 eramen
1349 3272 1430 3322 apum
1444 3260 1596 3309 numerosis
1609 3259 1678 3311 loris
1691 3259 1824 3323 αιιιιιιις

1089 3318 1231 3373 Contendit
1243 3320 1340 3371 taciem
1353 3322 1443 3386 pueri,
1457 3321 1577 3373 mirabile
1590 3322 1657 3374 latu.

1090 3444 1257 3509 lloclnernpet
1263 3458 1375 3495 examen
1389 3458 1479 3509 apum,
1490 3459 1544 3510 quo
1557 3446 1643 3497 saucii
1658 3446 1734 3497 lehre
1746 3446 1911 3505 redundant,

1090 3508 1182 3581 Dulcia
1195 3507 1344 3581 mulsurpua
1376 3506 1494 3559 ortandit
1508 3508 1734 3583 substernente,

1088 3568 1750 3708 ltilittsstitittttitttiiiiii.iiiii.

1088 3696 1154 3745 cnm
1167 3699 1271 3746 renone
1285 3707 1330 3758 pre
1343 3694 1466 3759 pendam
1480 3695 1514 3745 ab
1528 3708 1632 3759 argius
1646 3709 1744 3759 punis.

1089 3756 1207 3817 Qualiter
1220 3756 1294 3807 hunc
1307 3755 1439 3807 muudum
1453 3770 1558 3807 summa
1568 3756 1716 3831 prudentia
1730 3757 1814 3808 Patris

1087 3820 1217 3884 Tempore
1229 3822 1391 3883 presentem
1404 3820 1473 3869 tuuc
1485 3832 1534 3883 par
1547 3820 1589 3870 bis
1603 3824 1681 3870 terna
1694 3818 1797 3871 dieram

1089 3883 1200 3941 Fecsrit,
1214 3885 1316 3932 eterno
1330 3882 1458 3943 dispones
1472 3881 1569 3933 menie
1583 3886 1661 3932 nutu.

1089 3945 1293 4007 Ruscinonem,
1308 3943 1399 3995 docuit
1413 3944 1506 3995 crebro
1520 3957 1645 3995 sermone
1658 3942 1779 3995 uaerdos

1088 4007 1181 4057 Plures
1194 4004 1345 4070 perducens
1360 4004 1393 4056 ad
1408 4006 1468 4056 coeli
1482 4020 1566 4073 regna
1579 4005 1734 4071 phalanges.

1087 4112 1172 4171 esea
1197 4110 1366 4169 Venerabilis
1388 4128 1424 4168 ee
1446 4112 1496 4169 lib.
1521 4113 1554 4168 rie
1578 4113 1739 4185 Temperans
1753 4113 1862 4171 ratim
1875 4110 1912 4168 cd

1403 4199 1450 4239 an.
1466 4182 1500 4240 ιι.
1517 4182 1596 4239 4337.

1123 4288 1177 4355 Qui
1192 4288 1339 4361 (Valentin.
1363 4288 1470 4362 lenior)
1494 4292 1592 4346 emen
1614 4287 1813 4359 justissimum
1842 4304 1911 4346 cum

1088 4382 1182 4451 matrs
1205 4378 1270 4450 ejus
1299 4375 1417 4435 lustina
1438 4394 1553 4451 poeuam
1577 4376 1631 4433 luit
1654 4374 1771 4433 exsilii:
1789 4377 1860 4449 quia
1883 4383 1912 4435 el

1087 4468 1185 4541 ipsum
1215 4465 1324 4523 Anaua
1358 4465 1463 4540 polluit
1496 4464 1626 4534 heresis,
1655 4468 1684 4521 et
1711 4465 1911 4523 emiuentissi-

1049 4562 1168 4628 Dmsm
1190 4554 1339 4611 catholice
1367 4554 1434 4611 fidei
1463 4570 1559 4611 arcem
1583 4553 1774 4611 Ambrosium
1798 4556 1912 4629 perfida

1087 4642 1240 4701 obsidione
1264 4643 1376 4699 vexavit
1392 4660 1398 4697 :
1415 4658 1468 4699 nea
1492 4643 1667 4716 priusquam
1694 4642 1815 4716 prolatis
1840 4644 1910 4701 hee·

1086 4735 1184 4789 torum
1212 4730 1342 4788 Gervasii
1369 4734 1399 4787 et
1421 4730 1545 4787 Protesii
1572 4734 1745 4805 martyrum,
1774 4733 1831 4790 Deo
1865 4749 1910 4788 re·

1086 4820 1210 4893 velante,
1225 4818 1358 4892 reliquiis
1372 4818 1562 4893 incorruptis,
1577 4820 1705 4878 nefanda
1716 4827 1812 4897 cepta
1823 4822 1909 4879 dess-

1087 4909 1157 4967 ruit.

1086 5016 1193 5073 Niceten
1212 5029 1292 5087 pope
1320 5015 1333 5070 l
1356 5029 1392 5069 ee
1445 5015 1491 5071 ιιι.
1521 5016 1558 5072 ad
1584 5016 1725 5086 Pbolinm,
1754 5021 1819 5073 lem.
1852 5018 1914 5076 1111

1310 5084 1390 5141 Cone.
1439 5086 1471 5141 it.
1488 5086 1562 5143 Pliil.
1576 5088 1687 5144 labbei.

1122 5173 1178 5231 Sed
1205 5176 1235 5228 sl
1272 5171 1476 5229 beatissimum
1505 5176 1694 5233 Ambrosium
1716 5192 1751 5231 ex
1772 5176 1912 5234 catechu-

1088 5280 1183 5331 meno,
1199 5260 1296 5319 divim
1311 5260 1429 5319 oraculo
1450 5263 1487 5320 ed
1512 5265 1714 5338 episcopatum
1730 5268 1909 5337 promotum,

1088 5349 1162 5407 nihil
1177 5350 1314 5422 estquod
1329 5349 1453 5424 exempli
1469 5367 1559 5410 causa
1582 5352 1713 5425 proferas
1736 5352 1854 5426 (etenim
1868 5352 1911 5409 ibi

1089 5439 1161 5497 satis
1175 5440 1220 5495 sat
1234 5438 1343 5508 divim,
1359 5455 1417 5496 nou
1432 5439 1563 5497 humans
1573 5440 1692 5513 jussio),
1710 5442 1796 5514 cnjus
1815 5440 1911 5498 adhuc

1089 5526 1210 5583 infantis
1235 5529 1265 5584 in
1288 5528 1373 5585 cunis
1392 5528 1518 5602 jacentis
1545 5544 1667 5585 examen
1691 5534 1912 5603 apnmrepenle

1089 5614 1228 5675 advolans
1241 5617 1356 5676 vultum
1371 5618 1494 5688 obsedit,
1507 5621 1594 5692 atque
1618 5634 1662 5688 os,
1678 5616 1911 5693 ingredientibus
