4159 6184
140 358 206 429 oa
731 360 927 432 aroucam
952 363 1073 432 navio
1096 365 1265 432 carnei.
1470 309 1474 315 ’
1792 356 1855 431 ouo

146 494 254 556 etesia:
270 517 285 549 u
300 495 383 566 Veni,
400 479 488 557 irater
501 515 596 570 meus,
611 500 781 558 exeaminus
800 504 828 557 in
841 487 843 492 ’
858 517 971 574 agrum,
986 501 1015 567 A
1030 507 1164 559 mortuus
1179 502 1267 560 suerit
1280 502 1332 572 vir,
1348 499 1444 560 solata
1463 503 1509 560 est
1537 495 1634 575 alcgt
1657 497 1740 557 vicie.
1761 499 1854 574 Igitur

142 587 364 661 requiescamus
379 588 409 644 in
429 589 567 659 castellis,
598 588 727 647 diluculo
756 605 913 664 surgamus
942 589 971 644 in
1028 592 1227 661 virenteviro‚
1244 593 1392 649 vocabitur
1413 591 1557 661 adultera,
1584 590 1610 648 si
1634 591 1739 664 juncta
1766 588 1854 647 suerit

140 676 252 742 vineas,
265 677 419 734 videamus
433 677 458 734 si
475 678 574 736 iloruit
587 679 655 735 vitis
665 678 755 748 (dont.
770 697 819 748 vu,
831 679 875 747 ll,
891 677 973 750 12).»
1028 679 1111 738 alteri
1123 681 1203 738 vtro:
1220 682 1245 739 si
1259 687 1357 739 eutem
1377 686 1512 739 mortuus
1537 680 1626 737 luerit
1653 679 1699 736 vir
1725 680 1800 752 ejus,
1815 677 1855 735 li-

140 765 517 838 Nonsolumigiturlavat,
535 769 585 824 sed
603 769 691 824 etiam
708 769 856 824 Christum
877 769 912 823 ad
942 783 974 824 se
1027 769 1129 828 bercta
1142 770 1296 844 estalege
1310 771 1364 827 viri
1381 790 1388 828 :
1406 771 1448 827 ita
1462 776 1496 827 ut
1514 788 1573 827 non
1602 768 1641 826 sit
1668 769 1799 826 adultera
1828 769 1854 826 si

139 855 241 911 venire
256 858 448 930 provocatct
480 855 585 912 invitat
613 857 733 914 dicens:
769 876 780 906 r
807 857 872 915 Tibi
896 857 974 913 daho
1027 858 1445 933 iueritcumalioviro.Ergo
1474 877 1531 915 non
1561 858 1695 916 adultera
1717 858 1853 915 humans

140 944 233 1002 ubere
258 960 323 1000 mea
338 944 418 1017 (idid.
431 945 450 1017 ).
469 967 483 995 a
499 945 557 1002 Nec
571 962 627 1002 sue
653 950 779 1014 tantum,
805 946 856 1002 sed
883 946 973 1002 etiam
1028 948 1187 1005 conditioni
1204 949 1272 1022 (27),
1289 949 1436 1022 quaelicet
1458 948 1513 1006 suh
1540 947 1604 1020 lege
1628 946 1726 1016 luerit,
1754 951 1854 1003 tamen

140 1049 217 1090 nova
232 1049 265 1089 se
278 1037 387 1101 vetera,
403 1033 567 1107 pollicetur,
582 1034 660 1091 sicut
676 1035 785 1091 hahes:
810 1057 825 1087 «
842 1036 920 1092 Nova
945 1023 975 1089 et
1027 1037 1136 1094 abolita
1150 1038 1368 1110 quodammodo
1381 1037 1566 1094 observantia
1580 1036 1663 1110 legis,
1684 1035 1713 1093 in
1729 1036 1854 1110 gratiam

139 1126 247 1189 vetera,
276 1122 367 1178 irater
393 1137 489 1193 maus,
520 1123 631 1180 servavi
661 1123 714 1180 tihi
729 1124 812 1194 (thid.
831 1125 885 1196 13).
905 1145 918 1173 u
939 1124 973 1194 Ep
1026 1126 1239 1184 vindicataest.

140 1213 225 1285 quasi
242 1211 350 1268 amoris
365 1211 523 1284 impatiens
535 1213 645 1286 quaerit
669 1211 886 1269 adminiculum
920 1211 971 1267 ali·
1063 1217 1105 1270 49.
1138 1215 1222 1290 Legis
1248 1219 1345 1273 autem
1374 1217 1591 1273 observantiam
1621 1231 1679 1271 non
1721 1213 1854 1272 Christus

139 1301 269 1374 eujus‚a
296 1317 354 1372 quo
370 1299 505 1358 Christus
529 1307 647 1375 regetur
674 1305 706 1356 ut
736 1301 841 1358 veniat.
871 1299 972 1356 Videte
1026 1303 1160 1360 abolevit.
1189 1304 1271 1360 Unde
1284 1309 1312 1361 et
1327 1304 1424 1363 Uriam
1453 1322 1511 1360 non
1540 1304 1630 1360 David
1658 1303 1775 1374 oceidit,
1801 1303 1853 1360 sed

140 1387 437 1456 estuantemvidete
465 1389 704 1446 desiderantem:
735 1413 749 1439 (ι
780 1390 850 1456 Quis
878 1389 970 1470 dabit,
1027 1393 1482 1468 occiutiahellatoriuuspassus
1502 1396 1565 1451 est:
1595 1393 1649 1449 hoc
1676 1398 1732 1464 est,
1757 1391 1855 1465 proia-

139 1477 299 1551 inquit,te‚
322 1477 411 1533 irater
440 1493 533 1543 meus,
565 1476 724 1536 lactantem
754 1479 843 1534 ubera
870 1478 972 1534 matris
1026 1481 1090 1538 naci
1106 1483 1195 1538 ritum
1211 1483 1400 1540 observantias
1430 1482 1707 1555 exlegevenientis,
1736 1498 1788 1555 par
1812 1480 1855 1537 in·

139 1583 210 1623 meae
226 1566 317 1640 (Ceut.
334 1583 393 1635 vur,
411 1565 462 1638 li?
474 1588 487 1616 u
503 1567 538 1622 Et
548 1584 607 1640 qua
623 1567 899 1641 rationequerat‚ct
910 1585 969 1641 qua
1025 1571 1191 1628 cursionum
1214 1571 1408 1628 Bar-herorum
1423 1575 1452 1628 et
1461 1572 1658 1644 captivitatem
1684 1572 1853 1628 iudeorum

137 1655 233 1730 gratia
262 1655 374 1727 invitet,
402 1659 432 1712 et
460 1657 708 1728 quemadmodum
738 1657 831 1729 possit
861 1662 969 1738 tenere,
1025 1676 1130 1731 passus
1143 1663 1188 1715 est
1202 1659 1346 1715 Christus.
1361 1659 1494 1732 Denique
1508 1660 1603 1725 Urias,
1618 1659 1669 1716 lux
1684 1675 1749 1717 mea
1781 1659 1853 1716 diei-

139 1745 341 1802 demonslrat:
362 1745 611 1816 quemadmodum
632 1745 703 1802 ioris
731 1750 894 1803 morantem
922 1763 969 1802 ex·
1023 1751 1082 1815 tur,
1098 1765 1162 1820 que
1188 1751 1285 1804 eutem
1313 1747 1423 1805 Christi
1447 1746 1506 1815 lux,
1523 1748 1580 1805 nisi
1596 1748 1642 1804 lex
1667 1751 1696 1804 et
1723 1749 1851 1821 Evange-

137 1837 261 1907 spectet,
277 1833 407 1890 ostendit
421 1851 428 1889 ε
442 1836 471 1890 et
485 1837 517 1890 ut
533 1833 655 1890 domum
677 1851 762 1891 suam
785 1834 970 1909 ingrediatur
984 1869 1008 1935 Β
1024 1834 1097 1892 lium
1111 1835 1149 1892 t«
1166 1835 1291 1893 sienim
1318 1836 1476 1892 crederetis
1506 1836 1609 1908 Moysi,
1639 1836 1796 1892 crederetis
1824 1839 1853 1893 et

136 1922 278 1996 implorat
298 1921 446 1978 dioeneru
478 1920 632 1978 laveniens
660 1926 688 1978 te
718 1922 790 1979 loris
814 1923 970 1979 osculabor
1023 1924 1168 1981 mihizde
1184 1940 1230 1980 me
1245 1924 1323 1980 enim
1340 1923 1389 1980 ille
1402 1924 1626 1997 scripsitpoon.
1638 1940 1665 1992 v,
1681 1924 1737 1996 ld).
1750 1945 1764 1974 »
1780 1924 1854 1991 Quia

134 2015 176 2079 te,
192 2014 395 2079 assumamtc,
413 2009 603 2068 otadducsm
619 2017 646 2067 te
666 2011 695 2066 in
720 2012 841 2068 domum
865 2011 968 2068 matris
1023 2012 1074 2069 lux
1101 2012 1210 2069 Christi
1238 2011 1268 2067 in
1298 2011 1362 2085 lege
1390 2012 1549 2084 precessit,
1580 2013 1666 2085 cujus
1694 2018 1795 2084 postea
1822 2013 1853 2070 in

137 2117 221 2171 mera,
236 2103 266 2157 et
277 2100 306 2155 in
322 2103 467 2156 secretum
495 2100 559 2171 ejus
575 2116 639 2172 quae
664 2100 798 2174 concepit
811 2117 858 2157 me
886 2101 966 2170 (thid.
1023 2101 1170 2175 Evangelii
1185 2100 1280 2174 gratia
1293 2099 1378 2174 quasi
1393 2100 1423 2158 in
1447 2102 1623 2174 heptamyxo
1657 2100 1763 2175 spiritu
1786 2101 1852 2158 uni-

135 2191 175 2262 2).
192 2189 283 2246 Vides
293 2187 542 2260 quemadmodum
560 2188 640 2244 nuda
655 2188 705 2256 sit,
721 2205 784 2261 quae
800 2205 858 2245 non
874 2193 969 2262 potest
1021 2207 1107 2247 versa
1120 2190 1177 2262 (28)
1194 2189 1300 2245 mundi
1315 2188 1407 2262 hujus
1427 2188 1569 2262 implerit.
1599 2189 1672 2246 Hinc
1697 2206 1766 2263 ergo
1794 2188 1852 2265 legi

135 2283 249 2336 tectum
265 2276 967 2350 haheresecretumintemorataautiquenaturce,
1023 2295 1140 2335 carnem
1170 2276 1290 2335 sustulit
1318 2277 1364 2334 vel
1391 2277 1552 2335 Ecclesiam
1581 2283 1611 2334 et
1638 2277 1695 2334 sihi
1726 2279 1850 2351 junxit:

135 2371 284 2425 secretum
321 2363 430 2421 intime
456 2366 652 2435 conscientia,
685 2384 743 2422 non
781 2365 967 2440 designatum
1023 2369 1109 2438 cujus
1133 2367 1206 2440 legis
1234 2366 1334 2423 lumen
1378 2366 1506 2440 populus
1535 2366 1653 2423 hostilis
1690 2367 1850 2435 imminuit,

135 2455 239 2528 aliqua
253 2454 416 2511 temeritate
428 2453 576 2511 vitiorum.
603 2454 710 2510 Hortus
739 2453 819 2511 enim
848 2452 967 2510 clausus
1022 2453 1488 2530 quandolegissanctaviolavit
1518 2455 1680 2512 Imminuta
1708 2473 1777 2531 ergo
1800 2457 1852 2514 lux

135 2551 183 2601 est
198 2542 329 2600 Ecclesia
344 2545 455 2609 sancta,
471 2547 500 2599 et
514 2542 711 2599 immaculata
725 2542 888 2617 virginitas,
904 2559 969 2614 qua
1023 2544 1074 2600 Dei
1089 2543 1177 2600 estin
1192 2542 1300 2616 populo
1314 2543 1493 2608 Judaeorum,
1504 2543 1575 2616 quia
1590 2544 1706 2602 cecitas
1720 2561 1755 2601 ex
1769 2549 1851 2618 perte

134 2631 437 2704 ideohancgratiam
454 2631 749 2700 mereturaGhristo,
766 2631 968 2704 quiaverhum
1022 2633 1053 2689 in
1069 2630 1157 2689 lsrael
1173 2631 1303 2705 contigit,
1319 2632 1410 2688 donec
1423 2631 1572 2703 plenitudo
1601 2633 1735 2705 gentium
1757 2634 1849 2692 intra·

134 2721 188 2778 Dei
204 2718 350 2794 quesivit,
361 2719 548 2788 desideravit,
563 2719 681 2787 invenit,
712 2718 875 2793 advigilans
901 2722 968 2776 ante
1023 2727 1076 2790 ret,
1093 2727 1121 2779 et
1135 2720 1177 2777 sic
1191 2721 1289 2776 omnis
1304 2718 1393 2777 lsrael
1408 2718 1506 2777 salvus
1521 2720 1614 2777 fieret.

135 2810 215 2866 ostia
230 2809 391 2883 sapientire.
408 2809 485 2865 sicut
500 2809 565 2880 ipsa
579 2809 665 2864 dicit:
683 2831 696 2858 u
719 2809 825 2864 Beatus
847 2808 891 2864 vir
918 2808 968 2880 qui
1355 2825 1471 2882 CAPUT
1484 2825 1517 2880 χ,

135 2898 266 2956 audierit
285 2913 342 2966 me,
361 2897 493 2954 ethome
509 2895 558 2971 qui
586 2897 648 2953 vias
675 2913 756 2954 meas
786 2897 967 2965 custodierit,
1025 2917 1334 2980 &mmmmm
1351 2913 1439 2970 amp,
1465 2931 1493 2968 m
1512 2915 1628 2970 ,mium
1655 2915 1687 2969 p„
1712 2913 1848 2972 adum,

135 2986 304 3061 advigilans
319 2985 393 3042 meis
408 2985 493 3042 ostiis
509 2985 650 3058 quotidie,
675 2985 842 3042 castodiens
870 2989 969 3058 postes
1059 2986 1426 3068 Dueidicototaus,utmirum
1438 2933 1650 3042 redamemus
1658 2986 1848 3042 cumdumouo

135 3077 198 3134 mci
225 3075 374 3133 introitus.
402 3075 504 3130 Exitus
545 3075 613 3142 mei,
658 3075 763 3144 exitur,
804 3078 874 3130 sunt
905 3074 968 3129 vitm
1057 3057 1541 3130 'ifllurwtlni'llmlw‘lmmwluh

136 3163 472 3238 (-1³roe.v1u,³t,35).»
1058 3168 1103 3222 50.
1134 3166 1273 3237 Superest
1300 3161 1396 3217 adhuc
1427 3165 1456 3218 et
1484 3165 1623 3235 quartum
1662 3161 1847 3237 mysterium,

134 3311 137 3318 ,
176 3253 222 3308 ⁴8.
238 3253 284 3308 Sic
299 3250 434 3307 dantesie
463 3269 523 3308 sum
550 3251 683 3308 Christus
708 3251 835 3322 speciem
861 3267 967 3307 concu-
983 3233 1005 3301 C
1024 3257 1113 3329 quod,
1126 3269 1236 3326 quasso,
1248 3249 1526 3324 placidisaecipiatis
1537 3250 1669 3318 auribus,
1681 3254 1845 3308 etmentem

136 3342 215 3416 pivit
227 3346 255 3398 ct
271 3339 382 3413 paravit
403 3339 458 3397 sibi
487 3357 551 3396 earn
578 3356 696 3396 uxorem
712 3339 884 3396 adsciscere.
910 3339 966 3396 Sed
1022 3349 1161 3407 nostram,
1182 3339 1507 3411 nonverbapendatis;
1524 3339 1677 3395 nonenim
1701 3339 1732 3395 ia
1757 3339 1845 3396 verbo

137 3429 212 3504 (1⁰5⁸
227 3433 291 3486 θΐῧῐ
305 3429 360 3485 ⁸⁰¹³
377 3429 439 3502 ¹080
452 3429 521 3500 (⁵¹¹b
536 3428 599 3502 ¹080
615 3429 693 3484 essim
707 3428 965 3496 PellthOssnnes·
1022 3437 1067 3489 est
1081 3447 1204 3503 regnum
1222 3429 1281 3497 Dei,
1297 3429 1347 3485 sad
1364 3427 1394 3482 in
1409 3428 1524 3484 virtute.
1536 3426 1720 3484 Adulterium
1735 3427 1845 3484 iactum

141 3517 221 3576 m
235 3517 394 3590 ceterique
406 3516 557 3590 apostolici
571 3517 647 3590 viri),
677 3517 759 3588 prius
787 3533 841 3572 nos
869 3517 967 3572 obser·
1023 3525 1079 3588 est,
1094 3524 1123 3575 et
1136 3515 1330 3573 homicidium
1346 3515 1467 3570 iactum.
1482 3515 1542 3571 Hoc
1560 3520 1605 3572 est
1628 3516 1707 3589 quod
1735 3515 1846 3574 dictum

139 3607 248 3662 vantiaa
277 3604 437 3678 corporalis
464 3605 590 3662 vinculis
631 3603 804 3662 relaxandos
846 3602 966 3677 putavit.
1024 3613 1069 3665 eut
1094 3605 1463 3677 adprophetam:«sum0
1486 3602 1847 3661 tibibuoulumnuuinum

140 3694 284 3764 Quereris
297 3693 375 3752 anim
391 3691 437 3750 les
448 3693 595 3768 religiosa,
611 3692 654 3750 les
673 3694 761 3765 iusta,
792 3692 869 3749 sicut
895 3691 968 3748 Uria
1024 3699 1133 3770 (term,
1147 3693 1234 3764 uti).
1250 3713 1264 3742 u
1282 3692 1316 3747 ut
1330 3690 1400 3746 alihi
1414 3690 1527 3764 virgam
1551 3691 1690 3748 nucinam
1709 3690 1846 3765 legimus,

141 3799 270 3859 persona
282 3782 442 3852 inducitur,
463 3783 514 3856 qui
541 3787 602 3838 tam
632 3781 785 3855 religiosus
813 3786 843 3838 et
869 3785 970 3837 castus
1025 3802 1077 3858 peu
1091 3798 1180 3856 quam
1202 3778 1461 3853 intelligimusjus
1476 3779 1623 3849 quoddam
1643 3783 1673 3836 et
1699 3795 1848 3836 summam

141 3873 210 3940 sarit,
228 3875 260 3928 ut
275 3887 426 3944 regressus
440 3887 455 3927 e
471 3870 546 3928 hello
564 3887 683 3927 uxorem
699 3887 756 3926 non
783 3885 969 3942 recognosce·
1026 3870 1196 3946 prophetie,
1213 3885 1276 3940 que
1294 3883 1374 3923 more
1389 3867 1474 3922 nucis
1489 3865 1562 3923 soris
1576 3882 1677 3923 amara
1691 3866 1722 3922 in
1742 3867 1850 3923 cortice

143 3965 199 4030 ret,
216 3960 404 4017 necintraret
427 3960 464 4017 ad
488 3975 572 4027 eam;
603 3962 701 4016 temen
729 3957 799 4031 quia
827 3957 910 4014 Urias
940 3957 979 4012 iu·
1026 3963 1099 4018 dura
1109 3960 1139 4014 in
1152 3957 1248 4013 medio
1264 3959 1348 4023 testa,
1359 3959 1459 4010 tenera
1473 3953 1553 4010 intus
1567 3959 1613 4010 est
1635 3957 1664 4010 ct
1690 3953 1848 4010 fructuosa.

142 4049 318 4116 David,hec
331 4053 387 4114 est,
402 4048 462 4104 viro
477 4047 595 4113 humili,
610 4047 746 4121 copulam
761 4045 895 4120 cognovit
918 4046 971 4101 Ec·
1027 4049 1089 4107 Etsi
1103 4045 1235 4121 igiturin
1257 4043 1379 4100 historia
1407 4043 1552 4098 amariora
1573 4041 1694 4110 auditio,
1723 4041 1754 4098 in
1782 4045 1851 4114 typo

143 4138 243 4196 clesiae
270 4137 371 4208 (tilla
397 4141 555 4210 synagoge
585 4135 792 4208 conjunctione
808 4134 971 4200 discedens,
1028 4132 1553 4208 duracognoscitis;speratetamen
1568 4131 1598 4186 in
1624 4130 1762 4206 mysterio
1790 4128 1852 4186 iru-
1887 4131 1891 4138 ’

142 4228 244 4285 locum
260 4225 367 4282 lutaris
383 4225 495 4297 nuptiis
510 4225 693 4298 preparavit.
709 4225 790 4281 Unde
803 4228 831 4280 ct
844 4224 973 4279 ,ioannes
1028 4232 1140 4283 ctuosa.
1155 4219 1351 4287 Adulterium,
1368 4219 1501 4290 inquam,
1521 4216 1552 4274 in
1571 4223 1641 4290 typo
1657 4218 1734 4274 m
1748 4215 1853 4274 salutis

144 4321 251 4390 turum
265 4314 377 4387 accepit
391 4312 475 4387 legis,
491 4313 540 4386 qur
566 4312 700 4385 quamvis
725 4316 803 4369 esset
831 4327 866 4366 ex
883 4311 973 4366 Patri·
1028 4314 1234 4372 estsruutum:
1252 4307 1404 4364 nonenim
1424 4305 1694 4362 adulteriumomnu
1709 4306 1853 4362 damnau-

145 4406 216 4470 bus‚
236 4403 333 4476 pareri
347 4402 410 4458 vias
425 4401 541 4458 Domini
557 4401 703 4457 nuntiavit
716 4404 745 4455 et
769 4399 901 4455 aeclesia
924 4415 973 4455 co·
1029 4404 1101 4459 dum
1125 4404 1179 4455 est.
1212 4394 1341 4467 Denique
1364 4393 1401 4450 ed
1429 4393 1605 4465 Prophetam
1646 4393 1760 4449 dictum
1794 4394 1852 4449 est:

146 4490 250 4566 pulum
279 4489 488 4564 prophetehat:
519 4494 549 4545 et
580 4489 644 4544 ideo
673 4488 787 4544 occisus
814 4485 975 4553 inducitur,
1035 4489 1156 4556 uVade,
1181 4483 1278 4555 accipe
1294 4483 1345 4537 tibi
1372 4496 1492 4536 uxorem
1528 4480 1715 4539 fornicariam
1743 4480 1854 4552 (Oscor,

147 4587 182 4638 ut
210 4579 356 4636 deiectum
380 4577 516 4652 legitimae
549 4576 761 4633 observationis
798 4574 972 4631 ostenderet.
992 4580 1067 4662 02),
1082 4600 1096 4627 »
1112 4572 1254 4630 Dominus
1268 4570 1323 4625 hoe
1336 4570 1421 4639 jubet
1435 4584 1502 4624 cum
1518 4585 1553 4625 ea
1567 4586 1631 4642 quoe
1647 4568 1857 4626 tornicatalus-

147 4666 502 4740 Lexenimetprophetae
531 4681 625 4738 usque
654 4666 690 4722 ad
718 4665 870 4721 loannem.
899 4663 975 4734 Ergo
1030 4667 1078 4732 rit,
1105 4677 1169 4720 esse
1198 4658 1388 4731 conjugium:
1422 4658 1509 4727 cujus
1532 4657 1678 4730 conjugii,
1708 4662 1741 4714 ut
1768 4671 1858 4726 supra

145 4759 211 4829 jam
228 4755 311 4813 Urias
344 4753 742 4827 oceisesestintypolegis,
768 4756 800 4808 ut
824 4753 977 4824 synagoga
1031 4753 1159 4811 diximus
1175 4749 1274 4820 (Supra
1298 4762 1358 4818 cup.
1386 4746 1415 4813 9,
1446 4744 1528 4818 hujus
1556 4746 1633 4817 1ίὸνί)
1646 4787 1657 4812 .,
1681 4749 1784 4816 partus
1813 4743 1859 4797 cst

147 4846 225 4920 legis
249 4845 362 4918 laqueis
388 4843 557 4912 solveretur,
574 4843 713 4915 quoniam
743 4858 806 4913 ques
835 4841 890 4896 suh
916 4839 977 4894 viro
1032 4842 1174 4899 Christus.
1206 4836 1339 4907 Namque
1367 4833 1426 4889 illie
1449 4833 1500 4905 qui
1525 4849 1560 4889 ex
1584 4831 1775 4889 fornicatione
1815 4843 1858 4893 as,

149 4939 198 4992 est
212 4931 329 5000 mulier,
345 4931 452 4990 viventi
468 4931 538 4999 vivo,
559 4929 649 5004 ligata
672 4934 717 4986 est
738 4928 813 5001 lagi;
830 4928 854 4986 si
880 4933 977 4984 autem
1033 4935 1130 4993 nutus,
1143 4943 1159 4980 a
1173 4923 1296 4980 Domino
1312 4937 1419 5004 nomen
1449 4920 1620 4992 impositum
1643 4923 1688 4974 ast
1715 4913 1861 4972 Jszrahelt

189 5047 247 5122 (El)
263 5049 306 5103 lta
317 5047 385 5103 edit.
397 5062 510 5115 omnes,
526 5061 559 5101 ac
574 5045 657 5119 pauci
675 5061 746 5100 rrss.
762 5045 857 5100 Codex
879 5044 979 5108 Turn,
1035 5047 1056 5102 li
1078 5061 1120 5099 as.
1136 5041 1249 5096 Rursus
1259 5036 1369 5093 ibidem
1383 5035 1452 5092 edit.
1469 5036 1533 5090 Era.
1550 5036 1579 5090 ct
1594 5048 1665 5089 mss.
1680 5031 1749 5098 duo,
1770 5037 1862 5086 maun

153 5127 248 5175 tumen
262 5119 312 5174 eti
327 5120 393 5176 Uria
408 5118 558 5187 interfecto,
589 5116 683 5182 Detrid,
712 5117 829 5182 dcccci,
858 5117 902 5169 uir
930 5115 980 5168 hu·
1033 5063 1117 5175 oblitu
1145 5106 1472 5194 ertutcpianuodumruodo
1495 5106 1591 5175 (msa,
1618 5099 1856 5174 quemadmodum)

153 5191 231 5246 uara
258 5190 383 5261 coputam
409 5189 534 5258 copnouit
567 5189 701 5244 Ecclesia.
743 5185 850 5242 Theod.
890 5188 982 5240 iumen
1037 5189 1210 5246 ohsmroutcc
1225 5183 1291 5309 Ὦρα
1305 5197 1336 5235 m
1350 5179 1549 5258 mahumete.
1606 5242 1612 5255 ι
1666 5243 1672 5254 .
1805 5238 1811 5253 ⁸

155 5260 386 5328 uhiumihuuid,
403 5259 454 5316 hoc
471 5261 521 5325 cst,
550 5259 605 5314 viri
633 5259 747 5313 humilis
776 5257 901 5329 copulam
937 5270 980 5310 co·
1075 5255 1211 5330 (28)Mss.
1257 5241 1863 5322 iquot,ed1t.Era.acthll.ramargine,

154 5333 250 5459 {aava
272 5331 400 5388 Ecclesia.
446 5329 503 5384 Alii
519 5335 654 5401 quatuor,
682 5332 773 5385 tumen
819 5327 866 5382 uhi
906 5327 985 5381 Urius
1039 5331 1069 5385 in
1085 5328 1247 5399 heptamyxo
1262 5320 1416 5392 septiformi
1440 5318 1553 5398 spiritu.
1581 5315 1617 5370 At
1642 5313 1789 5389 glossema
1808 5315 1861 5368 est.

179 5402 380 5469 acridhoccst,
398 5401 717 5472 uirilemitiscoputom
740 5399 873 5470 coquenti,
898 5397 986 5452 Eccte-
1039 5396 1240 5456 Noudubium
1272 5395 1369 5472 autem
1398 5404 1468 5459 quin
1492 5385 1641 5442 alludatur
1669 5385 1705 5442 ad
1730 5381 1864 5440 candela-

155 5476 220 5539 siae,
234 5476 288 5529 etc.
1041 5472 1128 5528 hrum
1144 5464 1247 5523 veteris
1261 5460 1345 5534 legis,
1361 5477 1391 5513 rn
1406 5474 1463 5530 quo
1487 5460 1568 5513 erant
1587 5454 1713 5512 lucernis
1741 5456 1864 5526 septam,

196 5545 252 5618 (27)
285 5544 369 5599 Rom.
411 5542 499 5610 Edit,
537 5542 664 5598 ortrtttero
692 5540 812 5595 iiucauuo
850 5538 987 5606 concilim·
1043 5541 1152 5615 quihus
1168 5531 1345 5608 septiformis
1360 5529 1455 5604 gratis
1479 5527 1572 5584 saneti
1586 5527 1714 5600 Spiritus
1733 5525 1867 5597 designa·

157 5613 303 5671 uiscus
318 5631 350 5672 ae
375 5629 446 5671 mss.
463 5629 576 5682 omnes,
605 5609 910 5671 tuumunacoudittcuic
937 5625 990 5664 nec
1044 5616 1140 5671 batur.

158 5685 249 5756 male,
267 5685 291 5743 si
305 5703 407 5744 vocem
422 5685 558 5756 adelmo,
575 5686 611 5742 do
627 5682 755 5742 Ecclesia
769 5681 878 5739 dictam
908 5680 991 5738 intel-
