4159 6184
195 387 234 446 sa
717 387 898 446 aeternna:
921 388 1102 460 raucius,
1128 361 1223 448 ann
1248 391 1434 449 ιιιίιιιιιιι.
1865 341 1908 459 ιι

195 518 270 578 nihil
283 534 395 576 curans
409 534 629 591 eorum,qnna
655 516 777 574 muliere
800 518 1023 588 excitabantur;
1038 516 1067 587 Α
1080 521 1159 574 runt.
1174 517 1265 590 Cujus
1288 518 1466 579 celebritatis
1485 522 1598 581 devotio
1623 539 1717 598 usque
1738 524 1768 582 in
1793 525 1905 586 hodier-

194 624 257 664 una
272 606 309 664 de
322 604 487 680 virginibus
500 605 678 664 arianorum
693 606 892 680 impudentior
901 605 1024 676 ceteris,

195 695 1025 770 tribunalconscendens,apprebeusovestimentcsacer·

197 787 287 854 dotis,
302 801 370 842 cum
384 785 470 843 illum
485 787 632 844 attrahere
645 785 731 844 vellet
744 787 780 844 ad
792 791 905 861 partem
920 785 1025 842 mulie·

198 893 275 944 rum,
291 879 325 931 ut
339 875 375 932 ab
395 876 468 948 ipsis
491 891 585 933 cesus
601 875 774 933 deecclesia
791 875 966 948 pelleretur;
983 875 1025 934 ait

198 965 235 1032 ei,
251 969 285 1020 ιιι
298 965 365 1038 ipse
377 964 483 1021 solitus
498 968 562 1023 erat
586 966 693 1023 reterre
708 983 715 1022 ε
732 965 793 1021 etsi
817 981 870 1039 ego
883 964 1025 1040 indignus

195 1058 278 1111 tanto
292 1055 551 1125 sacerdotiorum,
571 1059 671 1112 tamen
693 1058 721 1111 ta
745 1072 804 1112 non
827 1054 963 1112 convenit
979 1053 1024 1113 vel

194 1145 413 1218 professionem
441 1149 525 1201 tuam
553 1143 584 1200 in
615 1143 862 1218 qualemcumque
893 1145 1026 1202 sacerdo·

193 1239 257 1291 tem
287 1249 396 1292 manus
423 1235 546 1306 injicere
567 1259 575 1301 ς
596 1235 675 1292 unde
702 1234 825 1293 deberes
852 1234 945 1292 vereri
972 1235 1024 1292 Dei

192 1321 354 1397 judicium,
384 1338 421 1378 ne
450 1322 504 1379 tibi
533 1322 645 1395 aliquid
672 1322 743 1380 mali
777 1323 914 1381 eveniret.
942 1323 1025 1390 Quod

198 1412 311 1470 dictum
324 1411 632 1482 exituscontirmavit3
648 1429 718 1470 nam
735 1413 791 1470 alio
806 1413 853 1471 die
877 1417 1024 1472 mortuam

199 1503 239 1559 ad
254 1500 422 1576 sepulcrum
436 1518 531 1576 usque
548 1499 679 1572 deduxit,
700 1503 825 1577 gratiam
847 1520 900 1577 pro
924 1509 1026 1562 contu·

1080 623 1152 664 num
1177 607 1255 666 diem
1284 627 1342 666 non
1367 609 1463 668 solum
1494 610 1525 668 in
1558 613 1660 670 eedem
1690 613 1822 686 ecclesia,
1855 633 1903 674 ve·

1079 712 1145 753 rum
1160 713 1212 770 per
1236 715 1339 756 omnes
1366 715 1439 773 pene
1467 700 1630 760 Occidentis
1660 704 1825 778 provincias
1840 723 1901 764 ma·

1079 789 1138 843 net.

1116 875 1158 931 ll.
1175 873 1230 932 Per
1245 876 1323 934 idem
1337 881 1454 952 tempus
1469 880 1564 938 sancti
1589 885 1731 957 martyres
1753 883 1904 942 Protesius

1079 967 1108 1021 et
1121 966 1276 1022 Gervaeius
1288 983 1319 1023 se
1335 969 1479 1025 sacerdoti
1494 970 1810 1030 revelaverunt-lirant
1824 973 1903 1032 enim

1079 1053 1109 1110 in
1124 1053 1247 1110 basilice
1261 1054 1360 1128 positi,
1377 1056 1407 1118 in
1423 1073 1483 1130 qua
1507 1063 1576 1115 sunt
1598 1059 1685 1117 bodie
1704 1077 1826 1135 corpora
1846 1063 1902 1120 Na·

1079 1141 1159 1198 boris
1180 1146 1210 1199 et
1236 1143 1338 1202 felicis
1362 1150 1548 1219 martyrum:
1566 1149 1616 1205 sed
1641 1149 1735 1206 sancti
1759 1155 1905 1226 martyres

1079 1231 1176 1288 Nabor
1189 1237 1218 1289 et
1232 1233 1310 1290 Felix
1331 1233 1518 1292 celeberrime
1541 1236 1812 1311 frequentabantur,
1838 1242 1905 1299 Pro·

1079 1320 1227 1379 tasiiverc
1254 1327 1283 1379 et
1306 1323 1436 1381 Gervaeii
1452 1329 1615 1399 martyrum
1643 1330 1676 1383 ut
1703 1331 1835 1398 nomina,
1863 1331 1906 1390 ita

1079 1410 1167 1466 ctiam
1179 1411 1314 1484 sepulcra
1329 1412 1478 1488 incognita
1491 1418 1584 1485 erant,
1601 1415 1631 1472 in
1645 1419 1760 1476 tantum
1771 1421 1905 1492 utsupra

1079 1499 1211 1573 ipsorum
1225 1501 1362 1575 sepulcre
1381 1501 1568 1561 ambularent
1587 1521 1700 1573 omnes,
1725 1507 1776 1580 qui
1798 1507 1905 1567 vellent

197 1591 289 1648 melia
311 1591 487 1665 rependens.
512 1591 547 1648 lit
569 1591 624 1649 boc
639 1592 750 1649 iactum
773 1610 833 1650 non
856 1593 948 1652 levem
971 1595 1025 1651 ad·
1079 1589 1115 1646 ad
1131 1588 1275 1648 cancellos
1290 1593 1451 1666 pervenire,
1466 1594 1575 1666 quibus
1596 1598 1765 1654 sanctorum
1780 1597 1904 1656 Naborie

196 1681 337 1739 versariis
370 1681 495 1738 incussit
530 1685 654 1751 metum,
686 1698 848 1756 penemque
886 1700 1024 1758 magnam
1078 1681 1107 1736 et
1121 1679 1225 1738 Felicis
1241 1685 1403 1754 martyrum
1417 1682 1454 1738 ab
1472 1680 1582 1754 injuria
1603 1683 1740 1758 sepulcra
1763 1686 1905 1745 deiende-

196 1769 334 1828 Ecclesin
361 1768 510 1828 catholice
539 1769 570 1827 in
607 1771 771 1830 ordinando
805 1772 943 1848 episcopo
970 1773 1024 1830 tri·
1078 1769 1196 1826 bantur.
1224 1771 1279 1827 Sed
1308 1770 1358 1828 ubi
1386 1775 1554 1830 sanctorum
1589 1777 1752 1847 martyrum
1781 1791 1907 1849 corpora

196 1860 273 1917 buit,
1080 1861 1150 1916 sunt
1164 1859 1268 1927 leuata,
1283 1863 1313 1916 et
1340 1860 1370 1917 in
1398 1859 1509 1920 lecticis
1537 1862 1644 1936 posita,
1674 1863 1835 1923 multorum
1864 1864 1906 1924 ibi

233 1949 278 2005 l2.
294 1948 438 2007 Ordinato
450 1949 551 2024 itaque
575 1950 717 2009 catholico
736 1951 898 2022 sacerdote,
913 1953 1024 2011 Medio·
1038 1896 1065 1965 Β
1080 1947 1193 2006 Satanas
1222 1949 1410 2022 egritudines
1443 1952 1648 2024 perdocentur.
1679 1953 1778 2012 &aas
1815 1955 1905 2015 etiam

196 2039 301 2097 tanum
311 2040 477 2109 revertitur,
493 2040 594 2114 ibique
617 2041 797 2114 supradiotae
818 2041 942 2100 sustines
962 2057 1026 2100 mu.
1079 2036 1203 2094 Severus
1219 2038 1347 2110 nomine,
1363 2040 1413 2113 qui
1434 2056 1512 2098 nunc
1539 2058 1633 2115 usque
1657 2040 1688 2099 in
1709 2044 1812 2102 eadem
1827 2045 1906 2102 basi·

196 2129 278 2188 lieris
291 2128 466 2188 innumeras
480 2128 603 2187 insidias
617 2129 838 2206 sustinuitque
851 2132 1026 2192 muneribus
1079 2124 1136 2183 lice
1154 2145 1218 2201 que
1235 2128 1344 2185 dieitur
1363 2130 1566 2202 Ambleeiesses
1582 2131 1613 2188 5¹¹
1628 2146 1717 2204 ‘luem
1742 2138 1905 2209 mellitum

197 2224 286 2293 atqm
302 2220 466 2278 bonoribus
480 2221 621 2278 adversus
634 2225 770 2280 sanctum
793 2222 890 2280 uirum
904 2222 1024 2294 oblatis,
1079 2232 1200 2290 corpora
1222 2223 1293 2275 sunt
1317 2218 1469 2288 translata,
1496 2220 1631 2294 religiose
1646 2222 1755 2292 servit;
1772 2224 1823 2280 ubi
1837 2241 1903 2282 vee-

196 2309 343 2384 populum
357 2309 511 2368 excitabat.
523 2311 580 2367 Sed
605 2308 793 2368 intirmorum
807 2312 900 2370 animi
914 2313 1025 2372 talibus
1079 2310 1139 2364 tem
1154 2313 1314 2382 martyrum
1330 2308 1437 2382 attigit,
1461 2311 1560 2368 statim
1584 2309 1684 2368 lumen
1709 2313 1827 2385 recepit.
1848 2314 1904 2372 0b-

195 2399 357 2472 promissis
384 2399 624 2473 decipiebantur;
641 2401 831 2474 promittebat
843 2401 921 2458 enim
932 2401 1025 2459 tribu·
1079 2412 1162 2454 sessa
1176 2397 1264 2454 etiam
1277 2414 1400 2471 corpora
1415 2415 1430 2454 a
1446 2398 1600 2472 spiritibus
1615 2399 1779 2458 immundis
1793 2406 1904 2471 curata,

195 2492 299 2555 natue,
316 2491 345 2544 et
359 2487 487 2546 diversae
502 2487 576 2546 alias
590 2489 749 2563 dignitates
763 2489 810 2557 iis,
822 2491 874 2563 qui
889 2490 973 2548 illum
989 2493 1025 2549 dn
1080 2501 1198 2542 summa
1221 2501 1288 2543 curn
1316 2487 1411 2561 gretia
1434 2487 1554 2544 domum
1579 2491 1758 2563 repetebant.
1785 2491 1841 2550 Sed
1867 2492 1906 2550 iis

195 2580 323 2638 ecclesia
337 2582 466 2652 raptum,
482 2579 518 2635 ad
544 2576 679 2636 exsilium
705 2580 920 2652 perduxissent.
943 2582 1025 2649 Quod
1079 2574 1229 2630 benoliciis
1253 2579 1413 2649 martyrum
1438 2575 1467 2633 in
1492 2582 1637 2649 quantum
1662 2581 1811 2640 crescebat
1831 2582 1905 2640 tides

196 2688 267 2728 curn
282 2667 370 2726 multi
381 2672 567 2738 conarentur,
582 2669 633 2725 sed
648 2668 707 2725 Deo
730 2668 865 2742 presule,
885 2671 1026 2744 perticere
1079 2660 1213 2718 Ecclesiae
1228 2661 1390 2731 catholice,
1404 2662 1435 2718 in
1450 2666 1566 2720 tantum
1581 2665 1763 2724 Arianorum
1779 2669 1906 2740 pertidia

196 2756 412 2826 convalerent,
429 2771 507 2812 unos
525 2754 670 2812 infelicior
691 2757 814 2828 caeteris,
834 2759 955 2816 nomine
967 2760 1025 2817 liu·
1081 2751 1278 2808 minuebetur·

195 2847 340 2922 thymius,
355 2845 387 2902 in
399 2848 516 2902 tantum
532 2843 659 2902 iurarem
674 2845 882 2916 excitatuseet‚
895 2851 930 2906 nt
939 2850 1026 2921 juxte
1116 2842 1159 2896 ¹5·
1175 2840 1306 2914 Denique
1321 2858 1355 2898 ex
1369 2841 1424 2898 hee
1438 2844 1569 2914 tempere
1590 2843 1686 2900 sedari
1706 2845 1793 2918 acepit
1808 2861 1905 2919 perse-

196 2937 354 2996 ecclesiam
377 2935 435 2992 eibi
458 2936 580 2992 domum
604 2939 731 3008 pararet,
755 2939 843 3010 atqua
865 2937 896 2994 in
922 2939 1024 2996 eadem
1079 2930 1168 2998 cutio,
1184 2947 1248 3003 que
1262 2929 1385 2988 iustine
1400 2930 1498 2988 surore
1513 2933 1739 3001 accendebatur,
1761 2939 1794 2990 ut
1808 2951 1904 2994 sacer·

197 3043 317 3084 carrum
331 3023 608 3097 constitueretque
631 3022 748 3081 facilius
770 3029 900 3100 raptum,
924 3043 1026 3101 euper-
1079 3022 1133 3079 dos
1148 3021 1183 3078 de
1197 3020 1324 3079 Ecclesia
1338 3019 1506 3094 pelleretur.
1523 3021 1633 3079 Tamen
1658 3021 1736 3080 intre
1759 3023 1904 3097 palatium

197 3115 329 3189 positum
358 3118 496 3186 carpento
524 3113 584 3186 (1οι
612 3115 649 3170 ad
675 3113 812 3171 exsilium
842 3117 1023 3189 perduceret.
1080 3109 1505 3168 multitudoAriancrumcum
1521 3111 1905 3172 Justlnaconstitutaderi·

198 3204 253 3261 See
267 3205 399 3276 iniquitas
413 3203 475 3273 ejus
488 3203 520 3258 ie
532 3204 662 3260 verticem
674 3205 762 3275 ipeiau
784 3203 920 3262 ιιιιιωιιιῑι
934 3207 1022 3280 (rent,
1079 3200 1290 3256 debattentam
1305 3199 1356 3256 Dei
1380 3199 1514 3274 gratiam,
1531 3215 1621 3272 quem
1642 3201 1777 3260 Ecclesia
1806 3203 1906 3262 catho-

197 3309 250 3358 vn,
278 3291 323 3364 tr)
347 3309 356 3360 3
381 3296 449 3363 post
476 3307 587 3347 annum
617 3292 726 3349 etenim
755 3294 857 3352 eodem
888 3295 936 3352 die
964 3312 1022 3369 quo
1038 3273 1060 3344 G
1079 3288 1140 3347 lice
1172 3289 1313 3347 Dominus
1339 3289 1428 3346 lesus
1450 3289 1564 3346 meritis
1589 3295 1752 3364 martyrum
1780 3309 1904 3352 suorum

195 3381 284 3438 illum
305 3396 409 3454 rapere
430 3396 464 3437 se
477 3380 687 3449 arbitrabatur,
712 3383 742 3438 in
757 3383 859 3440 eodem
886 3390 1025 3458 carpento
1080 3380 1210 3437 conferre
1249 3379 1388 3452 <lignetes
1419 3382 1464 3436 eei
1488 3379 1769 3453 :venerabilemque
1807 3380 1905 3440 virum

196 3470 366 3543 impositae,
384 3469 420 3526 de
434 3470 536 3526 eadem
549 3471 637 3527 domo
651 3471 714 3544 ipse
729 3472 766 3529 ad
782 3471 918 3530 exsilium
934 3475 1024 3532 desti·
1078 3469 1266 3526 Ambrosium
1293 3466 1432 3525 narrabat
1456 3466 1580 3540 pecunia
1603 3483 1789 3540 comparasse
1812 3470 1906 3526 bomi-

197 3565 360 3629 natusest,
381 3565 521 3633 relucens
543 3559 701 3632 sibijuste
721 3561 835 3634 yudicio
859 3563 910 3620 Dei
936 3564 965 3621 id
994 3565 1024 3622 in
1079 3559 1196 3632 nes,qui
1212 3574 1243 3615 se
1257 3555 1354 3614 vexari
1379 3555 1416 3613 ab
1438 3555 1602 3613 immundis
1626 3557 1779 3630 spiritibus
1799 3559 1904 3616 menti-

197 3667 230 3707 sc
260 3665 326 3707 esse
356 3665 527 3706 conversum
555 3667 563 3716 ;
593 3655 627 3705 ιιι
657 3649 689 3706 in
717 3667 751 3707 eo
781 3657 920 3725 carpento
952 3654 1024 3711 diri.
1079 3651 1304 3718 rentur;atque
1319 3646 1362 3701 ita
1375 3648 1412 3702 ab
1427 3644 1488 3712 illo,
1508 3645 1585 3702 sicut
1600 3649 1853 3722 clamartyribus
1872 3665 1905 3708 sc

196 3743 317 3812 geretur
335 3738 371 3795 ad
400 3738 548 3805 exsilium,
568 3739 646 3810 quod
668 3737 732 3812 ipse
757 3746 908 3812 paraverat
928 3759 1024 3802 aanor.
1078 3737 1207 3810 torqueri
1223 3736 1361 3792 dicerent.
1383 3733 1439 3791 Sed
1454 3734 1509 3791 boc
1526 3735 1649 3793 ludaico
1671 3751 1720 3792 ore
1744 3735 1904 3810 loqueban-

197 3827 269 3886 doti.
301 3826 355 3883 cni
384 3843 442 3884 non
472 3825 631 3883 minimum
659 3825 755 3884 selahi
781 3831 918 3888 sacerdos
951 3850 1024 3906 pm.
1078 3825 1250 3891 turariani,
1266 3839 1408 3897 suppares
1432 3822 1544 3881 scilicet
1569 3841 1670 3880 eorum
1685 3842 1692 3893 ;
1706 3823 1750 3882 illi
1773 3827 1852 3884 enim
1867 3826 1903 3884 de

197 3918 273 3987 buit,
289 3916 388 3973 dando
412 3920 562 3989 sumptus,
584 3914 630 3972 vel
660 3915 717 3972 alia
731 3932 796 3990 que
823 3925 908 3977 erant
921 3937 1024 3980 neree
1079 3915 1203 3972 Domino
1217 3913 1362 3980 dicebant,
1379 3911 1519 3985 quoniam
1543 3914 1575 3968 tu
1597 3913 1759 3970 beelzebuth
1777 3916 1905 3988 principe

198 4005 286 4064 saria.
1078 4005 1278 4062 ceramicum
1295 4003 1370 4075 ejicit
1394 4002 1531 4059 demente
1546 4003 1622 4074 (luc.
1645 4017 1684 4069 ιι,
1710 4001 1755 4074 15)
1771 4020 1778 4060 ι
1795 4003 1843 4059 isti
1867 4004 1904 4061 de

234 4096 279 4152 13.
305 4095 361 4152 Sed
390 4094 452 4152 bec
480 4093 625 4153 confessio
654 4094 783 4154 hominis
810 4113 864 4155 nec
890 4099 1024 4162 mulieris
1078 4093 1266 4169 martyribus,
1295 4092 1341 4150 vel
1363 4092 1480 4149 Domini
1515 4091 1664 4149 secerdote
1696 4090 1903 4164 loquebantur,

193 4185 338 4252 furorem,
361 4200 414 4240 nec
441 4199 616 4240 vesanorum
644 4184 819 4242 arianorum
843 4187 1022 4248 dementiam
1079 4184 1157 4258 quod
1172 4201 1230 4241 non
1251 4183 1303 4240 Dei
1328 4180 1432 4256 gratia,
1457 4197 1521 4254 que
1547 4197 1599 4254 per
1618 4181 1699 4254 ipsos
1716 4181 1901 4255 operabatur,

194 4272 357 4346 repressit;
373 4274 485 4345 majore
501 4272 610 4330 etenim
629 4273 744 4331 accensi
765 4277 904 4345 amentia,
925 4279 1024 4336 basili·
1077 4273 1225 4332 immundi
1241 4273 1363 4345 spiritus
1378 4270 1557 4344 pellerentur
1569 4288 1576 4339 ;
1588 4271 1639 4327 sed
1651 4274 1769 4344 accepta
1779 4269 1904 4344 pecunia

196 4369 261 4418 cam
291 4361 460 4418 Portianam
487 4360 624 4418 invadere
652 4362 823 4420 nitebantur
848 4384 855 4423 ε
878 4368 1023 4428 exercitus
1077 4380 1110 4421 se
1123 4362 1254 4436 torqueri
1273 4359 1477 4418 mentirentur.
1501 4358 1676 4416 clamabant
1690 4358 1770 4416 enim
1794 4360 1902 4418 demo·

196 4451 286 4508 etiam
301 4455 434 4508 armatus
447 4451 483 4506 ad
508 4449 713 4509 custodiendae
736 4452 814 4511 iores
836 4455 964 4513 ecclesia
978 4460 1023 4515 eet
1077 4469 1153 4510 nce:
1178 4450 1295 4509 Scimus
1316 4466 1368 4507 ros
1392 4453 1535 4522 martyres
1548 4465 1556 4516 ;
1569 4453 1597 4506 et
1622 4447 1722 4505 Ariani
1741 4447 1901 4507 dicebant:

196 4538 337 4608 directus,
362 4543 396 4596 ut
418 4556 505 4596 nemo
529 4541 651 4597 auderet
672 4541 844 4600 catholicam
868 4545 1022 4605 ecclesiam
1076 4541 1229 4600 Nescimus
1244 4557 1308 4597 csse
1323 4542 1476 4612 martyres.
1496 4541 1561 4594 Jam
1577 4537 1632 4594 hoc
1650 4541 1679 4594 ct
1694 4537 1724 4594 in
1746 4537 1903 4612 Evangelio

196 4627 320 4700 ingredi.
332 4628 388 4685 Sed
404 4628 556 4696 Dominus,
571 4628 622 4701 qni
646 4629 682 4686 de
700 4630 877 4689 adversariis
893 4634 956 4691 auis
969 4635 1059 4714 lio-1)
1075 4631 1214 4704 legimus,
1232 4628 1282 4684 ubi
1304 4621 1441 4684 dixerunt
1463 4627 1610 4683 demones
1628 4627 1665 4684 ad
1681 4627 1839 4685 bominum
1853 4627 1901 4684 Ja-

195 4714 292 4772 clesie
306 4733 366 4774 sue
382 4715 549 4788 triumphos
559 4717 668 4775 donare
687 4719 848 4789 consuerit,
865 4722 902 4779 ad
925 4722 1019 4782 docle-
1075 4735 1142 4778 sum
1158 4737 1165 4776 :
1179 4718 1295 4776 Scimus
1307 4721 1347 4786 ts,
1360 4716 1430 4789 quia
1443 4715 1485 4773 sis
1510 4714 1560 4772 liei
1576 4715 1668 4772 l'ilius
1683 4715 1785 4788 (Marc.
1801 4733 1821 4784 1,
1835 4715 1900 4788 24);

193 4803 246 4861 sie
269 4822 329 4861 sue
353 4804 569 4862 munimentum
591 4806 720 4864 militum
742 4810 833 4866 corda
856 4812 1018 4884 convertit3
1074 4809 1210 4866 etludei
1232 4807 1368 4864 dicebant
1385 4823 1392 4863 :
1409 4807 1461 4862 llic
1480 4809 1574 4862 uuum
1598 4805 1671 4862 rende
1694 4807 1740 4872 att,
1765 4806 1902 4862 ιισιοιιιιιιι
1931 4803 1936 4810 “

193 4897 228 4950 ιιι
251 4894 361 4952 arerem
389 4895 482 4952 mutis
510 4893 641 4954 ecclesie
672 4896 750 4954 iores
777 4904 936 4971 seruarent,
966 4917 1020 4958 nec
1076 4899 1165 4972 (teca.
1181 4915 1220 4964 rx,
1232 4897 1289 4969 29).
1305 4896 1361 4952 Sed
1386 4911 1445 4951 nou
1467 4894 1515 4951 bio
1540 4894 1741 4952 testimonium
1757 4893 1901 4966 accipitur

193 4983 294 5055 egredi
321 4984 378 5055 (ιι)
406 4983 597 5052 dimitterent,
633 4985 685 5042 sed
717 4985 832 5059 ingredi
866 4989 1019 5047 ecclesiam
1076 4987 1253 5050 daemonum,
1269 4983 1320 5039 sed
1336 4983 1500 5052 contessio;
1516 4984 1594 5039 unda
1609 4981 1776 5038 miseriores
1799 4980 1900 5038 Ariani

193 5071 309 5143 plebem
334 5072 510 5131 catholicam
525 5073 648 5131 minime
671 5075 870 5148 prohiberent.
888 5078 944 5135 Sed
966 5095 1021 5138 nec
1075 5073 1120 5131 vel
1134 5073 1239 5141 iudei,
1261 5077 1294 5130 ut
1316 5072 1395 5145 quod
1420 5071 1598 5130 cantitentur
1615 5071 1773 5138 demones,
1790 5069 1833 5126 illi
1848 5085 1900 5128 ne·

192 5158 249 5218 boc
263 5161 337 5218 eatis
358 5166 422 5219 erat
450 5161 553 5220 missis
581 5162 734 5233 militibus,
764 5164 823 5222 nisi
850 5166 941 5224 etiam
967 5184 1020 5242 pro
1075 5168 1154 5238 gent.

191 5248 338 5308 catholica
364 5251 423 5308 tide
455 5267 523 5308 cum
554 5250 637 5324 plebe
672 5252 783 5325 pariter
812 5253 1018 5314 acclamarent.
1110 5254 1154 5310 td.
1170 5253 1248 5309 Deus
1267 5256 1376 5321 umen,
1392 5251 1444 5325 qui
1465 5248 1589 5324 gratiam
1614 5247 1747 5306 Ecclesie
1771 5267 1831 5307 sue
1847 5267 1899 5308 au·

188 5339 253 5393 Hoc
266 5337 297 5393 in
325 5342 457 5413 tempore
484 5340 615 5412 primum
641 5341 819 5414 antiphone,
845 5340 958 5415 hymni,
985 5362 1019 5401 ao
1074 5358 1142 5418 gere
1165 5341 1325 5409 consuevit,
1354 5356 1413 5397 non
1436 5355 1542 5412 passus
1572 5342 1617 5395 est
1640 5339 1691 5395 diu
1715 5339 1852 5396 insultari
1881 5355 1899 5396 a

189 5425 298 5500 vigilie
324 5425 355 5484 in
380 5427 501 5485 ecclesia
529 5427 739 5488 Mediolanensi
763 5428 903 5488 celebrari
924 5448 1019 5507 coepe·
1074 5431 1195 5506 perlldis
1219 5430 1327 5489 sanctis
1349 5427 1422 5485 suis.
1439 5427 1521 5486 Unus
1532 5428 1632 5502 itaque
1642 5445 1676 5486 ex
1691 5428 1755 5504 ipsa
1768 5428 1898 5487 multitu·

226 5622 284 5696 (10)
295 5623 474 5706 lteetituitur
485 5627 575 5685 etiam
589 5643 606 5685 e
619 5641 692 5685 mss.
707 5641 799 5703 prope
813 5627 962 5703 omnibus,
971 5647 1017 5691 ru·
1106 5631 1167 5706 (tl)
1194 5625 1335 5687 Nonnulli
1364 5643 1449 5696 msa,
1474 5631 1506 5684 ut
1528 5627 1649 5685 αιιυινιιι
1676 5628 1771 5684 cutte.
1794 5669 1801 5683 .
1823 5668 1829 5682 .
1849 5639 1898 5684 nec

185 5703 360 5774 Wlmm‘m
373 5700 513 5775 teremit·
1072 5701 1248 5778 ingrediendi
1271 5699 1411 5762 licentum
1433 5699 1617 5776 dimitterent,
1648 5699 1696 5760 aed
1728 5697 1895 5777 erraremus.
