4159 6184
146 262 224 339 4464
688 258 920 331 talasano
941 264 981 330 lv
1003 249 1197 338 4644666
1214 267 1323 346 44444.
1774 282 1851 346 rice

143 394 339 471 (6114666646,
356 399 386 453 64
399 395 426 453 64
435 396 524 470 pauci
539 396 682 473 redempti
692 398 840 457 immutari
862 400 1014 471 merua-A
1029 402 1175 477 perfectos
1190 407 1282 478 video,
1300 426 1353 465 nec
1373 408 1520 466 immerito
1548 412 1691 483 perfectos
1714 414 1849 487 dixerim,

143 489 224 555 runt,
241 489 275 542 ut
303 484 463 555 Abraham,
490 487 581 556 lsaao,
611 487 712 560 Jacob,
741 488 877 563 Moyses:
914 508 971 547 uon
1025 507 1093 549 cum
1107 495 1224 553 videam
1252 514 1302 554 vos
1331 513 1436 554 sensus
1461 496 1638 556 exercitatos
1665 500 1784 572 hahere,
1813 506 1849 563 ad

145 576 207 633 tam
241 574 278 631 ad
307 588 412 631 omnes
438 575 632 632 commutatio
664 576 729 648 ipsa
756 578 895 650 pervenit.
922 579 974 635 list
1026 578 1234 641 discretionem
1243 585 1318 641 honi
1332 589 1362 641 64
1376 585 1465 642 mali:
1482 586 1533 643 666
1547 590 1576 643 64
1589 587 1652 659 46466
1666 591 1765 646 umen
1798 593 1850 663 qui

139 666 230 722 eitam
246 662 330 731 illud,
347 664 452 744 utnon
470 661 510 719 644
521 662 679 721 6461444666
694 664 723 721 46
740 666 972 723 commutationi·
1026 668 1140 727 sciehat
1157 672 1310 729 solidiores
1324 689 1428 746 capere
1441 673 1532 745 cibos,
1548 675 1720 746 adjumenta
1739 693 1850 749 quere-

140 751 971 827 busgrasiumpeccatorum,seoundumquodscriptum
1026 754 1087 825 hat,
1103 757 1181 815 utin
1197 776 1230 817 eo
1255 760 1375 818 verbum
1405 760 1521 817 Domini
1549 766 1678 819 curreret
1696 763 1734 835 (11
1761 764 1849 824 444646.

139 846 193 911 664,
212 841 283 915 6646
293 862 307 891 a
319 838 518 913 quorumdam
530 840 810 915 hominumpeccsta
817 843 973 901 manifesta
1028 861 1074 915 111,
1090 847 1127 919 1).
1142 848 1200 904 Ν66
1214 848 1269 905 4646
1285 865 1402 922 666666
1416 849 1479 906 6466
1493 850 1658 922 precatione
1672 852 1727 909 hoc
1755 854 1852 926 potuit

141 934 212 987 sunt
228 927 421 1004 precedentis
434 926 467 983 in
475 927 625 1000 judicium
639 947 646 986 :
669 931 812 1002 quosdam
828 936 927 990 autem
943 934 972 989 et
1025 941 1218 1009 usurparant
1231 936 1362 994 1666646
1376 939 1442 1011 ejus
1452 939 1587 1009 jucunda
1600 939 1683 997 fleret
1696 943 1849 1013 Deotl’ssf.

138 1019 360 1092 subsequuntur
374 1016 399 1091 (1
418 1016 489 1073 Taua
508 1035 536 1077 v.
559 1019 617 1087 24.)
633 1040 648 1068 a
677 1019 744 1083 Due
773 1021 873 1093 gravia
900 1024 970 1079 sunt
1024 1037 1118 1090 cxcvi,
1157 1027 1191 1097 4),
1221 1042 1277 1081 666
1306 1025 1385 1082 enim
1409 1027 1592 1099 usurpantis,
1622 1029 1673 1085 sed
1702 1030 1851 1101 precantis

138 1108 216 1165 660
248 1110 335 1180 atqua
359 1104 521 1163 manifesta
553 1107 730 1179 precedunt,
758 1113 787 1165 et
811 1108 874 1167 sine
909 1108 971 1166 ulla
1026 1111 1152 1169 assertio
1167 1117 1221 1169 est.

138 1193 322 1251 dubitatione
348 1198 544 1267 merguntur:
562 1210 627 1267 quas
647 1194 865 1256 autcmlsviora
888 1200 968 1264 sunt,
1062 1199 1106 1254 49.
1148 1201 1258 1257 Tamen
1287 1218 1323 1256 no
1350 1201 1467 1273 penitus
1506 1202 1650 1277 refugisse
1685 1204 1849 1275 videamur,
1945 1253 1948 1259 .

138 1280 969 1359 honisoperibnssaspsrelevantur.beatienimquorum
1024 1286 1246 1344 consideremus
1261 1288 1312 1361 qui
1336 1289 1421 1346 vicini
1450 1288 1577 1347 tribulus
1600 1291 1710 1348 fuerint
1733 1293 1850 1351 tudae·

139 1371 268 1430 remisse
293 1374 364 1427 sunt
387 1370 574 1442 iniquitates,
597 1375 772 1444 etquenam
791 1376 868 1430 tecla
899 1378 970 1432 sunt
1023 1376 1846 1448 rum.Namutveterarecsnseamus,Philisthilmtrihui

138 1463 266 1534 peccata.
278 1458 332 1515 Ubi
362 1462 461 1516 sutem
488 1459 631 1532 iniquitas
647 1462 816 1533 propendet,
832 1461 970 1520 nullabo·
1022 1463 1107 1521 tudae
1127 1463 1245 1522 finitimi
1270 1465 1473 1523 habebantur:
1497 1470 1527 1524 et
1553 1468 1611 1525 alio
1638 1468 1729 1527 latere
1756 1469 1846 1528 iidem

137 1563 243 1606 norum
253 1564 374 1621 operum
391 1548 626 1604 commutatione
641 1552 802 1605 revocatur.
1023 1550 1113 1608 tribui
1128 1552 1230 1619 Ruhen
1245 1554 1528 1627 appropinquabant
1541 1557 1715 1614 Ammonitas
1730 1574 1849 1632 quoque

171 1638 215 1692 47.
234 1636 306 1709 Drgo
327 1639 357 1693 et
381 1635 406 1692 si
433 1635 503 1707 6646
528 1636 700 1708 redemptus
719 1639 763 1694 est
790 1638 826 1695 de
855 1637 965 1711 populo
1023 1637 1055 1693 in
1084 1639 1200 1695 deserto
1220 1645 1321 1697 erant:
1338 1642 1700 1714 etquierantinfrnibus
1723 1645 1792 1719 Tyri
1819 1650 1848 1703 et

134 1726 387 1797 iudeorum,non
403 1724 466 1780 ideo
488 1723 659 1796 redemptus
675 1724 744 1797 quia
763 1725 888 1785 multam
911 1728 965 1785 ha·
1021 1724 1149 1795 Sidonis,
1179 1727 1303 1784 Galilaea
1331 1728 1546 1802 copulabantur
1580 1731 1635 1788 hoc
1662 1738 1717 1801 est,
1751 1733 1844 1791 trihui

135 1814 199 1870 huit
212 1811 438 1869 estimationem
454 1810 512 1878 sui,
534 1827 585 1867 uec
600 1811 900 1883 quiamultitudinem
916 1815 966 1874 ha·
1021 1812 1163 1884 Zabulon,
1179 1819 1208 1872 et
1222 1816 1311 1872 tribui
1327 1815 1524 1889 Nephthnllm,
1541 1824 1698 1890 quaerant
1721 1821 1753 1876 in
1786 1821 1846 1879 Ga·
1884 1830 1887 1835 “

135 1904 200 1959 huit
220 1900 252 1955 in
280 1898 514 1957 commutatione
536 1914 614 1955 sua:
644 1900 695 1956 sed
723 1901 892 1975 redemptus
920 1907 967 1960 est
1019 1900 1095 1965 lives,
1111 1903 1189 1959 sicut
1205 1905 1296 1961 isaias
1311 1904 1401 1960 dixit:
1419 1927 1433 1955 ι(
1453 1905 1543 1962 'ferra
1555 1904 1696 1977 Zabulon,
1711 1912 1741 1964 et
1767 1912 1845 1967 terra

136 1990 238 2065 gratis,
255 1988 331 2062 quod
349 1991 378 2044 46
392 1987 476 2044 66664
491 1987 651 2059 Apostolus
666 1987 783 2046 dicens:
803 2012 816 2041 ι(
825 1990 965 2064 Reliquis
1020 1989 1219 2062 Nephthalim,
1249 1992 1294 2048 ria
1319 1992 1410 2048 maris
1430 1997 1512 2049 trans
1535 1995 1693 2052 Jordsnsm
1723 1997 1788 2067 (166.
1819 2014 1848 2054 11

136 2074 586 2149 secundumelectionemgratie
601 2074 687 2131 salvae
703 2076 863 2137 factasunt
874 2082 963 2151 (446444.
1003 2078 1058 2149 l).
1076 2101 1091 2127 a
1107 2076 1189 2135 Unde
1204 2084 1300 2152 potest
1323 2080 1390 2152 quis
1417 2079 1563 2152 colligere,
1589 2097 1653 2152 qua
1679 2072 1846 2156 proprietas

137 2184 178 2236 xr,
202 2165 242 2237 6).
259 2186 273 2214 v
303 2162 359 2220 Ubi
389 2166 487 2220 autern
513 2162 620 2236 gratia,
648 2179 705 2219 non
731 2165 832 2237 utique
860 2168 964 2225 merito
1021 2166 1558 2240 66166466666666666466616466
1585 2168 1674 2225 fuerit
1700 2170 1846 2240 tribuum,

138 2250 549 2329 operum,nccjustitloatione
561 2250 702 2319 virtulum
716 2252 965 2312 :sedliherslitats
1021 2259 1054 2309 ut
1068 2255 1682 2329 certisquihusquellnitimisJ'ungersntur,
1697 2274 1758 2331 quo
1772 2276 1845 2334 pau-

139 2341 287 2410 donantis,
302 2337 443 2397 electione
458 2338 641 2407 redimentis,
671 2340 748 2411 quod
777 2358 859 2414 esque
887 2342 962 2397 Scri·
1018 2341 1105 2399 latim
1116 2343 1203 2400 etiarn
1215 2345 1351 2418 gentihus
1366 2343 1570 2400 infunderetur
1597 2344 1726 2418 cognitio
1756 2346 1846 2407 66416·

138 2436 227 2507 644646
262 2435 291 2487 46
317 2427 427 2495 666614,
457 2428 571 2485 6166646
595 2426 726 2500 apostolo
754 2428 860 2487 Paulo:
878 2453 892 2480 a
933 2430 964 2487 si
1018 2430 1110 2487 stium
1125 2437 1385 2489 sacramentorum.
1401 2432 1482 2498 Quod
1498 2431 1601 2505 644666
1612 2434 1843 2508 potestintelligl

139 2522 240 2577 autem
275 2516 379 2591 gratia,
404 2518 468 2588 jam
502 2531 560 2572 non
585 2532 619 2572 ex
647 2516 803 2588 operibus:
832 2518 962 2591 alioquin
1018 2523 1055 2579 66
1069 2521 1120 2577 illa
1135 2520 1257 2577 muliere
1271 2521 1443 2586 Chananea,
1467 2537 1530 2593 666
1559 2520 1646 2577 exivit
1673 2521 1710 2580 de
1734 2524 1846 2582 tinibus

139 2605 380 2681 gratiajamnon
405 2608 450 2661 est
478 2604 558 2676 (idid.
587 2604 625 2676 6).
656 2626 669 2653 a
686 2603 760 2669 Quid
786 2621 854 2680 ergo
884 2606 963 2678 quod
1018 2610 1093 2678 anis,
1124 2612 1157 2664 ut
1175 2608 1297 2665 Domino
1330 2609 1400 2664 lesu
1421 2612 1587 2665 occurreret
1609 2612 1790 2683 transeunti,
1812 2614 1843 2669 et

142 2694 292 2767 querebat
305 2692 405 2761 lsrael,
422 2692 474 2749 hoc
500 2709 558 2749 non
573 2695 618 2750 est
643 2696 842 2751 consecutust
870 2696 964 2760 Quare
1018 2695 1193 2769 posthabitis
1208 2695 1374 2752 simulacris
1389 2695 1463 2763 suis,
1478 2696 1727 2755 adorsrctvarum
1737 2698 1844 2757 6616446

138 2782 250 2839 nonsit
270 2784 457 2853 6666666466,
479 2796 614 2855 agnosce,
640 2780 710 2852 quia
742 2798 774 2839 se
797 2783 964 2854 Justilicare
1017 2789 1184 2841 auctorem:
1201 2783 1248 2841 cui
1274 2782 1475 2841 testimonium
1491 2782 1572 2841 dedit
1585 2783 1842 2844 Dominusnoster

136 2869 282 2943 cupiebat,
298 2870 503 2943 quiaoperum
519 2868 825 2940 suorumjaotautiam
837 2871 963 2945 require-
1016 2873 1103 2929 lesus
1118 2871 1262 2941 Christus,
1283 2872 1361 2944 quod
1378 2886 1486 2943 magna
1500 2875 1579 2928 essct
1596 2872 1671 2931 fides
1685 2875 1761 2945 eius.
1790 2874 1846 2932 aa·

139 2960 188 3015 bat
202 2958 272 3031 quia
286 2957 374 3015 fldem
390 2974 449 3015 non
466 2956 581 3027 detulit,
589 2972 641 3013 nec
649 2957 773 3031 gratiam
783 2959 961 3033 recognovit.
1017 2960 1190 3033 splendebat
1204 2960 1324 3033 quidem
1333 2960 1399 3031 jnm
1413 2958 1509 3032 gratia
1523 2959 1684 3034 Evangelii,
1708 2966 1740 3019 st
1766 2979 1843 3037 pras·

138 3046 173 3102 Dt
189 3046 253 3104 ideo
267 3046 370 3103 electio
379 3050 595 3118 conseruisset,
604 3062 669 3119 que
678 3051 830 3104 vocantem
840 3047 960 3116 audivit,
1017 3048 1117 3105 senile
1133 3047 1234 3105 lumen
1248 3052 1380 3121 auguste
1395 3046 1470 3119 (63):
1488 3048 1540 3104 sed
1555 3049 1843 3125 tamenquiasponte

139 3134 342 3192 advenientem
358 3135 489 3207 suscepit
502 3136 570 3209 (62).
978 3122 1000 3190 G
1019 3136 1117 3206 exivit,
1134 3139 1162 3193 64
1177 3134 1408 3192 misericordiam
1421 3132 1594 3207 postulavit,
1623 3140 1653 3192 64
1684 3136 1844 3199 Dominum

176 3224 220 3280 48.
236 3223 330 3293 (Vere.
348 3225 405 3293 14.)
420 3224 523 3280 14164446
549 3237 619 3295 ergo
648 3222 678 3277 46
709 3240 836 3295 persona
864 3222 965 3297 populi
1020 3226 1070 3298 pia
1084 3240 1153 3281 voce
1167 3224 1302 3280 confessa
1314 3227 1371 3291 est,
1383 3225 1412 3277 et
1423 3222 1508 3294 quasi
1529 3222 1648 3280 fastidio
1672 3223 1784 3299 hahita,
1813 3229 1842 3284 in

139 3311 349 3369 illiusdicitur:
367 3333 382 3364 c
398 3310 526 3368 Posuisti
541 3326 596 3365 nos
609 3309 640 3365 in
653 3311 845 3382 opprobrium
860 3312 967 3368 vicinis
1020 3312 1147 3370 clamore
1157 3312 1307 3386 petitionis
1317 3310 1441 3384 proprie
1451 3307 1653 3383 perseveravit,
1665 3330 1724 3370 non
1734 3316 1843 3373 madio·

147 3400 274 3458 nostris:
291 3399 459 3457 illusionem
476 3402 506 3455 et
534 3397 665 3453 derisum
695 3397 740 3466 iis,
766 3398 815 3470 664
842 3401 913 3455 6664
937 3398 968 3454 46
1021 3416 1100 3456 64664
1115 3400 1335 3473 praerogativam
1347 3398 1460 3472 accepit
1473 3399 1642 3457 istiusmodi
1653 3402 1769 3476 mulier,
1778 3418 1843 3477 quas

144 3488 268 3546 circuitu
285 3490 413 3544 nostro.»
440 3486 496 3551 Qui
523 3489 594 3543 sunt
617 3484 666 3540 isti
689 3484 816 3553 finitimi,
847 3490 876 3543 et
897 3501 968 3557 qus-
1023 3487 1119 3559 prima
1132 3487 1219 3543 exivit
1233 3488 1269 3543 de
1280 3488 1413 3559 gentium
1442 3487 1624 3556 nationibus,
1654 3493 1684 3546 64
1710 3507 1845 3563 perseve-

144 3577 337 3634 madmodum
352 3574 531 3632 adviciniam
540 3571 678 3630 Israelita
686 3573 785 3646 populi
794 3573 970 3646 pertinuisse
1023 3574 1102 3631 renti
1121 3574 1322 3630 obsecratione
1351 3577 1467 3629 4664664
1495 3574 1612 3633 Domini
1640 3577 1845 3636 testimouium

144 3664 309 3731 videantur,
324 3677 383 3718 non
398 3666 443 3718 est
457 3661 541 3719 facile
568 3660 747 3729 discernere,
775 3662 799 3718 si
829 3660 969 3735 spiritalis
1024 3662 1294 3733 meruitreportnre.

146 3750 254 3807 vicinia
278 3749 455 3822 requiratur,
466 3749 580 3807 habens
594 3748 741 3821 quoddam
759 3747 858 3806 lumen
874 3748 971 3823 cogni·
1059 3751 1105 3805 50.
1121 3750 1154 3805 ln
1169 3765 1227 3821 quo
1242 3748 1361 3821 quidem
1371 3746 1434 3805 loco
1448 3748 1529 3805 velut
1537 3750 1690 3810 dubitasse
1702 3756 1848 3825 quosdam

146 3837 238 3896 tionis
252 3836 289 3895 sd
302 3836 540 3913 investigandum
556 3836 730 3909 mysterium
744 3836 871 3894 Christi:
898 3854 971 3910 pra·
1029 3837 1161 3911 cognovi,
1178 3836 1249 3909 quid
1279 3835 1411 3907 sitquod
1440 3835 1500 3891 ait:
1526 3858 1540 3886 ι(
1556 3836 1620 3894 Non
1648 3856 1715 3896 sum
1740 3842 1850 3899 missus

145 3924 370 3984 sertimcnmin
385 3926 539 3999 ipsolibro
568 3924 735 3983 Salomonis
757 3924 808 3999 qui
835 3925 972 3983 scribitur
1028 3925 1086 3982 nisi
1101 3926 1136 3983 ad
1152 3941 1220 3981 oves
1244 3941 1307 3997 qua
1331 3922 1480 3995 perierunt
1507 3924 1613 3981 domus
1642 3926 1850 3999 lsraeltdottlv.

146 4013 347 4083 Ecclesiastes,
364 4014 558 4072 didicerimus
568 4013 639 4087 quia
654 4029 713 4086 666
731 4014 825 4088 magis
833 4014 973 4087 queritur
1028 4031 1076 4083 xv,
1090 4013 1148 4086 24),
1167 4033 1178 4061 ι
1195 4014 1281 4085 qnasi
1295 4010 1479 4069 nobilitatem
1493 4012 1609 4085 generis
1623 4012 1707 4071 alecti
1729 4014 1767 4072 ad
1792 4014 1851 4071 sal·

147 4102 303 4176 sapientis,
318 4119 352 4160 ao
367 4102 539 4176 profundior
550 4102 711 4175 judicetur.
729 4102 776 4159 Sic
791 4103 869 4160 enirn
898 4103 972 4160 scri·
1026 4104 1139 4160 vendas
1153 4102 1269 4158 animas
1284 4099 1429 4157 Dominus
1453 4100 1599 4173 ‘quaesisse
1629 4102 1772 4172 videatur,
1800 4103 1851 4176 qui

148 4195 231 4263 ptum
247 4194 309 4248 est:
328 4212 344 4247 a
361 4189 437 4260 Dixi,
463 4190 647 4262 Sapientiam
667 4190 825 4263 requiram,
854 4196 883 4248 et
909 4192 974 4265 ipsa
1027 4190 1108 4248 veuit
1122 4194 1270 4248 utomnes
1286 4188 1511 4247 redimerentur.
1541 4190 1597 4247 Sed
1626 4191 1780 4248 ostendere
1807 4190 1851 4246 di·

150 4278 236 4353 loage
251 4279 382 4336 factaest
394 4295 413 4335 a
427 4278 584 4351 me,longe
609 4278 704 4351 magis
728 4294 815 4351 quam
837 4283 917 4336 erat:
945 4284 976 4337 et
1029 4283 1137 4355 gnatus
1151 4282 1197 4336 sat
1210 4279 1405 4352 propositum,
1422 4278 1499 4350 quod
1512 4292 1563 4334 eos
1590 4278 1686 4353 primo
1713 4278 1852 4352 elegerat,

150 4367 181 4422 in
205 4366 350 4441 profundo
365 4364 554 4423 altitudinem
568 4364 635 4436 quis
650 4365 776 4422 inveniet
790 4367 853 4438 ojus
877 4366 974 4437 (Eccls.
1030 4383 1217 4441 nequaquam
1229 4368 1356 4424 refutare
1368 4366 1514 4439 cupiebat,
1538 4371 1568 4423 et
1594 4382 1672 4440 sape
1696 4366 1797 4425 664466
1824 4369 1854 4423 64

151 4472 202 4520 vrr,
219 4457 254 4511 24
282 4464 307 4513 ct
334 4456 381 4524 25)
391 4454 422 4510 f»
452 4454 535 4511 Unde
563 4452 726 4511 diffidentia
749 4452 881 4511 oboritur
905 4454 978 4511 mihi
992 4478 1016 4543 66
1030 4463 1162 4515 errantes
1174 4460 1271 4512 tamen
1288 4455 1547 4527 paternoquodam
1562 4472 1696 4513 revocare
1705 4457 1855 4529 quaerebat

152 4542 275 4600 scrutari
290 4542 431 4600 divinitus
446 4540 589 4616 spirantis
604 4540 759 4614 Scriptura
777 4542 926 4614 mysteria,
950 4548 979 4601 et
1032 4546 1147 4603 affectu.
1163 4543 1220 4600 Sed
1235 4541 1285 4598 ubi
1302 4542 1358 4614 ipsi
1380 4546 1529 4599 auctorem
1543 4543 1696 4617 proprium
1726 4543 1857 4617 reliques

151 4630 177 4702 ej
183 4646 217 4686 us
231 4632 399 4691 examinare
427 4645 579 4689 sermones
591 4647 598 4685 ε
610 4630 686 4703 6666
699 4628 748 4686 4116
764 4628 851 4702 digne
871 4631 977 4703 potuit,
1033 4636 1111 4702 runt,
1128 4631 1224 4688 sciens
1246 4645 1279 4686 66
1293 4629 1387 4687 Deum
1400 4630 1547 4688 montium
1560 4649 1636 4701 esse,
1651 4648 1711 4689 non
1723 4632 1854 4700 vallium,

151 4717 203 4791 qui
222 4719 299 4775 inter
327 4719 471 4792 perfectos
499 4716 677 4791 sapientiam
706 4715 890 4790 loquebatur.
920 4718 978 4793 ltgo
1035 4725 1064 4777 et
1081 4735 1205 4792 regnum
1220 4716 1360 4774 calorum
1375 4719 1432 4791 (64)
1448 4736 1505 4775 666
1522 4719 1779 4789 afastidientihus,
1804 4718 1856 4775 sad

190 4842 248 4914 (62)
264 4843 349 4900 Rom.
365 4843 435 4899 edit.
463 4842 537 4911 sola,
567 4841 725 4897 audientem
749 4843 877 4913 64666644.
907 4842 980 4900 Huic
1034 4845 1145 4907 carent,
1162 4844 1249 4913 atque
1265 4842 1302 4897 ad
1318 4857 1368 4897 eas
1382 4843 1563 4913 accederent,
1579 4841 1757 4901 humilitatis
1776 4838 1856 4897 scili·

156 4912 277 4986 quidem
293 4914 356 4972 loco
372 4930 430 4971 non
446 4912 519 4971 nihil
549 4912 676 4969 offusum
707 4916 753 4968 est
780 4912 978 4984 obscuritatis,
1035 4920 1091 4980 cet,
1107 4912 1183 4986 grati
1198 4912 1301 4980 animi,
1316 4913 1625 4985 fideiqueministerio.

156 4986 208 5041 sed
225 5001 314 5057 quam
331 4985 413 5042 nulla
431 5002 466 5041 ex
491 4987 574 5058 parte
597 4983 722 5040 mutatio
752 4981 802 5039 illa
831 4983 978 5043 discutiat.
1072 4985 1129 5057 (63)
1157 4984 1218 5055 Reg
1247 4984 1311 5040 ,666
1337 5000 1404 5041 6664
1437 4984 1616 5056 quibusdam
1640 4982 1710 5040 6644.
1752 4981 1856 5053 Paria,

154 5058 300 5114 Putamus
313 5060 412 5114 autem
425 5059 539 5113 servata
553 5071 625 5111 mss.
642 5060 670 5110 64
686 5058 747 5111 664.
764 5054 833 5110 edit.
858 5052 981 5113 lectione
1037 5058 1130 5113 tumen
1144 5057 1274 5111 66646446.

154 5143 221 5184 eam
237 5127 354 5185 facilius
377 5143 464 5201 posse
491 5127 526 5183 66
548 5124 607 5181 6111.
638 5126 751 5199 Quippe
779 5142 813 5182 ex
841 5127 981 5184 orationis
1073 5128 1119 5198 (64
1133 5126 1320 5199 Dxpuuxsrat
1334 5124 1403 5204 6644.
1425 5128 1522 5186 Rom..
1545 5141 1602 5181 466
1626 5124 1754 5191 calliam,
1780 5122 1859 5196 quod

156 5198 270 5256 serioid
282 5198 447 5272 intelligere
460 5142 546 5254 146641Ὶ
545 5211 621 5268 agre
638 5196 770 5277 44664666
793 5212 829 5253 ex
843 5197 982 5255 Israelitis
1038 5199 1069 5254 in
1085 5196 1151 5253 aliis
1166 5200 1254 5323 64666
1269 5194 1620 5252 omnibusmsshshetur.
1635 5194 1747 5250 Alludit
1760 5201 1859 5251 autem

157 5270 208 5343 664
230 5268 385 5341 iustificati
414 5272 493 5335 sunt,
524 5271 612 5339 atque
637 5283 687 5323 eos
716 5282 766 5338 qur
800 5284 857 5324 non
887 5284 984 5342 parve·
1039 5267 1186 5325 adloourn
1218 5268 1240 5323 ll
1269 5265 1339 5337 Reg.
1368 5282 1438 5331 xxa,
1467 5266 1512 5333 28,
1541 5266 1619 5323 6666
1645 5270 1744 5322 tamen
1772 5265 1860 5322 verba

156 5339 256 5397 norint
270 5340 556 5413 adjustiflcationem
570 5338 647 5395 inter
660 5354 691 5393 se
701 5354 738 5411 op
760 5338 820 5407 oni,
829 5339 984 5413 docerique
1038 5340 1091 5397 illa
1103 5337 1225 5396 sustulit
1238 5337 1289 5392 lib.
1306 5340 1345 5391 De
1359 5338 1494 5393 Ncbstlse.
1518 5353 1572 5411 cap
1587 5337 1703 5402 vtltirno,
1718 5352 1800 5393 num.
1811 5338 1857 5394 72.

157 5408 243 5480 alios,
261 5413 340 5483 quod
356 5427 420 5467 eam
437 5425 557 5483 operum
571 5408 723 5465 suorumli
747 5408 813 5465 ucis
822 5408 985 5483 pleniquae·
1039 5426 1127 5485 quem
1143 5407 1272 5465 consule.
1288 5406 1370 5470 Quod
1383 5422 1451 5462 vero
1465 5424 1517 5480 pro
1530 5410 1689 5475 6644644666,
1705 5407 1859 5481 allegitur

157 5484 266 5550 rorent,
297 5482 488 5619 repudiatos:
521 5478 637 5536 auditos
674 5494 742 5535 vero
770 5483 799 5535 64
832 5487 984 5557 6666664466
1040 5484 1071 5539 46
1092 5480 1205 5538 6666446
1223 5492 1296 5533 mss.
1326 5492 1360 5533 ac
1387 5482 1443 5533 vet.
1470 5478 1541 5535 edit.
1568 5480 1599 5535 in
1627 5485 1717 5546 textu,
1732 5480 1859 5536 restituit

157 5551 243 5621 alios,
260 5567 318 5633 quo
353 5552 526 5621 electionem
539 5548 874 5635 gratiamque-divinam
903 5553 984 5653 4666.
1039 5551 1209 5635 supracitata,
1224 5548 1254 5609 id
1270 5562 1338 5607 oum
1353 5548 1462 5614 sedem
1485 5550 1554 5614 6644.
1579 5550 1610 5611 46
1631 5550 1764 5638 margine
1789 5550 1856 5621 exhi
