<?xml version="1.0" encoding="UTF-8"?>
<!DOCTYPE html PUBLIC "-//W3C//DTD XHTML 1.0 Transitional//EN"
    "http://www.w3.org/TR/xhtml1/DTD/xhtml1-transitional.dtd">
<html xmlns="http://www.w3.org/1999/xhtml" xml:lang="en" lang="en">
 <head>
  <title>
</title>
<meta http-equiv="Content-Type" content="text/html;charset=utf-8" />
  <meta name='ocr-system' content='tesseract 3.04.00' />
  <meta name='ocr-capabilities' content='ocr_page ocr_carea ocr_par ocr_line ocrx_word'/>
</head>
<body>
  <div class='ocr_page' id='page_1' title='image "./patrologiaecurs31goog_0075.png"; bbox 0 0 4159 6184; ppageno 0'>
   <div class='ocr_carea' id='block_1_1' title="bbox 109 377 1843 493">
    <p class='ocr_par' dir='ltr' id='par_1_1' title="bbox 109 377 1843 493">
     <span class='ocr_line' id='line_1_1' title="bbox 109 377 1843 493; baseline 0.008 -56"><span class='ocrx_word' id='word_1_1' title='bbox 109 388 164 449; x_wconf 71' lang='lat' dir='ltr'>{n</span> <span class='ocrx_word' id='word_1_2' title='bbox 761 377 1053 453; x_wconf 73' lang='lat' dir='ltr'>noxauttltuott</span> <span class='ocrx_word' id='word_1_3' title='bbox 1075 384 1147 447; x_wconf 79' lang='grc' dir='ltr'>ΗΒ.</span> <span class='ocrx_word' id='word_1_4' title='bbox 1172 390 1196 449; x_wconf 92' lang='lat' dir='ltr'>l.</span> <span class='ocrx_word' id='word_1_5' title='bbox 1742 479 1745 493; x_wconf 30' lang='lat'>4</span> <span class='ocrx_word' id='word_1_6' title='bbox 1782 388 1843 452; x_wconf 67' lang='lat' dir='ltr'>tlt</span> 
     </span>
    </p>
   </div>
   <div class='ocr_carea' id='block_1_2' title="bbox 108 512 1850 3527">
    <p class='ocr_par' dir='ltr' id='par_1_2' title="bbox 108 512 1850 3527">
     <span class='ocr_line' id='line_1_2' title="bbox 108 512 1841 593; baseline 0.003 -17"><span class='ocrx_word' id='word_1_7' title='bbox 108 512 957 590; x_wconf 79' lang='lat' dir='ltr'>debeamus,quiimperatnationibusvoluntstamsuan</span> <span class='ocrx_word' id='word_1_8' title='bbox 971 513 1101 582; x_wconf 71' lang='lat' dir='ltr'>Areten.</span> <span class='ocrx_word' id='word_1_9' title='bbox 1144 520 1275 593; x_wconf 90' lang='lat' dir='ltr'>Namque</span> <span class='ocrx_word' id='word_1_10' title='bbox 1314 532 1346 578; x_wconf 87' lang='lat' dir='ltr'>ut</span> <span class='ocrx_word' id='word_1_11' title='bbox 1381 523 1507 580; x_wconf 87' lang='lat' dir='ltr'>istarum</span> <span class='ocrx_word' id='word_1_12' title='bbox 1540 524 1649 581; x_wconf 88' lang='lat' dir='ltr'>artium</span> <span class='ocrx_word' id='word_1_13' title='bbox 1677 522 1740 581; x_wconf 81' lang='lat' dir='ltr'>alia</span> <span class='ocrx_word' id='word_1_14' title='bbox 1769 527 1841 581; x_wconf 82' lang='lat' dir='ltr'>eunt</span> 
     </span>
     <span class='ocr_line' id='line_1_3' title="bbox 109 603 1840 684; baseline 0.002 -19"><span class='ocrx_word' id='word_1_15' title='bbox 109 606 409 673; x_wconf 76' lang='lat' dir='ltr'>iacientibus,cuius</span> <span class='ocrx_word' id='word_1_16' title='bbox 432 619 536 661; x_wconf 90' lang='lat' dir='ltr'>semen</span> <span class='ocrx_word' id='word_1_17' title='bbox 567 603 693 676; x_wconf 87' lang='lat' dir='ltr'>peribit:</span> <span class='ocrx_word' id='word_1_18' title='bbox 723 614 832 659; x_wconf 85' lang='lat' dir='ltr'>semen</span> <span class='ocrx_word' id='word_1_19' title='bbox 863 608 959 660; x_wconf 88' lang='lat' dir='ltr'>autem</span> <span class='ocrx_word' id='word_1_20' title='bbox 1014 609 1361 681; x_wconf 82' lang='lat' dir='ltr'>actuosae‚quasuntin</span> <span class='ocrx_word' id='word_1_21' title='bbox 1379 613 1619 684; x_wconf 74' lang='lat' dir='ltr'>conpensante,</span> <span class='ocrx_word' id='word_1_22' title='bbox 1636 616 1840 671; x_wconf 84' lang='lat' dir='ltr'>nutsonoro·</span> 
     </span>
     <span class='ocr_line' id='line_1_4' title="bbox 115 687 1842 774; baseline 0 -20"><span class='ocrx_word' id='word_1_23' title='bbox 115 697 185 769; x_wconf 87' lang='lat' dir='ltr'>ejus</span> <span class='ocrx_word' id='word_1_24' title='bbox 200 694 288 766; x_wconf 92' lang='lat' dir='ltr'>impii</span> <span class='ocrx_word' id='word_1_25' title='bbox 304 698 333 751; x_wconf 90' lang='lat' dir='ltr'>et</span> <span class='ocrx_word' id='word_1_26' title='bbox 347 692 481 750; x_wconf 83' lang='lat' dir='ltr'>infideles</span> <span class='ocrx_word' id='word_1_27' title='bbox 497 695 581 757; x_wconf 81' lang='lat' dir='ltr'>sunt,</span> <span class='ocrx_word' id='word_1_28' title='bbox 598 692 706 766; x_wconf 88' lang='lat' dir='ltr'>quibus</span> <span class='ocrx_word' id='word_1_29' title='bbox 729 691 770 747; x_wconf 89' lang='lat' dir='ltr'>nit</span> <span class='ocrx_word' id='word_1_30' title='bbox 801 687 957 762; x_wconf 83' lang='lat' dir='ltr'><strong>Dominus,</strong></span> <span class='ocrx_word' id='word_1_31' title='bbox 1014 692 1057 749; x_wconf 87' lang='lat' dir='ltr'>cis</span> <span class='ocrx_word' id='word_1_32' title='bbox 1071 712 1077 761; x_wconf 94' lang='lat'>;</span> <span class='ocrx_word' id='word_1_33' title='bbox 1093 697 1217 752; x_wconf 87' lang='lat' dir='ltr'>cessavit</span> <span class='ocrx_word' id='word_1_34' title='bbox 1232 704 1330 755; x_wconf 87' lang='lat' dir='ltr'>motus</span> <span class='ocrx_word' id='word_1_35' title='bbox 1346 701 1401 755; x_wconf 86' lang='lat' dir='ltr'>aut</span> <span class='ocrx_word' id='word_1_36' title='bbox 1416 716 1517 764; x_wconf 82' lang='lat' dir='ltr'>sonus,</span> <span class='ocrx_word' id='word_1_37' title='bbox 1530 700 1602 757; x_wconf 84' lang='lat' dir='ltr'>nihil</span> <span class='ocrx_word' id='word_1_38' title='bbox 1622 701 1777 774; x_wconf 77' lang='lat' dir='ltr'>superfuit,</span> <span class='ocrx_word' id='word_1_39' title='bbox 1789 716 1842 756; x_wconf 91' lang='lat' dir='ltr'>nec</span> 
     </span>
     <span class='ocr_line' id='line_1_5' title="bbox 113 780 1842 857; baseline 0 -16"><span class='ocrx_word' id='word_1_40' title='bbox 113 787 172 842; x_wconf 77' lang='lat' dir='ltr'>Vua·</span> <span class='ocrx_word' id='word_1_41' title='bbox 185 801 221 841; x_wconf 77' lang='lat' dir='ltr'>ec</span> <span class='ocrx_word' id='word_1_42' title='bbox 234 791 316 856; x_wconf 83' lang='lat' dir='ltr'>patre</span> <span class='ocrx_word' id='word_1_43' title='bbox 329 782 439 839; x_wconf 80' lang='lat' dir='ltr'>diabolo</span> <span class='ocrx_word' id='word_1_44' title='bbox 454 782 520 838; x_wconf 80' lang='lat' dir='ltr'>estis</span> <span class='ocrx_word' id='word_1_45' title='bbox 537 781 632 854; x_wconf 74' lang='lat' dir='ltr'>(toan.</span> <span class='ocrx_word' id='word_1_46' title='bbox 648 798 711 849; x_wconf 74' lang='lat' dir='ltr'>vni,</span> <span class='ocrx_word' id='word_1_47' title='bbox 726 780 783 849; x_wconf 77' lang='lat' dir='ltr'>tt).</span> <span class='ocrx_word' id='word_1_48' title='bbox 1013 782 1155 837; x_wconf 73' lang='lat' dir='ltr'><strong>remansit</strong></span> <span class='ocrx_word' id='word_1_49' title='bbox 1168 788 1374 853; x_wconf 74' lang='lat' dir='ltr'>spectantibus</span> <span class='ocrx_word' id='word_1_50' title='bbox 1390 784 1436 841; x_wconf 90' lang='lat' dir='ltr'>vel</span> <span class='ocrx_word' id='word_1_51' title='bbox 1460 787 1664 857; x_wconf 82' lang='lat' dir='ltr'>audientibus3</span> <span class='ocrx_word' id='word_1_52' title='bbox 1681 787 1745 844; x_wconf 83' lang='lat' dir='ltr'>aliae</span> <span class='ocrx_word' id='word_1_53' title='bbox 1759 787 1842 843; x_wconf 91' lang='lat' dir='ltr'>theo-</span> 
     </span>
     <span class='ocr_line' id='line_1_6' title="bbox 154 867 1843 946; baseline 0 -17"><span class='ocrx_word' id='word_1_54' title='bbox 154 874 201 929; x_wconf 83' lang='lat'>15.</span> <span class='ocrx_word' id='word_1_55' title='bbox 218 870 513 929; x_wconf 81' lang='lat' dir='ltr'>Estetiaminitium</span> <span class='ocrx_word' id='word_1_56' title='bbox 544 868 715 943; x_wconf 84' lang='lat' dir='ltr'>mysticum,</span> <span class='ocrx_word' id='word_1_57' title='bbox 742 874 776 926; x_wconf 89' lang='lat' dir='ltr'>ut</span> <span class='ocrx_word' id='word_1_58' title='bbox 803 867 876 927; x_wconf 88' lang='lat' dir='ltr'>illud</span> <span class='ocrx_word' id='word_1_59' title='bbox 902 876 956 941; x_wconf 87' lang='lat' dir='ltr'>est,</span> <span class='ocrx_word' id='word_1_60' title='bbox 1013 869 1120 934; x_wconf 81' lang='lat' dir='ltr'>retice,</span> <span class='ocrx_word' id='word_1_61' title='bbox 1138 874 1346 946; x_wconf 81' lang='lat' dir='ltr'>quarigorem</span> <span class='ocrx_word' id='word_1_62' title='bbox 1358 873 1469 931; x_wconf 87' lang='lat' dir='ltr'>mentis</span> <span class='ocrx_word' id='word_1_63' title='bbox 1493 880 1647 931; x_wconf 77' lang='lat' dir='ltr'>exerceant</span> <span class='ocrx_word' id='word_1_64' title='bbox 1674 877 1748 945; x_wconf 80' lang='lat'>(20);</span> <span class='ocrx_word' id='word_1_65' title='bbox 1778 872 1843 929; x_wconf 81' lang='lat' dir='ltr'>aliae</span> 
     </span>
     <span class='ocr_line' id='line_1_7' title="bbox 113 956 1844 1036; baseline -0.001 -18"><span class='ocrx_word' id='word_1_66' title='bbox 113 964 174 1035; x_wconf 72' lang='lat' dir='ltr'>Epo</span> <span class='ocrx_word' id='word_1_67' title='bbox 191 978 251 1017; x_wconf 81' lang='lat' dir='ltr'>sam</span> <span class='ocrx_word' id='word_1_68' title='bbox 262 962 375 1033; x_wconf 76' lang='lat' dir='ltr'>primus</span> <span class='ocrx_word' id='word_1_69' title='bbox 387 963 413 1015; x_wconf 86' lang='lat' dir='ltr'>et</span> <span class='ocrx_word' id='word_1_70' title='bbox 427 960 608 1025; x_wconf 72' lang='lat' dir='ltr'>nouissimam,</span> <span class='ocrx_word' id='word_1_71' title='bbox 623 960 738 1015; x_wconf 82' lang='lat' dir='ltr'>initium</span> <span class='ocrx_word' id='word_1_72' title='bbox 753 969 779 1016; x_wconf 88' lang='lat' dir='ltr'>ct</span> <span class='ocrx_word' id='word_1_73' title='bbox 789 960 855 1030; x_wconf 76' lang='lat' dir='ltr'>finis</span> <span class='ocrx_word' id='word_1_74' title='bbox 865 961 956 1033; x_wconf 82' lang='lat' dir='ltr'>(Aper.</span> <span class='ocrx_word' id='word_1_75' title='bbox 1011 956 1195 1027; x_wconf 87' lang='lat' dir='ltr'>hujusmodi,</span> <span class='ocrx_word' id='word_1_76' title='bbox 1212 966 1253 1027; x_wconf 91' lang='lat' dir='ltr'>ut,</span> <span class='ocrx_word' id='word_1_77' title='bbox 1271 967 1407 1019; x_wconf 90' lang='lat' dir='ltr'>cessante</span> <span class='ocrx_word' id='word_1_78' title='bbox 1422 980 1539 1036; x_wconf 86' lang='lat' dir='ltr'>quoque</span> <span class='ocrx_word' id='word_1_79' title='bbox 1554 964 1734 1034; x_wconf 79' lang='lat' dir='ltr'>operationis</span> <span class='ocrx_word' id='word_1_80' title='bbox 1745 961 1844 1019; x_wconf 82' lang='lat' dir='ltr'>olilcio</span> 
     </span>
     <span class='ocr_line' id='line_1_8' title="bbox 111 1046 1846 1124; baseline -0.001 -17"><span class='ocrx_word' id='word_1_81' title='bbox 111 1053 145 1121; x_wconf 86' lang='lat' dir='ltr'>l,</span> <span class='ocrx_word' id='word_1_82' title='bbox 160 1050 202 1123; x_wconf 87' lang='grc'>8).</span> <span class='ocrx_word' id='word_1_83' title='bbox 217 1050 253 1105; x_wconf 78' lang='lat' dir='ltr'>lit</span> <span class='ocrx_word' id='word_1_84' title='bbox 266 1048 341 1107; x_wconf 90' lang='lat' dir='ltr'>illud</span> <span class='ocrx_word' id='word_1_85' title='bbox 358 1048 390 1105; x_wconf 88' lang='lat' dir='ltr'>in</span> <span class='ocrx_word' id='word_1_86' title='bbox 404 1046 566 1122; x_wconf 81' lang='lat' dir='ltr'>Evangelio</span> <span class='ocrx_word' id='word_1_87' title='bbox 585 1046 742 1120; x_wconf 75' lang='lat' dir='ltr'>precipue,</span> <span class='ocrx_word' id='word_1_88' title='bbox 760 1050 839 1122; x_wconf 91' lang='lat' dir='ltr'>quod</span> <span class='ocrx_word' id='word_1_89' title='bbox 867 1051 956 1107; x_wconf 88' lang='lat' dir='ltr'>inter·</span> <span class='ocrx_word' id='word_1_90' title='bbox 1012 1046 1109 1117; x_wconf 86' lang='lat' dir='ltr'>operis</span> <span class='ocrx_word' id='word_1_91' title='bbox 1125 1062 1234 1106; x_wconf 90' lang='lat' dir='ltr'>munus</span> <span class='ocrx_word' id='word_1_92' title='bbox 1249 1056 1401 1123; x_wconf 87' lang='lat' dir='ltr'>appareat,</span> <span class='ocrx_word' id='word_1_93' title='bbox 1415 1056 1449 1105; x_wconf 92' lang='lat' dir='ltr'>ut</span> <span class='ocrx_word' id='word_1_94' title='bbox 1463 1050 1613 1106; x_wconf 75' lang='lat' dir='ltr'>aedificatio</span> <span class='ocrx_word' id='word_1_95' title='bbox 1628 1056 1717 1124; x_wconf 89' lang='lat' dir='ltr'>atque</span> <span class='ocrx_word' id='word_1_96' title='bbox 1728 1054 1846 1107; x_wconf 84' lang='lat' dir='ltr'>textura</span> 
     </span>
     <span class='ocr_line' id='line_1_9' title="bbox 116 1134 1846 1213; baseline 0.004 -16"><span class='ocrx_word' id='word_1_97' title='bbox 116 1144 241 1213; x_wconf 75' lang='lat' dir='ltr'>rogetus</span> <span class='ocrx_word' id='word_1_98' title='bbox 256 1138 403 1194; x_wconf 83' lang='lat' dir='ltr'>Dominus</span> <span class='ocrx_word' id='word_1_99' title='bbox 418 1137 486 1208; x_wconf 88' lang='lat' dir='ltr'>quis</span> <span class='ocrx_word' id='word_1_100' title='bbox 514 1140 604 1199; x_wconf 83' lang='lat' dir='ltr'>esset.</span> <span class='ocrx_word' id='word_1_101' title='bbox 634 1138 804 1209; x_wconf 89' lang='lat' dir='ltr'>respondit:</span> <span class='ocrx_word' id='word_1_102' title='bbox 832 1140 954 1209; x_wconf 83' lang='lat' dir='ltr'>Initium,</span> <span class='ocrx_word' id='word_1_103' title='bbox 1013 1134 1180 1205; x_wconf 73' lang='lat' dir='ltr'>quaeeliflm</span> <span class='ocrx_word' id='word_1_104' title='bbox 1196 1140 1311 1194; x_wconf 71' lang='lat' dir='ltr'>iacente</span> <span class='ocrx_word' id='word_1_105' title='bbox 1330 1139 1456 1204; x_wconf 65' lang='lat' dir='ltr'>artifice,</span> <span class='ocrx_word' id='word_1_106' title='bbox 1486 1139 1622 1210; x_wconf 64' lang='lat' dir='ltr'>perillam</span> <span class='ocrx_word' id='word_1_107' title='bbox 1649 1140 1716 1211; x_wconf 66' lang='lat' dir='ltr'>ejus</span> <span class='ocrx_word' id='word_1_108' title='bbox 1743 1141 1846 1193; x_wconf 61' lang='lat' dir='ltr'>0⁵1⁰ss-</span> 
     </span>
     <span class='ocr_line' id='line_1_10' title="bbox 116 1223 1845 1303; baseline 0 -21"><span class='ocrx_word' id='word_1_109' title='bbox 116 1228 191 1303; x_wconf 82' lang='lat' dir='ltr'>qued</span> <span class='ocrx_word' id='word_1_110' title='bbox 205 1232 231 1284; x_wconf 84' lang='lat' dir='ltr'>et</span> <span class='ocrx_word' id='word_1_111' title='bbox 245 1228 344 1301; x_wconf 78' lang='lat' dir='ltr'>loquor</span> <span class='ocrx_word' id='word_1_112' title='bbox 367 1226 445 1282; x_wconf 81' lang='lat' dir='ltr'>cobis</span> <span class='ocrx_word' id='word_1_113' title='bbox 467 1227 549 1299; x_wconf 78' lang='lat' dir='ltr'>(loon</span> <span class='ocrx_word' id='word_1_114' title='bbox 576 1240 640 1291; x_wconf 84' lang='lat' dir='ltr'>vm,</span> <span class='ocrx_word' id='word_1_115' title='bbox 670 1227 726 1299; x_wconf 83' lang='lat'>25).</span> <span class='ocrx_word' id='word_1_116' title='bbox 756 1226 811 1293; x_wconf 84' lang='lat' dir='ltr'>Qui</span> <span class='ocrx_word' id='word_1_117' title='bbox 835 1243 901 1283; x_wconf 79' lang='lat' dir='ltr'>vere</span> <span class='ocrx_word' id='word_1_118' title='bbox 928 1231 957 1285; x_wconf 76' lang='lat' dir='ltr'>et</span> <span class='ocrx_word' id='word_1_119' title='bbox 1013 1223 1098 1286; x_wconf 83' lang='lat' dir='ltr'>dunt,</span> <span class='ocrx_word' id='word_1_120' title='bbox 1115 1226 1412 1301; x_wconf 87' lang='lat' dir='ltr'>utaperaturioperis</span> <span class='ocrx_word' id='word_1_121' title='bbox 1427 1224 1685 1282; x_wconf 88' lang='lat' dir='ltr'>suitestimonium</span> <span class='ocrx_word' id='word_1_122' title='bbox 1700 1225 1845 1298; x_wconf 77' lang='lat' dir='ltr'>suffrage-</span> 
     </span>
     <span class='ocr_line' id='line_1_11' title="bbox 115 1309 1845 1389; baseline -0.005 -14"><span class='ocrx_word' id='word_1_123' title='bbox 115 1316 281 1376; x_wconf 88' lang='lat' dir='ltr'>secundum</span> <span class='ocrx_word' id='word_1_124' title='bbox 299 1314 484 1371; x_wconf 76' lang='lat' dir='ltr'>dirinitatem</span> <span class='ocrx_word' id='word_1_125' title='bbox 502 1316 547 1369; x_wconf 90' lang='lat' dir='ltr'>eet</span> <span class='ocrx_word' id='word_1_126' title='bbox 562 1312 684 1369; x_wconf 91' lang='lat' dir='ltr'>initium</span> <span class='ocrx_word' id='word_1_127' title='bbox 711 1315 856 1380; x_wconf 83' lang='lat' dir='ltr'>omnium.</span> <span class='ocrx_word' id='word_1_128' title='bbox 886 1316 956 1389; x_wconf 88' lang='lat' dir='ltr'>quia</span> <span class='ocrx_word' id='word_1_129' title='bbox 1011 1316 1071 1366; x_wconf 87' lang='lat' dir='ltr'>tur.</span> <span class='ocrx_word' id='word_1_130' title='bbox 1088 1309 1229 1368; x_wconf 79' lang='lat' dir='ltr'>Similiter</span> <span class='ocrx_word' id='word_1_131' title='bbox 1242 1313 1542 1373; x_wconf 80' lang='lat' dir='ltr'>bicmundusdivina</span> <span class='ocrx_word' id='word_1_132' title='bbox 1550 1314 1714 1387; x_wconf 89' lang='lat' dir='ltr'>majestatis</span> <span class='ocrx_word' id='word_1_133' title='bbox 1727 1311 1845 1387; x_wconf 81' lang='lat' dir='ltr'>insigne</span> 
     </span>
     <span class='ocr_line' id='line_1_12' title="bbox 117 1400 1843 1476; baseline -0.002 -13"><span class='ocrx_word' id='word_1_134' title='bbox 117 1420 204 1464; x_wconf 90' lang='lat' dir='ltr'>nemo</span> <span class='ocrx_word' id='word_1_135' title='bbox 215 1407 284 1461; x_wconf 87' lang='lat' dir='ltr'>ante</span> <span class='ocrx_word' id='word_1_136' title='bbox 294 1402 417 1475; x_wconf 87' lang='lat' dir='ltr'>ipsum;</span> <span class='ocrx_word' id='word_1_137' title='bbox 433 1401 548 1470; x_wconf 89' lang='lat' dir='ltr'>etflnis,</span> <span class='ocrx_word' id='word_1_138' title='bbox 567 1402 637 1474; x_wconf 91' lang='lat' dir='ltr'>quia</span> <span class='ocrx_word' id='word_1_139' title='bbox 649 1418 740 1459; x_wconf 89' lang='lat' dir='ltr'>nemo</span> <span class='ocrx_word' id='word_1_140' title='bbox 751 1403 828 1459; x_wconf 88' lang='lat' dir='ltr'>ultra</span> <span class='ocrx_word' id='word_1_141' title='bbox 841 1402 954 1476; x_wconf 90' lang='lat' dir='ltr'>ipsum:</span> <span class='ocrx_word' id='word_1_142' title='bbox 1011 1402 1066 1466; x_wconf 86' lang='lat' dir='ltr'>est,</span> <span class='ocrx_word' id='word_1_143' title='bbox 1083 1404 1116 1453; x_wconf 90' lang='lat' dir='ltr'>ut</span> <span class='ocrx_word' id='word_1_144' title='bbox 1127 1415 1179 1471; x_wconf 89' lang='lat' dir='ltr'>per</span> <span class='ocrx_word' id='word_1_145' title='bbox 1192 1400 1290 1473; x_wconf 92' lang='lat' dir='ltr'>ipsum</span> <span class='ocrx_word' id='word_1_146' title='bbox 1299 1406 1346 1461; x_wconf 83' lang='lat' dir='ltr'>Dei</span> <span class='ocrx_word' id='word_1_147' title='bbox 1363 1402 1513 1476; x_wconf 87' lang='lat' dir='ltr'>sapientia</span> <span class='ocrx_word' id='word_1_148' title='bbox 1527 1403 1740 1461; x_wconf 76' lang='lat' dir='ltr'>manifestetur.</span> <span class='ocrx_word' id='word_1_149' title='bbox 1752 1400 1843 1465; x_wconf 83' lang='lat' dir='ltr'>Quam</span> 
     </span>
     <span class='ocr_line' id='line_1_13' title="bbox 116 1486 1845 1563; baseline -0.002 -11"><span class='ocrx_word' id='word_1_150' title='bbox 116 1499 148 1553; x_wconf 89' lang='lat' dir='ltr'>et</span> <span class='ocrx_word' id='word_1_151' title='bbox 162 1492 329 1551; x_wconf 90' lang='lat' dir='ltr'>secundum</span> <span class='ocrx_word' id='word_1_152' title='bbox 346 1488 535 1547; x_wconf 87' lang='lat' dir='ltr'>Salomonem</span> <span class='ocrx_word' id='word_1_153' title='bbox 553 1490 647 1561; x_wconf 76' lang='lat' dir='ltr'>(Pecu.</span> <span class='ocrx_word' id='word_1_154' title='bbox 671 1507 734 1557; x_wconf 81' lang='lat' dir='ltr'>rur,</span> <span class='ocrx_word' id='word_1_155' title='bbox 762 1492 808 1563; x_wconf 67' lang='lat'>22)</span> <span class='ocrx_word' id='word_1_156' title='bbox 838 1492 956 1550; x_wconf 91' lang='lat' dir='ltr'>initium</span> <span class='ocrx_word' id='word_1_157' title='bbox 1012 1486 1116 1541; x_wconf 74' lang='lat' dir='ltr'>videns</span> <span class='ocrx_word' id='word_1_158' title='bbox 1131 1487 1287 1561; x_wconf 82' lang='lat' dir='ltr'>Propheta,</span> <span class='ocrx_word' id='word_1_159' title='bbox 1312 1491 1405 1549; x_wconf 90' lang='lat' dir='ltr'>simul</span> <span class='ocrx_word' id='word_1_160' title='bbox 1435 1496 1466 1545; x_wconf 91' lang='lat' dir='ltr'>et</span> <span class='ocrx_word' id='word_1_161' title='bbox 1493 1490 1529 1546; x_wconf 92' lang='lat' dir='ltr'>ad</span> <span class='ocrx_word' id='word_1_162' title='bbox 1558 1490 1717 1547; x_wconf 84' lang='lat' dir='ltr'>invisibilia</span> <span class='ocrx_word' id='word_1_163' title='bbox 1744 1489 1845 1549; x_wconf 90' lang='lat' dir='ltr'>oculos</span> 
     </span>
     <span class='ocr_line' id='line_1_14' title="bbox 116 1575 1846 1653; baseline 0.004 -15"><span class='ocrx_word' id='word_1_164' title='bbox 116 1582 289 1641; x_wconf 83' lang='lat' dir='ltr'>estriarum</span> <span class='ocrx_word' id='word_1_165' title='bbox 307 1577 426 1635; x_wconf 88' lang='lat' dir='ltr'>Domini</span> <span class='ocrx_word' id='word_1_166' title='bbox 443 1577 472 1634; x_wconf 92' lang='lat' dir='ltr'>in</span> <span class='ocrx_word' id='word_1_167' title='bbox 489 1594 578 1651; x_wconf 85' lang='lat' dir='ltr'>opera</span> <span class='ocrx_word' id='word_1_168' title='bbox 603 1580 688 1651; x_wconf 80' lang='lat' dir='ltr'>eJus;</span> <span class='ocrx_word' id='word_1_169' title='bbox 716 1582 749 1635; x_wconf 87' lang='lat' dir='ltr'>ut</span> <span class='ocrx_word' id='word_1_170' title='bbox 778 1596 828 1653; x_wconf 85' lang='lat' dir='ltr'>per</span> <span class='ocrx_word' id='word_1_171' title='bbox 856 1579 956 1653; x_wconf 88' lang='lat' dir='ltr'>ipsum</span> <span class='ocrx_word' id='word_1_172' title='bbox 1012 1575 1286 1645; x_wconf 64' lang='grc' dir='ltr'>ῐῐὶθῦῑῑῦθῑῒῡΗθῦῦ,</span> <span class='ocrx_word' id='word_1_173' title='bbox 1303 1581 1365 1636; x_wconf 88' lang='lat' dir='ltr'>ait:</span> <span class='ocrx_word' id='word_1_174' title='bbox 1382 1580 1473 1648; x_wconf 65' lang='lat' dir='ltr'>Quam</span> <span class='ocrx_word' id='word_1_175' title='bbox 1487 1580 1745 1651; x_wconf 64' lang='lat' dir='ltr'>madnifiwiami</span> <span class='ocrx_word' id='word_1_176' title='bbox 1765 1593 1846 1651; x_wconf 66' lang='lat' dir='ltr'>Olim</span> 
     </span>
     <span class='ocr_line' id='line_1_15' title="bbox 116 1665 1844 1744; baseline -0.002 -17"><span class='ocrx_word' id='word_1_177' title='bbox 116 1671 240 1727; x_wconf 85' lang='lat' dir='ltr'>disceret</span> <span class='ocrx_word' id='word_1_178' title='bbox 253 1665 417 1724; x_wconf 90' lang='lat' dir='ltr'>bominum</span> <span class='ocrx_word' id='word_1_179' title='bbox 444 1682 538 1739; x_wconf 83' lang='lat' dir='ltr'>genus</span> <span class='ocrx_word' id='word_1_180' title='bbox 567 1666 630 1723; x_wconf 89' lang='lat' dir='ltr'>vias</span> <span class='ocrx_word' id='word_1_181' title='bbox 660 1666 778 1723; x_wconf 87' lang='lat' dir='ltr'>Domini</span> <span class='ocrx_word' id='word_1_182' title='bbox 806 1668 900 1740; x_wconf 88' lang='lat' dir='ltr'>sequi,</span> <span class='ocrx_word' id='word_1_183' title='bbox 930 1672 958 1725; x_wconf 87' lang='lat' dir='ltr'>et</span> <span class='ocrx_word' id='word_1_184' title='bbox 1012 1666 1072 1729; x_wconf 65' lang='lat' dir='ltr'>iva,</span> <span class='ocrx_word' id='word_1_185' title='bbox 1116 1666 1254 1722; x_wconf 80' lang='lat' dir='ltr'>Domine!</span> <span class='ocrx_word' id='word_1_186' title='bbox 1294 1669 1392 1724; x_wconf 82' lang='lat' dir='ltr'>omnic</span> <span class='ocrx_word' id='word_1_187' title='bbox 1426 1668 1459 1723; x_wconf 83' lang='lat' dir='ltr'>iu</span> <span class='ocrx_word' id='word_1_188' title='bbox 1487 1668 1626 1740; x_wconf 79' lang='lat' dir='ltr'>sapientia</span> <span class='ocrx_word' id='word_1_189' title='bbox 1653 1666 1844 1744; x_wconf 67' lang='lat' dir='ltr'>[ecidiffeal.</span> 
     </span>
     <span class='ocr_line' id='line_1_16' title="bbox 115 1751 1143 1831; baseline -0.009 -14"><span class='ocrx_word' id='word_1_190' title='bbox 115 1758 338 1831; x_wconf 88' lang='lat' dir='ltr'>operariapera</span> <span class='ocrx_word' id='word_1_191' title='bbox 359 1754 421 1811; x_wconf 88' lang='lat' dir='ltr'>Dei.</span> <span class='ocrx_word' id='word_1_192' title='bbox 439 1754 541 1811; x_wconf 91' lang='lat' dir='ltr'>lnboc</span> <span class='ocrx_word' id='word_1_193' title='bbox 569 1770 639 1830; x_wconf 87' lang='lat' dir='ltr'>ergo</span> <span class='ocrx_word' id='word_1_194' title='bbox 666 1755 823 1829; x_wconf 86' lang='lat' dir='ltr'>principio,</span> <span class='ocrx_word' id='word_1_195' title='bbox 853 1756 883 1812; x_wconf 92' lang='lat' dir='ltr'>id</span> <span class='ocrx_word' id='word_1_196' title='bbox 912 1760 957 1813; x_wconf 88' lang='lat' dir='ltr'>est</span> <span class='ocrx_word' id='word_1_197' title='bbox 1012 1751 1143 1824; x_wconf 66' lang='lat' dir='ltr'>carali).</span> 
     </span>
     <span class='ocr_line' id='line_1_17' title="bbox 115 1840 1848 1935; baseline -0.001 -32"><span class='ocrx_word' id='word_1_198' title='bbox 115 1848 147 1903; x_wconf 92' lang='lat' dir='ltr'>in</span> <span class='ocrx_word' id='word_1_199' title='bbox 156 1846 283 1914; x_wconf 79' lang='lat' dir='ltr'>Christo,</span> <span class='ocrx_word' id='word_1_200' title='bbox 302 1843 374 1901; x_wconf 86' lang='lat' dir='ltr'>iecit</span> <span class='ocrx_word' id='word_1_201' title='bbox 387 1844 466 1900; x_wconf 89' lang='lat' dir='ltr'>Deus</span> <span class='ocrx_word' id='word_1_202' title='bbox 476 1842 583 1899; x_wconf 75' lang='lat' dir='ltr'>caelum</span> <span class='ocrx_word' id='word_1_203' title='bbox 599 1848 628 1901; x_wconf 91' lang='lat' dir='ltr'>et</span> <span class='ocrx_word' id='word_1_204' title='bbox 648 1847 780 1914; x_wconf 79' lang='lat' dir='ltr'>terram3</span> <span class='ocrx_word' id='word_1_205' title='bbox 807 1844 878 1917; x_wconf 89' lang='lat' dir='ltr'>quia</span> <span class='ocrx_word' id='word_1_206' title='bbox 903 1861 997 1935; x_wconf 75' lang='lat' dir='ltr'>perB</span> <span class='ocrx_word' id='word_1_207' title='bbox 1049 1840 1092 1895; x_wconf 76' lang='grc'>48.</span> <span class='ocrx_word' id='word_1_208' title='bbox 1109 1841 1168 1898; x_wconf 84' lang='lat' dir='ltr'>Nec</span> <span class='ocrx_word' id='word_1_209' title='bbox 1182 1843 1276 1900; x_wconf 81' lang='lat' dir='ltr'>otiose</span> <span class='ocrx_word' id='word_1_210' title='bbox 1295 1845 1402 1918; x_wconf 83' lang='lat' dir='ltr'>utique</span> <span class='ocrx_word' id='word_1_211' title='bbox 1417 1846 1531 1902; x_wconf 85' lang='lat' dir='ltr'>lactum</span> <span class='ocrx_word' id='word_1_212' title='bbox 1545 1846 1671 1921; x_wconf 78' lang='lat' dir='ltr'>legimus</span> <span class='ocrx_word' id='word_1_213' title='bbox 1685 1846 1848 1920; x_wconf 79' lang='lat' dir='ltr'>;quiagen·</span> 
     </span>
     <span class='ocr_line' id='line_1_18' title="bbox 117 1926 1849 2009; baseline -0.004 -17"><span class='ocrx_word' id='word_1_214' title='bbox 117 1936 216 2009; x_wconf 89' lang='lat' dir='ltr'>ipsum</span> <span class='ocrx_word' id='word_1_215' title='bbox 233 1933 334 1991; x_wconf 90' lang='lat' dir='ltr'>omnia</span> <span class='ocrx_word' id='word_1_216' title='bbox 348 1933 517 1999; x_wconf 79' lang='lat' dir='ltr'>factasunt,</span> <span class='ocrx_word' id='word_1_217' title='bbox 533 1936 563 1989; x_wconf 90' lang='lat' dir='ltr'>et</span> <span class='ocrx_word' id='word_1_218' title='bbox 586 1932 650 1990; x_wconf 89' lang='lat' dir='ltr'>sine</span> <span class='ocrx_word' id='word_1_219' title='bbox 677 1933 744 2008; x_wconf 90' lang='lat' dir='ltr'>ipso</span> <span class='ocrx_word' id='word_1_220' title='bbox 770 1934 881 1991; x_wconf 86' lang='lat' dir='ltr'>lactum</span> <span class='ocrx_word' id='word_1_221' title='bbox 910 1938 956 1991; x_wconf 86' lang='lat' dir='ltr'>est</span> <span class='ocrx_word' id='word_1_222' title='bbox 1013 1926 1080 1984; x_wconf 80' lang='lat' dir='ltr'>iilos</span> <span class='ocrx_word' id='word_1_223' title='bbox 1094 1929 1226 2003; x_wconf 90' lang='lat' dir='ltr'>plerique</span> <span class='ocrx_word' id='word_1_224' title='bbox 1236 1933 1290 2004; x_wconf 90' lang='lat' dir='ltr'>qui</span> <span class='ocrx_word' id='word_1_225' title='bbox 1305 1939 1489 1992; x_wconf 76' lang='lat' dir='ltr'>coeternum</span> <span class='ocrx_word' id='word_1_226' title='bbox 1506 1936 1565 1993; x_wconf 81' lang='lat' dir='ltr'>Deo</span> <span class='ocrx_word' id='word_1_227' title='bbox 1581 1937 1727 1992; x_wconf 84' lang='lat' dir='ltr'>mundum</span> <span class='ocrx_word' id='word_1_228' title='bbox 1746 1935 1849 1993; x_wconf 75' lang='lat' dir='ltr'>volunt</span> 
     </span>
     <span class='ocr_line' id='line_1_19' title="bbox 116 2019 1849 2097; baseline 0.001 -16"><span class='ocrx_word' id='word_1_229' title='bbox 116 2023 286 2097; x_wconf 89' lang='lat' dir='ltr'>nihilquod</span> <span class='ocrx_word' id='word_1_230' title='bbox 308 2022 489 2078; x_wconf 76' lang='lat' dir='ltr'>factumest.</span> <span class='ocrx_word' id='word_1_231' title='bbox 507 2022 692 2095; x_wconf 88' lang='lat' dir='ltr'>lnipsovita</span> <span class='ocrx_word' id='word_1_232' title='bbox 722 2026 803 2091; x_wconf 82' lang='lat' dir='ltr'>erat3</span> <span class='ocrx_word' id='word_1_233' title='bbox 821 2022 891 2096; x_wconf 89' lang='lat' dir='ltr'>quia</span> <span class='ocrx_word' id='word_1_234' title='bbox 921 2022 953 2079; x_wconf 92' lang='lat' dir='ltr'>in</span> <span class='ocrx_word' id='word_1_235' title='bbox 1014 2019 1849 2093; x_wconf 79' lang='lat' dir='ltr'>esse.quasiadumbrationemvirtutisdivina,asserunt</span> 
     </span>
     <span class='ocr_line' id='line_1_20' title="bbox 117 2105 1848 2191; baseline 0.005 -24"><span class='ocrx_word' id='word_1_236' title='bbox 117 2114 186 2186; x_wconf 91' lang='lat' dir='ltr'>ipso</span> <span class='ocrx_word' id='word_1_237' title='bbox 201 2115 335 2169; x_wconf 68' lang='lat' dir='ltr'>condant</span> <span class='ocrx_word' id='word_1_238' title='bbox 347 2110 456 2168; x_wconf 89' lang='lat' dir='ltr'>omnia.</span> <span class='ocrx_word' id='word_1_239' title='bbox 472 2110 506 2167; x_wconf 81' lang='lat' dir='ltr'>m</span> <span class='ocrx_word' id='word_1_240' title='bbox 516 2110 579 2185; x_wconf 90' lang='lat' dir='ltr'>ipse</span> <span class='ocrx_word' id='word_1_241' title='bbox 594 2114 639 2167; x_wconf 87' lang='lat' dir='ltr'>est</span> <span class='ocrx_word' id='word_1_242' title='bbox 661 2111 880 2187; x_wconf 86' lang='lat' dir='ltr'>primogenitus</span> <span class='ocrx_word' id='word_1_243' title='bbox 909 2118 952 2167; x_wconf 86' lang='lat' dir='ltr'>tc·</span> <span class='ocrx_word' id='word_1_244' title='bbox 1014 2105 1101 2163; x_wconf 84' lang='lat' dir='ltr'>etiam</span> <span class='ocrx_word' id='word_1_245' title='bbox 1116 2113 1220 2181; x_wconf 84' lang='lat' dir='ltr'>sponte</span> <span class='ocrx_word' id='word_1_246' title='bbox 1235 2109 1423 2183; x_wconf 88' lang='lat' dir='ltr'>subsistere;</span> <span class='ocrx_word' id='word_1_247' title='bbox 1440 2117 1471 2170; x_wconf 90' lang='lat' dir='ltr'>et</span> <span class='ocrx_word' id='word_1_248' title='bbox 1487 2114 1623 2187; x_wconf 79' lang='lat' dir='ltr'>quamvis</span> <span class='ocrx_word' id='word_1_249' title='bbox 1638 2131 1758 2175; x_wconf 82' lang='lat' dir='ltr'>causam</span> <span class='ocrx_word' id='word_1_250' title='bbox 1783 2118 1848 2191; x_wconf 84' lang='lat' dir='ltr'>ejus</span> 
     </span>
     <span class='ocr_line' id='line_1_21' title="bbox 118 2194 1848 2282; baseline 0.005 -25"><span class='ocrx_word' id='word_1_251' title='bbox 118 2202 182 2258; x_wconf 86' lang='lat' dir='ltr'>tius</span> <span class='ocrx_word' id='word_1_252' title='bbox 197 2203 354 2257; x_wconf 79' lang='lat' dir='ltr'>creatura:</span> <span class='ocrx_word' id='word_1_253' title='bbox 370 2199 431 2256; x_wconf 85' lang='lat' dir='ltr'>sive</span> <span class='ocrx_word' id='word_1_254' title='bbox 447 2198 595 2272; x_wconf 88' lang='lat' dir='ltr'>quiaanie</span> <span class='ocrx_word' id='word_1_255' title='bbox 624 2215 744 2256; x_wconf 89' lang='lat' dir='ltr'>omnem</span> <span class='ocrx_word' id='word_1_256' title='bbox 776 2202 953 2269; x_wconf 84' lang='lat' dir='ltr'>ereaturam,</span> <span class='ocrx_word' id='word_1_257' title='bbox 1014 2194 1106 2253; x_wconf 87' lang='lat' dir='ltr'>Deum</span> <span class='ocrx_word' id='word_1_258' title='bbox 1121 2214 1185 2254; x_wconf 90' lang='lat' dir='ltr'>esse</span> <span class='ocrx_word' id='word_1_259' title='bbox 1199 2197 1363 2272; x_wconf 85' lang='lat' dir='ltr'>fateantur,</span> <span class='ocrx_word' id='word_1_260' title='bbox 1392 2217 1518 2260; x_wconf 88' lang='lat' dir='ltr'>causam</span> <span class='ocrx_word' id='word_1_261' title='bbox 1543 2208 1641 2263; x_wconf 72' lang='lat' dir='ltr'>mman</span> <span class='ocrx_word' id='word_1_262' title='bbox 1667 2207 1848 2282; x_wconf 73' lang='lat' dir='ltr'>lactuml2l)</span> 
     </span>
     <span class='ocr_line' id='line_1_22' title="bbox 121 2285 1850 2368; baseline 0.006 -22"><span class='ocrx_word' id='word_1_263' title='bbox 121 2289 186 2347; x_wconf 82' lang='lat' dir='ltr'>eive</span> <span class='ocrx_word' id='word_1_264' title='bbox 200 2290 269 2363; x_wconf 90' lang='lat' dir='ltr'>qnia</span> <span class='ocrx_word' id='word_1_265' title='bbox 283 2292 414 2357; x_wconf 86' lang='lat' dir='ltr'>sanctus,</span> <span class='ocrx_word' id='word_1_266' title='bbox 429 2287 498 2361; x_wconf 90' lang='lat' dir='ltr'>quia</span> <span class='ocrx_word' id='word_1_267' title='bbox 509 2288 702 2363; x_wconf 84' lang='lat' dir='ltr'>primogeniti</span> <span class='ocrx_word' id='word_1_268' title='bbox 720 2288 812 2343; x_wconf 86' lang='lat' dir='ltr'>sancti</span> <span class='ocrx_word' id='word_1_269' title='bbox 826 2293 904 2357; x_wconf 88' lang='lat' dir='ltr'>sunt,</span> <span class='ocrx_word' id='word_1_270' title='bbox 918 2293 954 2345; x_wconf 93' lang='lat' dir='ltr'>ut</span> <span class='ocrx_word' id='word_1_271' title='bbox 1013 2285 1116 2343; x_wconf 85' lang='lat' dir='ltr'>volunt</span> <span class='ocrx_word' id='word_1_272' title='bbox 1129 2304 1188 2344; x_wconf 90' lang='lat' dir='ltr'>uon</span> <span class='ocrx_word' id='word_1_273' title='bbox 1202 2304 1237 2345; x_wconf 82' lang='lat' dir='ltr'>ex</span> <span class='ocrx_word' id='word_1_274' title='bbox 1250 2286 1407 2347; x_wconf 88' lang='lat' dir='ltr'>voluntate</span> <span class='ocrx_word' id='word_1_275' title='bbox 1419 2296 1450 2347; x_wconf 90' lang='lat' dir='ltr'>ct</span> <span class='ocrx_word' id='word_1_276' title='bbox 1460 2293 1657 2366; x_wconf 86' lang='lat' dir='ltr'>dispositione</span> <span class='ocrx_word' id='word_1_277' title='bbox 1666 2314 1729 2368; x_wconf 87' lang='lat' dir='ltr'>sua,</span> <span class='ocrx_word' id='word_1_278' title='bbox 1742 2299 1793 2356; x_wconf 88' lang='lat' dir='ltr'>sed</span> <span class='ocrx_word' id='word_1_279' title='bbox 1807 2298 1850 2356; x_wconf 74' lang='lat' dir='ltr'>its</span> 
     </span>
     <span class='ocr_line' id='line_1_23' title="bbox 123 2375 1850 2451; baseline 0.008 -17"><span class='ocrx_word' id='word_1_280' title='bbox 123 2375 463 2451; x_wconf 77' lang='lat' dir='ltr'>primogenituslsraa13</span> <span class='ocrx_word' id='word_1_281' title='bbox 479 2393 535 2434; x_wconf 93' lang='lat' dir='ltr'>non</span> <span class='ocrx_word' id='word_1_282' title='bbox 561 2375 633 2451; x_wconf 88' lang='lat' dir='ltr'>quia</span> <span class='ocrx_word' id='word_1_283' title='bbox 658 2380 729 2432; x_wconf 88' lang='lat' dir='ltr'>ante</span> <span class='ocrx_word' id='word_1_284' title='bbox 757 2391 869 2443; x_wconf 90' lang='lat' dir='ltr'>omnes,</span> <span class='ocrx_word' id='word_1_285' title='bbox 898 2378 952 2434; x_wconf 90' lang='lat' dir='ltr'>sed</span> <span class='ocrx_word' id='word_1_286' title='bbox 1012 2378 1046 2429; x_wconf 89' lang='lat' dir='ltr'>ut</span> <span class='ocrx_word' id='word_1_287' title='bbox 1057 2392 1148 2433; x_wconf 88' lang='lat' dir='ltr'>cauea</span> <span class='ocrx_word' id='word_1_288' title='bbox 1163 2378 1274 2433; x_wconf 79' lang='lat' dir='ltr'>umbra</span> <span class='ocrx_word' id='word_1_289' title='bbox 1290 2392 1401 2451; x_wconf 85' lang='lat' dir='ltr'>corpus</span> <span class='ocrx_word' id='word_1_290' title='bbox 1415 2384 1473 2435; x_wconf 80' lang='lat' dir='ltr'>est.</span> <span class='ocrx_word' id='word_1_291' title='bbox 1490 2384 1630 2443; x_wconf 77' lang='lat' dir='ltr'>Adbaret</span> <span class='ocrx_word' id='word_1_292' title='bbox 1642 2387 1720 2444; x_wconf 89' lang='lat' dir='ltr'>euim</span> <span class='ocrx_word' id='word_1_293' title='bbox 1744 2388 1850 2447; x_wconf 83' lang='lat' dir='ltr'>umbra</span> 
     </span>
     <span class='ocr_line' id='line_1_24' title="bbox 123 2463 1849 2551; baseline 0.005 -29"><span class='ocrx_word' id='word_1_294' title='bbox 123 2466 200 2541; x_wconf 88' lang='lat' dir='ltr'>quia</span> <span class='ocrx_word' id='word_1_295' title='bbox 214 2466 333 2523; x_wconf 85' lang='lat' dir='ltr'>sanctior</span> <span class='ocrx_word' id='word_1_296' title='bbox 342 2465 466 2522; x_wconf 78' lang='lat' dir='ltr'>ceteris.</span> <span class='ocrx_word' id='word_1_297' title='bbox 483 2466 611 2523; x_wconf 84' lang='lat' dir='ltr'>Sanctus</span> <span class='ocrx_word' id='word_1_298' title='bbox 627 2468 730 2547; x_wconf 86' lang='lat' dir='ltr'>autem</span> <span class='ocrx_word' id='word_1_299' title='bbox 746 2464 885 2519; x_wconf 85' lang='lat' dir='ltr'>Dominus</span> <span class='ocrx_word' id='word_1_300' title='bbox 900 2482 951 2519; x_wconf 90' lang='lat' dir='ltr'>su·</span> <span class='ocrx_word' id='word_1_301' title='bbox 1012 2466 1138 2537; x_wconf 87' lang='lat' dir='ltr'>corpori,</span> <span class='ocrx_word' id='word_1_302' title='bbox 1153 2471 1183 2521; x_wconf 90' lang='lat' dir='ltr'>et</span> <span class='ocrx_word' id='word_1_303' title='bbox 1197 2463 1292 2539; x_wconf 82' lang='lat' dir='ltr'>fulgor</span> <span class='ocrx_word' id='word_1_304' title='bbox 1306 2464 1416 2521; x_wconf 90' lang='lat' dir='ltr'>lumini</span> <span class='ocrx_word' id='word_1_305' title='bbox 1433 2473 1571 2530; x_wconf 89' lang='lat' dir='ltr'>naturali</span> <span class='ocrx_word' id='word_1_306' title='bbox 1590 2476 1682 2551; x_wconf 74' lang='lat' dir='ltr'>magis</span> <span class='ocrx_word' id='word_1_307' title='bbox 1710 2478 1849 2537; x_wconf 77' lang='lat' dir='ltr'>societate</span> 
     </span>
     <span class='ocr_line' id='line_1_25' title="bbox 120 2552 1844 2644; baseline 0.009 -33"><span class='ocrx_word' id='word_1_308' title='bbox 120 2572 177 2629; x_wconf 92' lang='lat' dir='ltr'>pra</span> <span class='ocrx_word' id='word_1_309' title='bbox 192 2570 305 2611; x_wconf 86' lang='lat' dir='ltr'>omnem</span> <span class='ocrx_word' id='word_1_310' title='bbox 320 2558 485 2611; x_wconf 88' lang='lat' dir='ltr'>creaturam</span> <span class='ocrx_word' id='word_1_311' title='bbox 500 2559 529 2611; x_wconf 90' lang='lat' dir='ltr'>et</span> <span class='ocrx_word' id='word_1_312' title='bbox 543 2555 716 2612; x_wconf 88' lang='lat' dir='ltr'>secundum</span> <span class='ocrx_word' id='word_1_313' title='bbox 732 2552 861 2625; x_wconf 87' lang='lat' dir='ltr'>corporis</span> <span class='ocrx_word' id='word_1_314' title='bbox 884 2570 951 2610; x_wconf 88' lang='lat' dir='ltr'>sus·</span> <span class='ocrx_word' id='word_1_315' title='bbox 1011 2570 1101 2626; x_wconf 89' lang='lat' dir='ltr'>quam</span> <span class='ocrx_word' id='word_1_316' title='bbox 1116 2554 1268 2611; x_wconf 87' lang='lat' dir='ltr'>voluntate</span> <span class='ocrx_word' id='word_1_317' title='bbox 1283 2554 1406 2611; x_wconf 88' lang='lat' dir='ltr'>arbitra.</span> <span class='ocrx_word' id='word_1_318' title='bbox 1421 2555 1555 2619; x_wconf 88' lang='lat' dir='ltr'>Pulchre</span> <span class='ocrx_word' id='word_1_319' title='bbox 1568 2582 1636 2639; x_wconf 84' lang='lat' dir='ltr'>ergo</span> <span class='ocrx_word' id='word_1_320' title='bbox 1655 2568 1695 2623; x_wconf 90' lang='lat' dir='ltr'>ait</span> <span class='ocrx_word' id='word_1_321' title='bbox 1721 2568 1844 2644; x_wconf 80' lang='lat' dir='ltr'>Moyses,</span> 
     </span>
     <span class='ocr_line' id='line_1_26' title="bbox 118 2640 1846 2731; baseline 0.008 -30"><span class='ocrx_word' id='word_1_322' title='bbox 118 2644 302 2717; x_wconf 65' lang='lat' dir='ltr'>ceptionem</span> <span class='ocrx_word' id='word_1_323' title='bbox 318 2641 475 2717; x_wconf 88' lang='lat' dir='ltr'>quiasolus</span> <span class='ocrx_word' id='word_1_324' title='bbox 487 2643 549 2701; x_wconf 88' lang='lat' dir='ltr'>eine</span> <span class='ocrx_word' id='word_1_325' title='bbox 564 2648 699 2715; x_wconf 84' lang='lat' dir='ltr'>peccato,</span> <span class='ocrx_word' id='word_1_326' title='bbox 710 2640 792 2697; x_wconf 88' lang='lat' dir='ltr'>solus</span> <span class='ocrx_word' id='word_1_327' title='bbox 803 2641 953 2698; x_wconf 83' lang='lat' dir='ltr'>aiueruni·</span> <span class='ocrx_word' id='word_1_328' title='bbox 1008 2644 1075 2714; x_wconf 84' lang='lat' dir='ltr'>quia</span> <span class='ocrx_word' id='word_1_329' title='bbox 1087 2644 1154 2715; x_wconf 67' lang='lat' dir='ltr'>fecit</span> <span class='ocrx_word' id='word_1_330' title='bbox 1167 2646 1237 2700; x_wconf 75' lang='lat' dir='ltr'>Deris</span> <span class='ocrx_word' id='word_1_331' title='bbox 1257 2644 1359 2699; x_wconf 83' lang='lat' dir='ltr'>coelcm</span> <span class='ocrx_word' id='word_1_332' title='bbox 1386 2646 1413 2698; x_wconf 77' lang='lat' dir='ltr'>el</span> <span class='ocrx_word' id='word_1_333' title='bbox 1439 2647 1563 2708; x_wconf 71' lang='lat' dir='ltr'>terrum</span> <span class='ocrx_word' id='word_1_334' title='bbox 1592 2654 1654 2711; x_wconf 87' lang='lat' dir='ltr'>Nou</span> <span class='ocrx_word' id='word_1_335' title='bbox 1674 2655 1748 2714; x_wconf 80' lang='lat' dir='ltr'>uixit</span> <span class='ocrx_word' id='word_1_336' title='bbox 1775 2658 1846 2731; x_wconf 89' lang='lat' dir='ltr'>quia</span> 
     </span>
     <span class='ocr_line' id='line_1_27' title="bbox 116 2729 1844 2805; baseline 0.006 -17"><span class='ocrx_word' id='word_1_337' title='bbox 116 2738 188 2789; x_wconf 86' lang='lat' dir='ltr'>tate.</span> <span class='ocrx_word' id='word_1_338' title='bbox 205 2730 308 2788; x_wconf 89' lang='lat' dir='ltr'>Omnis</span> <span class='ocrx_word' id='word_1_339' title='bbox 323 2736 421 2788; x_wconf 86' lang='lat' dir='ltr'>autem</span> <span class='ocrx_word' id='word_1_340' title='bbox 435 2736 566 2788; x_wconf 89' lang='lat' dir='ltr'>creatura</span> <span class='ocrx_word' id='word_1_341' title='bbox 587 2731 724 2801; x_wconf 71' lang='lat' dir='ltr'>subiecta</span> <span class='ocrx_word' id='word_1_342' title='bbox 750 2729 869 2784; x_wconf 84' lang='lat' dir='ltr'>vanitati</span> <span class='ocrx_word' id='word_1_343' title='bbox 893 2735 948 2787; x_wconf 86' lang='lat' dir='ltr'>est.</span> <span class='ocrx_word' id='word_1_344' title='bbox 1007 2732 1131 2789; x_wconf 81' lang='lat' dir='ltr'>subesse</span> <span class='ocrx_word' id='word_1_345' title='bbox 1146 2734 1231 2800; x_wconf 59' lang='lat' dir='ltr'>lecim</span> <span class='ocrx_word' id='word_1_346' title='bbox 1247 2748 1307 2788; x_wconf 92' lang='lat' dir='ltr'>non</span> <span class='ocrx_word' id='word_1_347' title='bbox 1322 2730 1397 2785; x_wconf 86' lang='lat' dir='ltr'>dixit</span> <span class='ocrx_word' id='word_1_348' title='bbox 1423 2733 1500 2803; x_wconf 88' lang='lat' dir='ltr'>quia</span> <span class='ocrx_word' id='word_1_349' title='bbox 1525 2756 1645 2800; x_wconf 85' lang='lat' dir='ltr'>causam</span> <span class='ocrx_word' id='word_1_350' title='bbox 1671 2748 1782 2805; x_wconf 85' lang='lat' dir='ltr'>mundo</span> <span class='ocrx_word' id='word_1_351' title='bbox 1809 2752 1844 2804; x_wconf 88' lang='lat' dir='ltr'>ut</span> 
     </span>
     <span class='ocr_line' id='line_1_28' title="bbox 153 2818 1842 2908; baseline 0.008 -31"><span class='ocrx_word' id='word_1_352' title='bbox 153 2824 198 2877; x_wconf 80' lang='grc'>16.</span> <span class='ocrx_word' id='word_1_353' title='bbox 230 2820 390 2877; x_wconf 86' lang='lat' dir='ltr'>Possumus</span> <span class='ocrx_word' id='word_1_354' title='bbox 420 2819 504 2877; x_wconf 87' lang='lat' dir='ltr'>etiam</span> <span class='ocrx_word' id='word_1_355' title='bbox 533 2818 726 2893; x_wconf 85' lang='lat' dir='ltr'>intelligere:</span> <span class='ocrx_word' id='word_1_356' title='bbox 757 2819 788 2873; x_wconf 83' lang='lat' dir='ltr'>lu</span> <span class='ocrx_word' id='word_1_357' title='bbox 810 2819 950 2892; x_wconf 79' lang='lat' dir='ltr'>principio</span> <span class='ocrx_word' id='word_1_358' title='bbox 1005 2827 1093 2889; x_wconf 83' lang='lat' dir='ltr'>esset,</span> <span class='ocrx_word' id='word_1_359' title='bbox 1110 2823 1253 2893; x_wconf 78' lang='lat' dir='ltr'>prebuit:</span> <span class='ocrx_word' id='word_1_360' title='bbox 1270 2820 1323 2877; x_wconf 90' lang='lat' dir='ltr'>sed</span> <span class='ocrx_word' id='word_1_361' title='bbox 1338 2821 1404 2891; x_wconf 71' lang='lat' dir='ltr'>[ecit</span> <span class='ocrx_word' id='word_1_362' title='bbox 1433 2828 1525 2893; x_wconf 86' lang='lat' dir='ltr'>quasi</span> <span class='ocrx_word' id='word_1_363' title='bbox 1540 2831 1636 2890; x_wconf 83' lang='lat' dir='ltr'>bonus</span> <span class='ocrx_word' id='word_1_364' title='bbox 1659 2837 1738 2908; x_wconf 92' lang='lat' dir='ltr'>quod</span> <span class='ocrx_word' id='word_1_365' title='bbox 1767 2838 1842 2897; x_wconf 80' lang='lat' dir='ltr'>toret</span> 
     </span>
     <span class='ocr_line' id='line_1_29' title="bbox 113 2908 1835 2997; baseline 0.008 -30"><span class='ocrx_word' id='word_1_366' title='bbox 113 2909 551 2982; x_wconf 66' lang='lat' dir='ltr'>{ecitileuscoelumetterrcm</span> <span class='ocrx_word' id='word_1_367' title='bbox 581 2908 613 2964; x_wconf 91' lang='lat' dir='ltr'>id</span> <span class='ocrx_word' id='word_1_368' title='bbox 642 2911 688 2963; x_wconf 90' lang='lat' dir='ltr'>est</span> <span class='ocrx_word' id='word_1_369' title='bbox 718 2910 786 2962; x_wconf 88' lang='lat' dir='ltr'>ante</span> <span class='ocrx_word' id='word_1_370' title='bbox 810 2910 946 2979; x_wconf 87' lang='lat' dir='ltr'>tempus:</span> <span class='ocrx_word' id='word_1_371' title='bbox 1004 2909 1093 2965; x_wconf 85' lang='lat' dir='ltr'>utile:</span> <span class='ocrx_word' id='word_1_372' title='bbox 1121 2911 1206 2984; x_wconf 88' lang='lat' dir='ltr'>quasi</span> <span class='ocrx_word' id='word_1_373' title='bbox 1232 2908 1364 2983; x_wconf 86' lang='lat' dir='ltr'>sapiens,</span> <span class='ocrx_word' id='word_1_374' title='bbox 1388 2911 1468 2979; x_wconf 88' lang='lat' dir='ltr'>quad</span> <span class='ocrx_word' id='word_1_375' title='bbox 1493 2920 1641 2990; x_wconf 89' lang='lat' dir='ltr'>optimum</span> <span class='ocrx_word' id='word_1_376' title='bbox 1660 2926 1835 2997; x_wconf 80' lang='lat' dir='ltr'>judicabat:</span> 
     </span>
     <span class='ocr_line' id='line_1_30' title="bbox 113 2993 1835 3087; baseline 0.002 -32"><span class='ocrx_word' id='word_1_377' title='bbox 113 2996 324 3055; x_wconf 85' lang='lat' dir='ltr'>sicutinitium</span> <span class='ocrx_word' id='word_1_378' title='bbox 340 2997 613 3066; x_wconf 79' lang='lat' dir='ltr'>vianondumvia,</span> <span class='ocrx_word' id='word_1_379' title='bbox 631 3000 659 3052; x_wconf 91' lang='lat' dir='ltr'>et</span> <span class='ocrx_word' id='word_1_380' title='bbox 689 2993 810 3050; x_wconf 88' lang='lat' dir='ltr'>initium</span> <span class='ocrx_word' id='word_1_381' title='bbox 839 2994 946 3057; x_wconf 89' lang='lat' dir='ltr'>domus</span> <span class='ocrx_word' id='word_1_382' title='bbox 1001 2998 1087 3069; x_wconf 89' lang='lat' dir='ltr'>quasi</span> <span class='ocrx_word' id='word_1_383' title='bbox 1103 3002 1303 3073; x_wconf 84' lang='lat' dir='ltr'>omnipotens,</span> <span class='ocrx_word' id='word_1_384' title='bbox 1320 2996 1398 3068; x_wconf 89' lang='lat' dir='ltr'>quod</span> <span class='ocrx_word' id='word_1_385' title='bbox 1413 3002 1639 3073; x_wconf 77' lang='lat' dir='ltr'>amplissimum</span> <span class='ocrx_word' id='word_1_386' title='bbox 1649 3017 1835 3087; x_wconf 52' lang='lat' dir='ltr'>widem,</span> 
     </span>
     <span class='ocr_line' id='line_1_31' title="bbox 113 3084 1834 3176; baseline 0.012 -31"><span class='ocrx_word' id='word_1_387' title='bbox 113 3088 250 3145; x_wconf 88' lang='lat' dir='ltr'>nondum</span> <span class='ocrx_word' id='word_1_388' title='bbox 280 3086 397 3143; x_wconf 85' lang='lat' dir='ltr'>domus.</span> <span class='ocrx_word' id='word_1_389' title='bbox 426 3086 555 3159; x_wconf 87' lang='lat' dir='ltr'>Denique</span> <span class='ocrx_word' id='word_1_390' title='bbox 585 3085 634 3143; x_wconf 92' lang='lat' dir='ltr'>alii</span> <span class='ocrx_word' id='word_1_391' title='bbox 666 3084 815 3150; x_wconf 81' lang='lat' dir='ltr'>dixerunt,</span> <span class='ocrx_word' id='word_1_392' title='bbox 831 3091 946 3160; x_wconf 65' lang='grc' dir='ltr'>ἐνιεφα.</span> <span class='ocrx_word' id='word_1_393' title='bbox 1000 3089 1152 3153; x_wconf 83' lang='lat' dir='ltr'>Quomodo</span> <span class='ocrx_word' id='word_1_394' title='bbox 1168 3087 1268 3147; x_wconf 87' lang='lat' dir='ltr'>au&#39;tem</span> <span class='ocrx_word' id='word_1_395' title='bbox 1289 3086 1374 3157; x_wconf 84' lang='lat' dir='ltr'>quasi</span> <span class='ocrx_word' id='word_1_396' title='bbox 1398 3089 1509 3151; x_wconf 88' lang='lat' dir='ltr'>umbra</span> <span class='ocrx_word' id='word_1_397' title='bbox 1537 3116 1603 3157; x_wconf 89' lang='lat' dir='ltr'>esse</span> <span class='ocrx_word' id='word_1_398' title='bbox 1629 3109 1753 3176; x_wconf 88' lang='lat' dir='ltr'>poterat,</span> <span class='ocrx_word' id='word_1_399' title='bbox 1782 3108 1834 3166; x_wconf 91' lang='lat' dir='ltr'>ubi</span> 
     </span>
     <span class='ocr_line' id='line_1_32' title="bbox 114 3172 1834 3269; baseline 0.011 -36"><span class='ocrx_word' id='word_1_400' title='bbox 114 3185 177 3250; x_wconf 69' lang='lat' dir='ltr'>terp</span> <span class='ocrx_word' id='word_1_401' title='bbox 193 3175 281 3248; x_wconf 89' lang='lat' dir='ltr'>qnasi</span> <span class='ocrx_word' id='word_1_402' title='bbox 297 3175 327 3231; x_wconf 93' lang='lat' dir='ltr'>in</span> <span class='ocrx_word' id='word_1_403' title='bbox 343 3174 725 3249; x_wconf 78' lang='lat' dir='ltr'>capitaquostgniocatur</span> <span class='ocrx_word' id='word_1_404' title='bbox 749 3172 780 3227; x_wconf 94' lang='lat' dir='ltr'>in</span> <span class='ocrx_word' id='word_1_405' title='bbox 808 3172 887 3229; x_wconf 88' lang='lat' dir='ltr'>brevi</span> <span class='ocrx_word' id='word_1_406' title='bbox 917 3181 946 3233; x_wconf 88' lang='lat' dir='ltr'>et</span> <span class='ocrx_word' id='word_1_407' title='bbox 1001 3192 1110 3248; x_wconf 90' lang='lat' dir='ltr'>corpus</span> <span class='ocrx_word' id='word_1_408' title='bbox 1134 3194 1194 3233; x_wconf 93' lang='lat' dir='ltr'>non</span> <span class='ocrx_word' id='word_1_409' title='bbox 1223 3179 1297 3242; x_wconf 84' lang='lat' dir='ltr'>erat,</span> <span class='ocrx_word' id='word_1_410' title='bbox 1326 3189 1394 3230; x_wconf 88' lang='lat' dir='ltr'>cum</span> <span class='ocrx_word' id='word_1_411' title='bbox 1424 3176 1593 3256; x_wconf 85' lang='lat' dir='ltr'>incorporei</span> <span class='ocrx_word' id='word_1_412' title='bbox 1622 3191 1673 3247; x_wconf 81' lang='lat' dir='ltr'>Dei</span> <span class='ocrx_word' id='word_1_413' title='bbox 1694 3210 1834 3269; x_wconf 88' lang='lat' dir='ltr'>corporea</span> 
     </span>
     <span class='ocr_line' id='line_1_33' title="bbox 115 3235 1832 3342; baseline 0.005 -22"><span class='ocrx_word' id='word_1_414' title='bbox 115 3266 144 3321; x_wconf 92' lang='lat' dir='ltr'>in</span> <span class='ocrx_word' id='word_1_415' title='bbox 158 3266 265 3339; x_wconf 73' lang='lat' dir='ltr'>exigito</span> <span class='ocrx_word' id='word_1_416' title='bbox 286 3266 436 3320; x_wconf 84' lang='lat' dir='ltr'>momento</span> <span class='ocrx_word' id='word_1_417' title='bbox 462 3279 578 3321; x_wconf 91' lang='lat' dir='ltr'>summa</span> <span class='ocrx_word' id='word_1_418' title='bbox 606 3260 788 3337; x_wconf 84' lang='lat' dir='ltr'>operationis</span> <span class='ocrx_word' id='word_1_419' title='bbox 815 3261 945 3336; x_wconf 84' lang='lat' dir='ltr'>impleta.</span> <span class='ocrx_word' id='word_1_420' title='bbox 961 3235 983 3303; x_wconf 72' lang='lat' dir='ltr'><strong>G</strong></span> <span class='ocrx_word' id='word_1_421' title='bbox 1002 3263 1189 3322; x_wconf 83' lang='lat' dir='ltr'>adumbratio</span> <span class='ocrx_word' id='word_1_422' title='bbox 1204 3280 1269 3322; x_wconf 88' lang='lat' dir='ltr'>esee</span> <span class='ocrx_word' id='word_1_423' title='bbox 1284 3278 1343 3318; x_wconf 90' lang='lat' dir='ltr'>non</span> <span class='ocrx_word' id='word_1_424' title='bbox 1358 3265 1475 3335; x_wconf 79' lang='lat' dir='ltr'>possit?</span> <span class='ocrx_word' id='word_1_425' title='bbox 1497 3272 1649 3337; x_wconf 77' lang='lat' dir='ltr'>Quomodo</span> <span class='ocrx_word' id='word_1_426' title='bbox 1669 3283 1758 3341; x_wconf 64' lang='lat' dir='ltr'>etiam</span> <span class='ocrx_word' id='word_1_427' title='bbox 1787 3288 1832 3342; x_wconf 68' lang='lat' dir='ltr'>in.</span> 
     </span>
     <span class='ocr_line' id='line_1_34' title="bbox 115 3350 1833 3446; baseline 0.01 -35"><span class='ocrx_word' id='word_1_428' title='bbox 115 3356 192 3412; x_wconf 85' lang='lat' dir='ltr'>Sunt</span> <span class='ocrx_word' id='word_1_429' title='bbox 206 3368 278 3427; x_wconf 78' lang='lat' dir='ltr'>ergo</span> <span class='ocrx_word' id='word_1_430' title='bbox 294 3358 323 3408; x_wconf 88' lang='lat' dir='ltr'>et</span> <span class='ocrx_word' id='word_1_431' title='bbox 337 3353 386 3425; x_wconf 89' lang='lat' dir='ltr'>qui</span> <span class='ocrx_word' id='word_1_432' title='bbox 405 3351 579 3427; x_wconf 90' lang='lat' dir='ltr'>principium</span> <span class='ocrx_word' id='word_1_433' title='bbox 597 3369 658 3409; x_wconf 90' lang='lat' dir='ltr'>non</span> <span class='ocrx_word' id='word_1_434' title='bbox 675 3367 730 3424; x_wconf 86' lang='lat' dir='ltr'>pro</span> <span class='ocrx_word' id='word_1_435' title='bbox 746 3353 876 3423; x_wconf 87' lang='lat' dir='ltr'>temporo</span> <span class='ocrx_word' id='word_1_436' title='bbox 900 3370 946 3410; x_wconf 88' lang='lat' dir='ltr'>ac·</span> <span class='ocrx_word' id='word_1_437' title='bbox 1002 3354 1136 3425; x_wconf 90' lang='lat' dir='ltr'>corporei</span> <span class='ocrx_word' id='word_1_438' title='bbox 1151 3352 1276 3409; x_wconf 90' lang='lat' dir='ltr'>luminis</span> <span class='ocrx_word' id='word_1_439' title='bbox 1291 3350 1432 3423; x_wconf 81' lang='lat' dir='ltr'>splendor</span> <span class='ocrx_word' id='word_1_440' title='bbox 1446 3363 1545 3429; x_wconf 88' lang='lat' dir='ltr'>possit</span> <span class='ocrx_word' id='word_1_441' title='bbox 1558 3382 1624 3425; x_wconf 89' lang='lat' dir='ltr'>esse</span> <span class='ocrx_word' id='word_1_442' title='bbox 1651 3375 1833 3446; x_wconf 71' lang='lat' dir='ltr'>corporeus?</span> 
     </span>
     <span class='ocr_line' id='line_1_35' title="bbox 115 3437 1834 3527; baseline 0.008 -27"><span class='ocrx_word' id='word_1_443' title='bbox 115 3441 386 3517; x_wconf 85' lang='lat' dir='ltr'>cipiant‚sedante</span> <span class='ocrx_word' id='word_1_444' title='bbox 404 3446 532 3513; x_wconf 86' lang='lat' dir='ltr'>tempus,</span> <span class='ocrx_word' id='word_1_445' title='bbox 548 3448 744 3515; x_wconf 65' lang='lat' dir='ltr'>antecendens</span> <span class='ocrx_word' id='word_1_446' title='bbox 767 3437 812 3494; x_wconf 86' lang='lat' dir='ltr'>vel</span> <span class='ocrx_word' id='word_1_447' title='bbox 838 3447 946 3515; x_wconf 80' lang='lat' dir='ltr'>caput3</span> <span class='ocrx_word' id='word_1_448' title='bbox 1039 3440 1083 3496; x_wconf 82' lang='lat'>19.</span> <span class='ocrx_word' id='word_1_449' title='bbox 1100 3442 1157 3499; x_wconf 87' lang='lat' dir='ltr'>Sed</span> <span class='ocrx_word' id='word_1_450' title='bbox 1173 3443 1199 3499; x_wconf 92' lang='lat' dir='ltr'>si</span> <span class='ocrx_word' id='word_1_451' title='bbox 1224 3440 1333 3513; x_wconf 77' lang='lat' dir='ltr'>quaeris</span> <span class='ocrx_word' id='word_1_452' title='bbox 1357 3440 1547 3515; x_wconf 86' lang='lat' dir='ltr'>splendorem</span> <span class='ocrx_word' id='word_1_453' title='bbox 1576 3455 1639 3527; x_wconf 90' lang='lat' dir='ltr'>Dei,</span> <span class='ocrx_word' id='word_1_454' title='bbox 1668 3459 1764 3519; x_wconf 80' lang='lat' dir='ltr'>Filius</span> <span class='ocrx_word' id='word_1_455' title='bbox 1787 3467 1834 3521; x_wconf 78' lang='lat' dir='ltr'>est</span> 
     </span>
    </p>
   </div>
   <div class='ocr_carea' id='block_1_3' title="bbox 115 3528 1947 3618">
    <p class='ocr_par' dir='ltr' id='par_1_3' title="bbox 115 3528 1947 3618">
     <span class='ocr_line' id='line_1_36' title="bbox 115 3528 1947 3618; baseline 0.001 -30"><span class='ocrx_word' id='word_1_456' title='bbox 115 3536 149 3588; x_wconf 87' lang='lat' dir='ltr'>nt</span> <span class='ocrx_word' id='word_1_457' title='bbox 163 3532 302 3587; x_wconf 90' lang='lat' dir='ltr'>dicamus</span> <span class='ocrx_word' id='word_1_458' title='bbox 319 3530 416 3587; x_wconf 80' lang='lat' dir='ltr'>Latine</span> <span class='ocrx_word' id='word_1_459' title='bbox 431 3530 514 3603; x_wconf 88' lang='lat' dir='ltr'>quasi</span> <span class='ocrx_word' id='word_1_460' title='bbox 527 3530 678 3588; x_wconf 73' lang='lat' dir='ltr'>summam</span> <span class='ocrx_word' id='word_1_461' title='bbox 696 3528 812 3600; x_wconf 85' lang='lat' dir='ltr'>operis;</span> <span class='ocrx_word' id='word_1_462' title='bbox 828 3529 949 3602; x_wconf 83' lang='lat' dir='ltr'>quiere·</span> <span class='ocrx_word' id='word_1_463' title='bbox 1002 3528 1160 3602; x_wconf 82' lang='lat' dir='ltr'>imagollei</span> <span class='ocrx_word' id='word_1_464' title='bbox 1175 3528 1342 3588; x_wconf 82' lang='lat' dir='ltr'>invisibilis.</span> <span class='ocrx_word' id='word_1_465' title='bbox 1358 3530 1459 3595; x_wconf 86' lang='lat' dir='ltr'>Qualis</span> <span class='ocrx_word' id='word_1_466' title='bbox 1478 3552 1550 3612; x_wconf 83' lang='lat' dir='ltr'>ergo</span> <span class='ocrx_word' id='word_1_467' title='bbox 1577 3544 1656 3602; x_wconf 60' lang='lat' dir='ltr'>neus</span> <span class='ocrx_word' id='word_1_468' title='bbox 1683 3553 1739 3618; x_wconf 55' lang='lat' dir='ltr'>est,</span> <span class='ocrx_word' id='word_1_469' title='bbox 1766 3550 1834 3609; x_wconf 44' lang='grc' dir='ltr'>ιδῃ,</span> <span class='ocrx_word' id='word_1_470' title='bbox 1943 3597 1947 3608; x_wconf 26' lang='lat' dir='ltr'>x</span> 
     </span>
    </p>
   </div>
   <div class='ocr_carea' id='block_1_4' title="bbox 115 3616 1834 4140">
    <p class='ocr_par' dir='ltr' id='par_1_4' title="bbox 115 3616 1834 4140">
     <span class='ocr_line' id='line_1_37' title="bbox 115 3616 1832 3706; baseline 0.007 -31"><span class='ocrx_word' id='word_1_471' title='bbox 115 3636 185 3676; x_wconf 86' lang='lat' dir='ltr'>rum</span> <span class='ocrx_word' id='word_1_472' title='bbox 199 3617 363 3676; x_wconf 76' lang='lat' dir='ltr'>visibilium</span> <span class='ocrx_word' id='word_1_473' title='bbox 380 3618 616 3676; x_wconf 78' lang='lat' dir='ltr'>summaccalum</span> <span class='ocrx_word' id='word_1_474' title='bbox 633 3621 662 3675; x_wconf 87' lang='lat' dir='ltr'>et</span> <span class='ocrx_word' id='word_1_475' title='bbox 691 3621 771 3672; x_wconf 86' lang='lat' dir='ltr'>terra</span> <span class='ocrx_word' id='word_1_476' title='bbox 798 3622 851 3682; x_wconf 85' lang='lat' dir='ltr'>est,</span> <span class='ocrx_word' id='word_1_477' title='bbox 883 3636 948 3693; x_wconf 81' lang='lat' dir='ltr'>qum</span> <span class='ocrx_word' id='word_1_478' title='bbox 1003 3619 1113 3692; x_wconf 77' lang='lat' dir='ltr'>imago.</span> <span class='ocrx_word' id='word_1_479' title='bbox 1130 3616 1290 3675; x_wconf 87' lang='lat' dir='ltr'>Invisibilis</span> <span class='ocrx_word' id='word_1_480' title='bbox 1305 3616 1393 3688; x_wconf 89' lang='lat' dir='ltr'>Deus,</span> <span class='ocrx_word' id='word_1_481' title='bbox 1416 3621 1509 3682; x_wconf 81' lang='lat' dir='ltr'>etiarn</span> <span class='ocrx_word' id='word_1_482' title='bbox 1536 3629 1635 3706; x_wconf 84' lang='lat' dir='ltr'>imago</span> <span class='ocrx_word' id='word_1_483' title='bbox 1663 3634 1832 3697; x_wconf 66' lang='lat' dir='ltr'>invisibilis,</span> 
     </span>
     <span class='ocr_line' id='line_1_38' title="bbox 115 3704 1833 3799; baseline 0.011 -34"><span class='ocrx_word' id='word_1_484' title='bbox 115 3725 175 3764; x_wconf 88' lang='lat' dir='ltr'>non</span> <span class='ocrx_word' id='word_1_485' title='bbox 191 3706 291 3765; x_wconf 88' lang='lat' dir='ltr'>solum</span> <span class='ocrx_word' id='word_1_486' title='bbox 308 3707 343 3764; x_wconf 88' lang='lat' dir='ltr'>ad</span> <span class='ocrx_word' id='word_1_487' title='bbox 360 3705 463 3762; x_wconf 90' lang='lat' dir='ltr'>mundi</span> <span class='ocrx_word' id='word_1_488' title='bbox 476 3707 567 3779; x_wconf 85' lang='lat' dir='ltr'>hujus</span> <span class='ocrx_word' id='word_1_489' title='bbox 583 3712 719 3783; x_wconf 83' lang='lat' dir='ltr'>spectare</span> <span class='ocrx_word' id='word_1_490' title='bbox 743 3704 878 3763; x_wconf 86' lang='lat' dir='ltr'>videntur</span> <span class='ocrx_word' id='word_1_491' title='bbox 903 3725 948 3765; x_wconf 89' lang='lat' dir='ltr'>or-</span> <span class='ocrx_word' id='word_1_492' title='bbox 1003 3709 1056 3764; x_wconf 78' lang='lat' dir='ltr'>list</span> <span class='ocrx_word' id='word_1_493' title='bbox 1084 3708 1163 3763; x_wconf 89' lang='lat' dir='ltr'>enim</span> <span class='ocrx_word' id='word_1_494' title='bbox 1194 3704 1333 3779; x_wconf 90' lang='lat' dir='ltr'>splendor</span> <span class='ocrx_word' id='word_1_495' title='bbox 1359 3706 1459 3778; x_wconf 81' lang='lat' dir='ltr'>glorie</span> <span class='ocrx_word' id='word_1_496' title='bbox 1485 3720 1625 3791; x_wconf 83' lang='lat' dir='ltr'>paterne,</span> <span class='ocrx_word' id='word_1_497' title='bbox 1655 3728 1745 3796; x_wconf 89' lang='lat' dir='ltr'>atque</span> <span class='ocrx_word' id='word_1_498' title='bbox 1768 3730 1833 3799; x_wconf 88' lang='lat' dir='ltr'>ejus</span> 
     </span>
     <span class='ocr_line' id='line_1_39' title="bbox 115 3792 1833 3881; baseline 0.002 -28"><span class='ocrx_word' id='word_1_499' title='bbox 115 3801 233 3861; x_wconf 81' lang='lat' dir='ltr'>natum,</span> <span class='ocrx_word' id='word_1_500' title='bbox 250 3795 302 3852; x_wconf 89' lang='lat' dir='ltr'>sed</span> <span class='ocrx_word' id='word_1_501' title='bbox 318 3795 407 3852; x_wconf 89' lang='lat' dir='ltr'>etiam</span> <span class='ocrx_word' id='word_1_502' title='bbox 422 3796 459 3853; x_wconf 94' lang='lat' dir='ltr'>ad</span> <span class='ocrx_word' id='word_1_503' title='bbox 476 3796 731 3854; x_wconf 88' lang='lat' dir='ltr'>indiciumrcrum</span> <span class='ocrx_word' id='word_1_504' title='bbox 746 3792 949 3869; x_wconf 82' lang='lat' dir='ltr'>invisibilium,</span> <span class='ocrx_word' id='word_1_505' title='bbox 1003 3792 1350 3869; x_wconf 78' lang='lat' dir='ltr'>imagusubstautia.ln</span> <span class='ocrx_word' id='word_1_506' title='bbox 1362 3796 1639 3878; x_wconf 62' lang='lat' dir='ltr'>principiaiuquit,</span> <span class='ocrx_word' id='word_1_507' title='bbox 1666 3813 1735 3881; x_wconf 66' lang='lat' dir='ltr'>sem</span> <span class='ocrx_word' id='word_1_508' title='bbox 1760 3816 1833 3872; x_wconf 63' lang='lat'>00¹„</span> 
     </span>
     <span class='ocr_line' id='line_1_40' title="bbox 117 3882 1834 3973; baseline 0.009 -32"><span class='ocrx_word' id='word_1_509' title='bbox 117 3892 148 3943; x_wconf 90' lang='lat' dir='ltr'>et</span> <span class='ocrx_word' id='word_1_510' title='bbox 163 3886 313 3959; x_wconf 88' lang='lat' dir='ltr'>quoddam</span> <span class='ocrx_word' id='word_1_511' title='bbox 331 3889 538 3960; x_wconf 81' lang='lat' dir='ltr'>argumentum</span> <span class='ocrx_word' id='word_1_512' title='bbox 553 3883 948 3957; x_wconf 82' lang='lat' dir='ltr'>eorumquaenonvidentur,</span> <span class='ocrx_word' id='word_1_513' title='bbox 1003 3885 1103 3941; x_wconf 81' lang='lat' dir='ltr'>coelum</span> <span class='ocrx_word' id='word_1_514' title='bbox 1116 3890 1143 3941; x_wconf 85' lang='lat' dir='ltr'>et</span> <span class='ocrx_word' id='word_1_515' title='bbox 1154 3889 1267 3942; x_wconf 74' lang='lat' dir='ltr'>terram</span> <span class='ocrx_word' id='word_1_516' title='bbox 1282 3882 1388 3940; x_wconf 83' lang='lat' dir='ltr'>Factus</span> <span class='ocrx_word' id='word_1_517' title='bbox 1402 3890 1447 3941; x_wconf 88' lang='lat' dir='ltr'>est</span> <span class='ocrx_word' id='word_1_518' title='bbox 1460 3904 1529 3961; x_wconf 83' lang='lat' dir='ltr'>ergo</span> <span class='ocrx_word' id='word_1_519' title='bbox 1545 3896 1686 3965; x_wconf 89' lang='lat' dir='ltr'>mundus,</span> <span class='ocrx_word' id='word_1_520' title='bbox 1702 3902 1731 3954; x_wconf 88' lang='lat' dir='ltr'>el</span> <span class='ocrx_word' id='word_1_521' title='bbox 1745 3901 1834 3973; x_wconf 77' lang='lat' dir='ltr'>capit</span> 
     </span>
     <span class='ocr_line' id='line_1_41' title="bbox 119 3972 1831 4061; baseline 0.008 -31"><span class='ocrx_word' id='word_1_522' title='bbox 119 3979 211 4032; x_wconf 86' lang='lat' dir='ltr'>otest</span> <span class='ocrx_word' id='word_1_523' title='bbox 237 3974 316 4031; x_wconf 89' lang='lat' dir='ltr'>istud</span> <span class='ocrx_word' id='word_1_524' title='bbox 347 3973 550 4048; x_wconf 86' lang='lat' dir='ltr'>propheticum</span> <span class='ocrx_word' id='word_1_525' title='bbox 567 3992 574 4031; x_wconf 76' lang='grc' dir='ltr'><strong>ι</strong></span> <span class='ocrx_word' id='word_1_526' title='bbox 592 3975 661 4033; x_wconf 76' lang='lat' dir='ltr'>Caeli</span> <span class='ocrx_word' id='word_1_527' title='bbox 676 3976 811 4029; x_wconf 73' lang='lat' dir='ltr'>marruci</span> <span class='ocrx_word' id='word_1_528' title='bbox 833 3974 951 4045; x_wconf 79' lang='lat' dir='ltr'>pluriam</span> <span class='ocrx_word' id='word_1_529' title='bbox 1004 3990 1081 4042; x_wconf 87' lang='lat' dir='ltr'>esse,</span> <span class='ocrx_word' id='word_1_530' title='bbox 1099 3975 1150 4047; x_wconf 88' lang='lat' dir='ltr'>qui</span> <span class='ocrx_word' id='word_1_531' title='bbox 1167 3990 1225 4029; x_wconf 90' lang='lat' dir='ltr'>non</span> <span class='ocrx_word' id='word_1_532' title='bbox 1240 3974 1319 4028; x_wconf 86' lang='lat' dir='ltr'>erat:</span> <span class='ocrx_word' id='word_1_533' title='bbox 1333 3972 1462 4031; x_wconf 87' lang='lat' dir='ltr'>Verbum</span> <span class='ocrx_word' id='word_1_534' title='bbox 1471 3982 1570 4035; x_wconf 87' lang='lat' dir='ltr'>autem</span> <span class='ocrx_word' id='word_1_535' title='bbox 1582 3984 1633 4040; x_wconf 86' lang='lat' dir='ltr'>Dei</span> <span class='ocrx_word' id='word_1_536' title='bbox 1647 3985 1677 4039; x_wconf 93' lang='lat' dir='ltr'>in</span> <span class='ocrx_word' id='word_1_537' title='bbox 1688 3985 1831 4061; x_wconf 90' lang='lat' dir='ltr'>principio</span> 
     </span>
     <span class='ocr_line' id='line_1_42' title="bbox 119 4060 1831 4140; baseline 0.003 -19"><span class='ocrx_word' id='word_1_538' title='bbox 119 4065 182 4129; x_wconf 84' lang='lat' dir='ltr'>Dei,</span> <span class='ocrx_word' id='word_1_539' title='bbox 196 4068 225 4120; x_wconf 76' lang='lat' dir='ltr'>et</span> <span class='ocrx_word' id='word_1_540' title='bbox 239 4079 322 4136; x_wconf 85' lang='lat' dir='ltr'>opero</span> <span class='ocrx_word' id='word_1_541' title='bbox 335 4079 469 4119; x_wconf 83' lang='lat' dir='ltr'>manuum</span> <span class='ocrx_word' id='word_1_542' title='bbox 484 4064 541 4136; x_wconf 78' lang='lat' dir='ltr'>ejus</span> <span class='ocrx_word' id='word_1_543' title='bbox 568 4064 722 4121; x_wconf 83' lang='lat' dir='ltr'>annuntiat</span> <span class='ocrx_word' id='word_1_544' title='bbox 746 4061 951 4133; x_wconf 79' lang='lat' dir='ltr'>firmamentum</span> <span class='ocrx_word' id='word_1_545' title='bbox 1005 4066 1078 4131; x_wconf 88' lang='lat' dir='ltr'>erat,</span> <span class='ocrx_word' id='word_1_546' title='bbox 1088 4067 1314 4132; x_wconf 87' lang='lat' dir='ltr'>eteratscmper.</span> <span class='ocrx_word' id='word_1_547' title='bbox 1322 4060 1378 4117; x_wconf 86' lang='lat' dir='ltr'>Sed</span> <span class='ocrx_word' id='word_1_548' title='bbox 1385 4062 1473 4119; x_wconf 89' lang='lat' dir='ltr'>etiam</span> <span class='ocrx_word' id='word_1_549' title='bbox 1485 4068 1600 4140; x_wconf 71' lang='lat' dir='ltr'>angeli,</span> <span class='ocrx_word' id='word_1_550' title='bbox 1611 4072 1831 4133; x_wconf 73' lang='lat' dir='ltr'>nominationes</span> 
     </span>
    </p>
   </div>
   <div class='ocr_carea' id='block_1_5' title="bbox 121 4148 1946 4230">
    <p class='ocr_par' dir='ltr' id='par_1_5' title="bbox 121 4148 1946 4230">
     <span class='ocr_line' id='line_1_43' title="bbox 121 4148 1946 4230; baseline 0.008 -22"><span class='ocrx_word' id='word_1_551' title='bbox 121 4152 208 4223; x_wconf 82' lang='lat' dir='ltr'>(Psoi.</span> <span class='ocrx_word' id='word_1_552' title='bbox 224 4168 306 4219; x_wconf 78' lang='lat' dir='ltr'>xviri,</span> <span class='ocrx_word' id='word_1_553' title='bbox 327 4152 361 4225; x_wconf 85' lang='lat' dir='ltr'>t).</span> <span class='ocrx_word' id='word_1_554' title='bbox 379 4152 459 4216; x_wconf 84' lang='lat' dir='ltr'>Quod</span> <span class='ocrx_word' id='word_1_555' title='bbox 474 4156 594 4210; x_wconf 87' lang='lat' dir='ltr'>secutus</span> <span class='ocrx_word' id='word_1_556' title='bbox 607 4149 768 4225; x_wconf 85' lang='lat' dir='ltr'>Apostolus</span> <span class='ocrx_word' id='word_1_557' title='bbox 797 4149 862 4208; x_wconf 89' lang='lat' dir='ltr'>aliis</span> <span class='ocrx_word' id='word_1_558' title='bbox 887 4169 950 4209; x_wconf 89' lang='lat' dir='ltr'>ver·</span> <span class='ocrx_word' id='word_1_559' title='bbox 1005 4148 1831 4230; x_wconf 84' lang='lat' dir='ltr'>etPotestates,etsialiquandocoeperunt;eranttaman</span> <span class='ocrx_word' id='word_1_560' title='bbox 1941 4163 1946 4174; x_wconf 78' lang='lat'><em>&#39;</em></span> 
     </span>
    </p>
   </div>
   <div class='ocr_carea' id='block_1_6' title="bbox 121 4237 1836 5027">
    <p class='ocr_par' dir='ltr' id='par_1_6' title="bbox 121 4237 1836 4945">
     <span class='ocr_line' id='line_1_44' title="bbox 122 4237 1833 4326; baseline 0.007 -28"><span class='ocrx_word' id='word_1_561' title='bbox 122 4242 169 4298; x_wconf 90' lang='lat' dir='ltr'>bis</span> <span class='ocrx_word' id='word_1_562' title='bbox 185 4240 216 4297; x_wconf 90' lang='lat' dir='ltr'>in</span> <span class='ocrx_word' id='word_1_563' title='bbox 233 4241 364 4297; x_wconf 89' lang='lat' dir='ltr'>eamdem</span> <span class='ocrx_word' id='word_1_564' title='bbox 381 4240 526 4298; x_wconf 86' lang='lat' dir='ltr'>conclusit</span> <span class='ocrx_word' id='word_1_565' title='bbox 540 4239 718 4298; x_wconf 87' lang='lat' dir='ltr'>sententiam</span> <span class='ocrx_word' id='word_1_566' title='bbox 734 4238 853 4297; x_wconf 69' lang='lat' dir='ltr'>dicens&lt;</span> <span class='ocrx_word' id='word_1_567' title='bbox 882 4242 951 4312; x_wconf 82' lang='lat' dir='ltr'>Quia</span> <span class='ocrx_word' id='word_1_568' title='bbox 1002 4241 1067 4313; x_wconf 89' lang='lat' dir='ltr'>jam</span> <span class='ocrx_word' id='word_1_569' title='bbox 1083 4239 1202 4312; x_wconf 89' lang='lat' dir='ltr'>quando</span> <span class='ocrx_word' id='word_1_570' title='bbox 1216 4237 1265 4294; x_wconf 91' lang='lat' dir='ltr'>hio</span> <span class='ocrx_word' id='word_1_571' title='bbox 1281 4239 1411 4296; x_wconf 85' lang='lat' dir='ltr'>mundas</span> <span class='ocrx_word' id='word_1_572' title='bbox 1421 4244 1578 4304; x_wconf 84' lang='lat' dir='ltr'>estlbctus.</span> <span class='ocrx_word' id='word_1_573' title='bbox 1591 4250 1833 4326; x_wconf 87' lang='lat' dir='ltr'>Omnianamque</span> 
     </span>
     <span class='ocr_line' id='line_1_45' title="bbox 122 4326 1831 4405; baseline 0.008 -19"><span class='ocrx_word' id='word_1_574' title='bbox 122 4330 281 4387; x_wconf 80' lang='lat' dir='ltr'>invisibilia</span> <span class='ocrx_word' id='word_1_575' title='bbox 294 4331 353 4403; x_wconf 76' lang='lat' dir='ltr'>ejus</span> <span class='ocrx_word' id='word_1_576' title='bbox 364 4346 461 4403; x_wconf 83' lang='lat' dir='ltr'>pereo</span> <span class='ocrx_word' id='word_1_577' title='bbox 476 4344 538 4403; x_wconf 73' lang='lat' dir='ltr'>pum</span> <span class='ocrx_word' id='word_1_578' title='bbox 551 4332 626 4403; x_wconf 73' lang='lat' dir='ltr'>sudo</span> <span class='ocrx_word' id='word_1_579' title='bbox 653 4333 728 4397; x_wconf 79' lang='lat' dir='ltr'>sunt,</span> <span class='ocrx_word' id='word_1_580' title='bbox 758 4330 954 4400; x_wconf 73' lang='lat' dir='ltr'>inmitteretur</span> <span class='ocrx_word' id='word_1_581' title='bbox 1007 4333 1104 4386; x_wconf 87' lang='lat' dir='ltr'>creata</span> <span class='ocrx_word' id='word_1_582' title='bbox 1135 4332 1164 4384; x_wconf 91' lang='lat' dir='ltr'>et</span> <span class='ocrx_word' id='word_1_583' title='bbox 1200 4326 1319 4384; x_wconf 85' lang='lat' dir='ltr'>condita</span> <span class='ocrx_word' id='word_1_584' title='bbox 1345 4332 1426 4396; x_wconf 89' lang='lat' dir='ltr'>suot,</span> <span class='ocrx_word' id='word_1_585' title='bbox 1455 4331 1581 4405; x_wconf 84' lang='lat' dir='ltr'>visiblia,</span> <span class='ocrx_word' id='word_1_586' title='bbox 1607 4344 1636 4394; x_wconf 88' lang='lat' dir='ltr'>et</span> <span class='ocrx_word' id='word_1_587' title='bbox 1660 4339 1831 4402; x_wconf 87' lang='lat' dir='ltr'>invisibilia.</span> 
     </span>
     <span class='ocr_line' id='line_1_46' title="bbox 123 4416 1832 4503; baseline 0.008 -27"><span class='ocrx_word' id='word_1_588' title='bbox 123 4420 214 4491; x_wconf 81' lang='lat' dir='ltr'>(Rom.</span> <span class='ocrx_word' id='word_1_589' title='bbox 230 4435 250 4474; x_wconf 91' lang='lat'>1.</span> <span class='ocrx_word' id='word_1_590' title='bbox 265 4420 322 4490; x_wconf 71' lang='lat'>20).</span> <span class='ocrx_word' id='word_1_591' title='bbox 338 4421 493 4476; x_wconf 84' lang='lat' dir='ltr'>Auctorem</span> <span class='ocrx_word' id='word_1_592' title='bbox 508 4418 586 4475; x_wconf 91' lang='lat' dir='ltr'>enim</span> <span class='ocrx_word' id='word_1_593' title='bbox 602 4417 781 4491; x_wconf 76' lang='lat' dir='ltr'>Angelorum</span> <span class='ocrx_word' id='word_1_594' title='bbox 797 4422 826 4475; x_wconf 87' lang='lat' dir='ltr'>et</span> <span class='ocrx_word' id='word_1_595' title='bbox 853 4419 952 4477; x_wconf 87' lang='lat' dir='ltr'>Domi·</span> <span class='ocrx_word' id='word_1_596' title='bbox 1008 4418 1068 4475; x_wconf 89' lang='lat' dir='ltr'>sive</span> <span class='ocrx_word' id='word_1_597' title='bbox 1083 4418 1185 4485; x_wconf 84' lang='lat' dir='ltr'>Sedes,</span> <span class='ocrx_word' id='word_1_598' title='bbox 1200 4416 1260 4473; x_wconf 88' lang='lat' dir='ltr'>sive</span> <span class='ocrx_word' id='word_1_599' title='bbox 1285 4416 1515 4490; x_wconf 87' lang='lat' dir='ltr'>Domiuatioues‚</span> <span class='ocrx_word' id='word_1_600' title='bbox 1545 4424 1607 4483; x_wconf 87' lang='lat' dir='ltr'>sive</span> <span class='ocrx_word' id='word_1_601' title='bbox 1634 4428 1832 4503; x_wconf 86' lang='lat' dir='ltr'>Principetus,</span> 
     </span>
     <span class='ocr_line' id='line_1_47' title="bbox 122 4504 1836 4592; baseline 0.005 -27"><span class='ocrx_word' id='word_1_602' title='bbox 122 4508 278 4565; x_wconf 87' lang='lat' dir='ltr'>nationum</span> <span class='ocrx_word' id='word_1_603' title='bbox 294 4506 516 4565; x_wconf 84' lang='lat' dir='ltr'>etPoteststum</span> <span class='ocrx_word' id='word_1_604' title='bbox 533 4507 617 4565; x_wconf 79' lang='lat' dir='ltr'>facile</span> <span class='ocrx_word' id='word_1_605' title='bbox 646 4505 839 4579; x_wconf 66' lang='lat' dir='ltr'>intellim&#39;mus</span> <span class='ocrx_word' id='word_1_606' title='bbox 873 4525 952 4579; x_wconf 88' lang='lat' dir='ltr'>eum,</span> <span class='ocrx_word' id='word_1_607' title='bbox 1008 4508 1069 4565; x_wconf 87' lang='lat' dir='ltr'>siva</span> <span class='ocrx_word' id='word_1_608' title='bbox 1090 4506 1272 4563; x_wconf 86' lang='lat' dir='ltr'>Potestates:</span> <span class='ocrx_word' id='word_1_609' title='bbox 1303 4504 1411 4575; x_wconf 72' lang='lat' dir='ltr'>Omnia</span> <span class='ocrx_word' id='word_1_610' title='bbox 1436 4506 1545 4583; x_wconf 89' lang='lat' dir='ltr'>iuquit,</span> <span class='ocrx_word' id='word_1_611' title='bbox 1571 4532 1623 4586; x_wconf 84' lang='lat' dir='ltr'>per</span> <span class='ocrx_word' id='word_1_612' title='bbox 1645 4518 1736 4590; x_wconf 83' lang='lat' dir='ltr'>ipsam</span> <span class='ocrx_word' id='word_1_613' title='bbox 1761 4522 1836 4592; x_wconf 68' lang='lat' dir='ltr'>sucta</span> 
     </span>
     <span class='ocr_line' id='line_1_48' title="bbox 124 4595 1833 4682; baseline 0.006 -30"><span class='ocrx_word' id='word_1_614' title='bbox 124 4597 177 4669; x_wconf 87' lang='lat' dir='ltr'>qni</span> <span class='ocrx_word' id='word_1_615' title='bbox 193 4600 343 4653; x_wconf 89' lang='lat' dir='ltr'>momento</span> <span class='ocrx_word' id='word_1_616' title='bbox 358 4596 474 4669; x_wconf 86' lang='lat' dir='ltr'>imperii</span> <span class='ocrx_word' id='word_1_617' title='bbox 488 4595 535 4653; x_wconf 90' lang='lat' dir='ltr'>sui</span> <span class='ocrx_word' id='word_1_618' title='bbox 549 4596 627 4653; x_wconf 91' lang='lat' dir='ltr'>hanc</span> <span class='ocrx_word' id='word_1_619' title='bbox 647 4598 760 4651; x_wconf 89' lang='lat' dir='ltr'>tautam</span> <span class='ocrx_word' id='word_1_620' title='bbox 790 4596 955 4669; x_wconf 86' lang='lat' dir='ltr'>pulchritu-</span> <span class='ocrx_word' id='word_1_621' title='bbox 970 4604 994 4670; x_wconf 77' lang='lat' dir='ltr'>n</span> <span class='ocrx_word' id='word_1_622' title='bbox 1008 4598 1082 4663; x_wconf 77' lang='lat' dir='ltr'>aaut,</span> <span class='ocrx_word' id='word_1_623' title='bbox 1098 4602 1125 4652; x_wconf 86' lang='lat' dir='ltr'>et</span> <span class='ocrx_word' id='word_1_624' title='bbox 1138 4597 1169 4651; x_wconf 82' lang='lat' dir='ltr'>in</span> <span class='ocrx_word' id='word_1_625' title='bbox 1183 4596 1277 4666; x_wconf 82' lang='lat' dir='ltr'>ipsum</span> <span class='ocrx_word' id='word_1_626' title='bbox 1290 4595 1520 4668; x_wconf 67' lang='lat' dir='ltr'>(amorreorum</span> <span class='ocrx_word' id='word_1_627' title='bbox 1531 4601 1646 4674; x_wconf 77' lang='lat' dir='ltr'>(Colore.</span> <span class='ocrx_word' id='word_1_628' title='bbox 1657 4623 1677 4676; x_wconf 82' lang='lat'>1,</span> <span class='ocrx_word' id='word_1_629' title='bbox 1696 4610 1833 4682; x_wconf 69' lang='lat' dir='ltr'>rotonis</span> 
     </span>
     <span class='ocr_line' id='line_1_49' title="bbox 121 4684 1834 4767; baseline 0.006 -24"><span class='ocrx_word' id='word_1_630' title='bbox 121 4686 224 4744; x_wconf 88' lang='lat' dir='ltr'>dinem</span> <span class='ocrx_word' id='word_1_631' title='bbox 240 4685 343 4742; x_wconf 90' lang='lat' dir='ltr'>mundi</span> <span class='ocrx_word' id='word_1_632' title='bbox 359 4702 393 4742; x_wconf 83' lang='lat' dir='ltr'>ex</span> <span class='ocrx_word' id='word_1_633' title='bbox 408 4684 581 4742; x_wconf 82' lang='lat' dir='ltr'>nihilosecit</span> <span class='ocrx_word' id='word_1_634' title='bbox 596 4701 670 4751; x_wconf 87' lang='lat' dir='ltr'>esse,</span> <span class='ocrx_word' id='word_1_635' title='bbox 693 4701 758 4757; x_wconf 85' lang='lat' dir='ltr'>qus</span> <span class='ocrx_word' id='word_1_636' title='bbox 784 4702 842 4743; x_wconf 88' lang='lat' dir='ltr'>non</span> <span class='ocrx_word' id='word_1_637' title='bbox 870 4690 951 4758; x_wconf 88' lang='lat' dir='ltr'>srat;</span> <span class='ocrx_word' id='word_1_638' title='bbox 1007 4689 1053 4743; x_wconf 88' lang='lat' dir='ltr'>est</span> <span class='ocrx_word' id='word_1_639' title='bbox 1066 4685 1097 4741; x_wconf 91' lang='lat' dir='ltr'>in</span> <span class='ocrx_word' id='word_1_640' title='bbox 1108 4684 1206 4757; x_wconf 85' lang='lat' dir='ltr'>ipsum</span> <span class='ocrx_word' id='word_1_641' title='bbox 1223 4684 1342 4739; x_wconf 81' lang='lat' dir='ltr'>areatat</span> <span class='ocrx_word' id='word_1_642' title='bbox 1358 4685 1432 4750; x_wconf 84' lang='lat' dir='ltr'>Quia</span> <span class='ocrx_word' id='word_1_643' title='bbox 1445 4686 1508 4761; x_wconf 87' lang='lat' dir='ltr'>ipss</span> <span class='ocrx_word' id='word_1_644' title='bbox 1518 4692 1665 4753; x_wconf 79' lang='lat' dir='ltr'>aetherea</span> <span class='ocrx_word' id='word_1_645' title='bbox 1680 4696 1784 4767; x_wconf 82' lang='lat' dir='ltr'>Patris,</span> <span class='ocrx_word' id='word_1_646' title='bbox 1800 4714 1834 4755; x_wconf 88' lang='lat' dir='ltr'>eo</span> 
     </span>
     <span class='ocr_line' id='line_1_50' title="bbox 122 4771 1835 4853; baseline 0.006 -22"><span class='ocrx_word' id='word_1_647' title='bbox 122 4779 153 4831; x_wconf 89' lang='lat' dir='ltr'>et</span> <span class='ocrx_word' id='word_1_648' title='bbox 166 4791 225 4832; x_wconf 90' lang='lat' dir='ltr'>non</span> <span class='ocrx_word' id='word_1_649' title='bbox 241 4774 277 4832; x_wconf 89' lang='lat' dir='ltr'>de</span> <span class='ocrx_word' id='word_1_650' title='bbox 289 4774 473 4832; x_wconf 83' lang='lat' dir='ltr'>exstantibus</span> <span class='ocrx_word' id='word_1_651' title='bbox 488 4778 539 4831; x_wconf 85' lang='lat' dir='ltr'>aut</span> <span class='ocrx_word' id='word_1_652' title='bbox 555 4775 654 4844; x_wconf 84' lang='lat' dir='ltr'>rebus,</span> <span class='ocrx_word' id='word_1_653' title='bbox 667 4779 718 4832; x_wconf 87' lang='lat' dir='ltr'>out</span> <span class='ocrx_word' id='word_1_654' title='bbox 729 4774 825 4833; x_wconf 85' lang='lat' dir='ltr'>causis</span> <span class='ocrx_word' id='word_1_655' title='bbox 835 4777 954 4834; x_wconf 82' lang='lat' dir='ltr'>donavit</span> <span class='ocrx_word' id='word_1_656' title='bbox 1006 4775 1084 4850; x_wconf 88' lang='lat' dir='ltr'>quod</span> <span class='ocrx_word' id='word_1_657' title='bbox 1098 4791 1116 4830; x_wconf 92' lang='lat' dir='ltr'>a</span> <span class='ocrx_word' id='word_1_658' title='bbox 1130 4772 1214 4829; x_wconf 88' lang='lat' dir='ltr'>Patre</span> <span class='ocrx_word' id='word_1_659' title='bbox 1230 4772 1260 4827; x_wconf 89' lang='lat' dir='ltr'>in</span> <span class='ocrx_word' id='word_1_660' title='bbox 1275 4771 1375 4845; x_wconf 91' lang='lat' dir='ltr'>ipsum</span> <span class='ocrx_word' id='word_1_661' title='bbox 1391 4777 1542 4836; x_wconf 88' lang='lat' dir='ltr'>transierit</span> <span class='ocrx_word' id='word_1_662' title='bbox 1562 4781 1728 4853; x_wconf 79' lang='lat' dir='ltr'>hareditas,</span> <span class='ocrx_word' id='word_1_663' title='bbox 1757 4786 1835 4842; x_wconf 85' lang='lat' dir='ltr'>sicut</span> 
     </span>
     <span class='ocr_line' id='line_1_51' title="bbox 122 4861 1832 4945; baseline 0.006 -25"><span class='ocrx_word' id='word_1_664' title='bbox 122 4862 455 4921; x_wconf 82' lang='lat' dir='ltr'>babereeubslantiam.</span> <span class='ocrx_word' id='word_1_665' title='bbox 1008 4864 1092 4920; x_wconf 87' lang='lat' dir='ltr'>Pater</span> <span class='ocrx_word' id='word_1_666' title='bbox 1106 4861 1195 4918; x_wconf 86' lang='lat' dir='ltr'>dicit:</span> <span class='ocrx_word' id='word_1_667' title='bbox 1212 4862 1295 4918; x_wconf 80' lang='lat' dir='ltr'>Posce</span> <span class='ocrx_word' id='word_1_668' title='bbox 1309 4879 1326 4919; x_wconf 85' lang='lat' dir='ltr'>o</span> <span class='ocrx_word' id='word_1_669' title='bbox 1339 4879 1394 4932; x_wconf 84' lang='lat' dir='ltr'>me,</span> <span class='ocrx_word' id='word_1_670' title='bbox 1417 4874 1443 4922; x_wconf 84' lang='lat' dir='ltr'>et</span> <span class='ocrx_word' id='word_1_671' title='bbox 1461 4866 1529 4925; x_wconf 84' lang='lat' dir='ltr'>dabo</span> <span class='ocrx_word' id='word_1_672' title='bbox 1553 4872 1606 4927; x_wconf 82' lang='lat' dir='ltr'>tibi</span> <span class='ocrx_word' id='word_1_673' title='bbox 1633 4876 1726 4945; x_wconf 70' lang='lat' dir='ltr'>penus</span> <span class='ocrx_word' id='word_1_674' title='bbox 1744 4872 1832 4930; x_wconf 75' lang='lat' dir='ltr'>haere-</span> 
     </span>
    </p>

    <p class='ocr_par' dir='ltr' id='par_1_7' title="bbox 455 4946 1834 5027">
     <span class='ocr_line' id='line_1_52' title="bbox 455 4946 1834 5027; baseline 0.006 -15"><span class='ocrx_word' id='word_1_675' title='bbox 455 4946 574 5027; x_wconf 69' lang='lat' dir='ltr'>&#39;cApUT</span> <span class='ocrx_word' id='word_1_676' title='bbox 587 4969 623 5025; x_wconf 71' lang='lat' dir='ltr'>v,</span> <span class='ocrx_word' id='word_1_677' title='bbox 1007 4953 1121 5009; x_wconf 81' lang='lat' dir='ltr'>dilatem</span> <span class='ocrx_word' id='word_1_678' title='bbox 1135 4951 1308 5023; x_wconf 78' lang='lat' dir='ltr'>tuam(Paal.</span> <span class='ocrx_word' id='word_1_679' title='bbox 1323 4968 1353 5009; x_wconf 90' lang='lat'>11.</span> <span class='ocrx_word' id='word_1_680' title='bbox 1370 4952 1409 5027; x_wconf 87' lang='lat'>8).</span> <span class='ocrx_word' id='word_1_681' title='bbox 1426 4955 1493 5012; x_wconf 79' lang='lat' dir='ltr'>rna</span> <span class='ocrx_word' id='word_1_682' title='bbox 1508 4960 1606 5016; x_wconf 78' lang='lat' dir='ltr'>lamen</span> <span class='ocrx_word' id='word_1_683' title='bbox 1635 4960 1789 5018; x_wconf 83' lang='lat' dir='ltr'>hereditas</span> <span class='ocrx_word' id='word_1_684' title='bbox 1815 4978 1834 5020; x_wconf 82' lang='lat' dir='ltr'>a</span> 
     </span>
    </p>
   </div>
   <div class='ocr_carea' id='block_1_7' title="bbox 125 5032 1835 5389">
    <p class='ocr_par' dir='ltr' id='par_1_8' title="bbox 125 5032 1835 5389">
     <span class='ocr_line' id='line_1_53' title="bbox 125 5032 1834 5133; baseline 0.006 -35"><span class='ocrx_word' id='word_1_685' title='bbox 125 5058 258 5115; x_wconf 72' lang='lat' dir='ltr'>uanam</span> <span class='ocrx_word' id='word_1_686' title='bbox 272 5056 555 5132; x_wconf 63' lang='lat' dir='ltr'>divinaeopmtmi,</span> <span class='ocrx_word' id='word_1_687' title='bbox 568 5061 702 5133; x_wconf 59' lang='lat' dir='ltr'>specimen</span> <span class='ocrx_word' id='word_1_688' title='bbox 718 5075 793 5117; x_wconf 60' lang='lat'>3353,-</span> <span class='ocrx_word' id='word_1_689' title='bbox 820 5078 838 5117; x_wconf 67' lang='lat' dir='ltr'><strong><em>a</em></strong></span> <span class='ocrx_word' id='word_1_690' title='bbox 865 5040 953 5131; x_wconf 57' lang='lat' dir='ltr'>mli.</span> <span class='ocrx_word' id='word_1_691' title='bbox 1007 5042 1092 5098; x_wconf 88' lang='lat' dir='ltr'>Patre</span> <span class='ocrx_word' id='word_1_692' title='bbox 1106 5038 1257 5095; x_wconf 85' lang='lat' dir='ltr'>transitio</span> <span class='ocrx_word' id='word_1_693' title='bbox 1273 5037 1390 5111; x_wconf 80' lang='lat' dir='ltr'>Filium,</span> <span class='ocrx_word' id='word_1_694' title='bbox 1406 5046 1435 5099; x_wconf 89' lang='lat' dir='ltr'>et</span> <span class='ocrx_word' id='word_1_695' title='bbox 1448 5044 1478 5100; x_wconf 91' lang='lat' dir='ltr'>in</span> <span class='ocrx_word' id='word_1_696' title='bbox 1500 5032 1615 5103; x_wconf 77' lang='lat' dir='ltr'>Patrem</span> <span class='ocrx_word' id='word_1_697' title='bbox 1638 5049 1794 5106; x_wconf 83' lang='lat' dir='ltr'>revertitur</span> <span class='ocrx_word' id='word_1_698' title='bbox 1815 5069 1834 5108; x_wconf 85' lang='lat' dir='ltr'>a</span> 
     </span>
     <span class='ocr_line' id='line_1_54' title="bbox 163 5128 1833 5204; baseline 0.007 -19"><span class='ocrx_word' id='word_1_699' title='bbox 163 5132 237 5186; x_wconf 80' lang='lat' dir='ltr'>litua</span> <span class='ocrx_word' id='word_1_700' title='bbox 251 5146 314 5185; x_wconf 82' lang='lat' dir='ltr'>eum</span> <span class='ocrx_word' id='word_1_701' title='bbox 330 5131 379 5186; x_wconf 79' lang='lat' dir='ltr'>oet</span> <span class='ocrx_word' id='word_1_702' title='bbox 392 5130 519 5186; x_wconf 80' lang='lat' dir='ltr'>umbram</span> <span class='ocrx_word' id='word_1_703' title='bbox 534 5146 590 5187; x_wconf 82' lang='lat' dir='ltr'>non</span> <span class='ocrx_word' id='word_1_704' title='bbox 605 5134 675 5187; x_wconf 79' lang='lat' dir='ltr'>recte</span> <span class='ocrx_word' id='word_1_705' title='bbox 690 5130 764 5188; x_wconf 84' lang='lat' dir='ltr'>dici:</span> <span class='ocrx_word' id='word_1_706' title='bbox 784 5133 854 5189; x_wconf 82' lang='lat' dir='ltr'>Filio</span> <span class='ocrx_word' id='word_1_707' title='bbox 881 5134 955 5189; x_wconf 85' lang='lat' dir='ltr'>euim</span> <span class='ocrx_word' id='word_1_708' title='bbox 1009 5130 1091 5188; x_wconf 81' lang='lat' dir='ltr'>Filio.</span> <span class='ocrx_word' id='word_1_709' title='bbox 1105 5128 1226 5202; x_wconf 82' lang='lat' dir='ltr'>Egregie</span> <span class='ocrx_word' id='word_1_710' title='bbox 1240 5129 1341 5201; x_wconf 88' lang='lat' dir='ltr'>itaque</span> <span class='ocrx_word' id='word_1_711' title='bbox 1357 5131 1513 5204; x_wconf 80' lang='lat' dir='ltr'>Apostolus</span> <span class='ocrx_word' id='word_1_712' title='bbox 1528 5138 1556 5188; x_wconf 85' lang='lat' dir='ltr'>et</span> <span class='ocrx_word' id='word_1_713' title='bbox 1570 5134 1625 5191; x_wconf 87' lang='lat' dir='ltr'>hoc</span> <span class='ocrx_word' id='word_1_714' title='bbox 1640 5133 1702 5193; x_wconf 93' lang='lat' dir='ltr'>loco</span> <span class='ocrx_word' id='word_1_715' title='bbox 1726 5136 1833 5197; x_wconf 82' lang='lat' dir='ltr'>Filium</span> 
     </span>
     <span class='ocr_line' id='line_1_55' title="bbox 162 5202 1835 5291; baseline 0.01 -21"><span class='ocrx_word' id='word_1_716' title='bbox 162 5202 226 5270; x_wconf 63' lang='grc' dir='ltr'>ΜΕ,</span> <span class='ocrx_word' id='word_1_717' title='bbox 242 5211 274 5258; x_wconf 70' lang='lat'>¹⁸⁸</span> <span class='ocrx_word' id='word_1_718' title='bbox 289 5204 379 5273; x_wconf 60' lang='grc' dir='ltr'>*ΜΟ</span> <span class='ocrx_word' id='word_1_719' title='bbox 393 5202 444 5259; x_wconf 69' lang='grc' dir='ltr'>ὒθῑ</span> <span class='ocrx_word' id='word_1_720' title='bbox 456 5204 503 5268; x_wconf 56' lang='lat'>⁸⁸²2</span> <span class='ocrx_word' id='word_1_721' title='bbox 519 5204 674 5259; x_wconf 60' lang='lat' dir='ltr'>mimm-</span> <span class='ocrx_word' id='word_1_722' title='bbox 1010 5219 1084 5276; x_wconf 86' lang='lat' dir='ltr'>dixit</span> <span class='ocrx_word' id='word_1_723' title='bbox 1097 5221 1246 5275; x_wconf 91' lang='lat' dir='ltr'>auctorem</span> <span class='ocrx_word' id='word_1_724' title='bbox 1261 5217 1394 5276; x_wconf 89' lang='lat' dir='ltr'>omnium</span> <span class='ocrx_word' id='word_1_725' title='bbox 1410 5225 1438 5277; x_wconf 91' lang='lat' dir='ltr'>et</span> <span class='ocrx_word' id='word_1_726' title='bbox 1451 5221 1603 5291; x_wconf 76' lang='lat' dir='ltr'>maiestate</span> <span class='ocrx_word' id='word_1_727' title='bbox 1617 5240 1672 5281; x_wconf 90' lang='lat' dir='ltr'>sua</span> <span class='ocrx_word' id='word_1_728' title='bbox 1686 5227 1835 5286; x_wconf 89' lang='lat' dir='ltr'>continen-</span> 
     </span>
     <span class='ocr_line' id='line_1_56' title="bbox 164 5305 1834 5389; baseline 0.007 -26"><span class='ocrx_word' id='word_1_729' title='bbox 164 5305 553 5380; x_wconf 72' lang='lat' dir='ltr'>17.Estergobicmundus</span> <span class='ocrx_word' id='word_1_730' title='bbox 577 5307 681 5363; x_wconf 78' lang='lat' dir='ltr'>divina</span> <span class='ocrx_word' id='word_1_731' title='bbox 711 5309 859 5382; x_wconf 83' lang='lat' dir='ltr'>specimen</span> <span class='ocrx_word' id='word_1_732' title='bbox 887 5324 954 5381; x_wconf 86' lang='lat' dir='ltr'>ope·</span> <span class='ocrx_word' id='word_1_733' title='bbox 1010 5316 1070 5368; x_wconf 87' lang='lat' dir='ltr'>tem</span> <span class='ocrx_word' id='word_1_734' title='bbox 1085 5308 1195 5365; x_wconf 85' lang='lat' dir='ltr'>omnia.</span> <span class='ocrx_word' id='word_1_735' title='bbox 1212 5306 1246 5364; x_wconf 79' lang='lat' dir='ltr'>iit</span> <span class='ocrx_word' id='word_1_736' title='bbox 1260 5310 1296 5364; x_wconf 87' lang='lat' dir='ltr'>ad</span> <span class='ocrx_word' id='word_1_737' title='bbox 1314 5310 1460 5367; x_wconf 83' lang='lat' dir='ltr'>Romanos</span> <span class='ocrx_word' id='word_1_738' title='bbox 1469 5310 1505 5366; x_wconf 90' lang='lat' dir='ltr'>de</span> <span class='ocrx_word' id='word_1_739' title='bbox 1515 5309 1599 5368; x_wconf 91' lang='lat' dir='ltr'>Patre</span> <span class='ocrx_word' id='word_1_740' title='bbox 1613 5313 1673 5371; x_wconf 90' lang='lat' dir='ltr'>ait:</span> <span class='ocrx_word' id='word_1_741' title='bbox 1694 5321 1834 5389; x_wconf 81' lang='lat' dir='ltr'>Quoniam</span> 
     </span>
    </p>
   </div>
   <div class='ocr_carea' id='block_1_8' title="bbox 128 5395 1838 5474">
    <p class='ocr_par' dir='ltr' id='par_1_9' title="bbox 128 5395 1838 5474">
     <span class='ocr_line' id='line_1_57' title="bbox 128 5395 1838 5474; baseline 0.01 -23"><span class='ocrx_word' id='word_1_742' title='bbox 128 5395 274 5463; x_wconf 77' lang='lat' dir='ltr'>rationis3</span> <span class='ocrx_word' id='word_1_743' title='bbox 290 5395 360 5469; x_wconf 90' lang='lat' dir='ltr'>quis</span> <span class='ocrx_word' id='word_1_744' title='bbox 375 5398 445 5454; x_wconf 89' lang='lat' dir='ltr'>dum</span> <span class='ocrx_word' id='word_1_745' title='bbox 462 5396 708 5470; x_wconf 74' lang='lat' dir='ltr'>opusiidetur,tl</span> <span class='ocrx_word' id='word_1_746' title='bbox 724 5398 874 5470; x_wconf 76' lang='lat' dir='ltr'>prefertur</span> <span class='ocrx_word' id='word_1_747' title='bbox 887 5414 956 5470; x_wconf 90' lang='lat' dir='ltr'>ope·</span> <span class='ocrx_word' id='word_1_748' title='bbox 1010 5418 1046 5458; x_wconf 78' lang='lat' dir='ltr'>aa</span> <span class='ocrx_word' id='word_1_749' title='bbox 1068 5402 1127 5472; x_wconf 83' lang='lat' dir='ltr'>ipsc</span> <span class='ocrx_word' id='word_1_750' title='bbox 1166 5404 1193 5454; x_wconf 85' lang='lat' dir='ltr'>et</span> <span class='ocrx_word' id='word_1_751' title='bbox 1214 5412 1265 5469; x_wconf 84' lang='lat' dir='ltr'>per</span> <span class='ocrx_word' id='word_1_752' title='bbox 1290 5399 1389 5469; x_wconf 78' lang='lat' dir='ltr'>ipsum,</span> <span class='ocrx_word' id='word_1_753' title='bbox 1414 5403 1443 5455; x_wconf 86' lang='lat' dir='ltr'>et</span> <span class='ocrx_word' id='word_1_754' title='bbox 1469 5401 1500 5455; x_wconf 83' lang='lat' dir='ltr'>ia</span> <span class='ocrx_word' id='word_1_755' title='bbox 1526 5402 1617 5474; x_wconf 78' lang='lat' dir='ltr'>ipsum</span> <span class='ocrx_word' id='word_1_756' title='bbox 1646 5413 1709 5463; x_wconf 79' lang='lat' dir='ltr'>tunt</span> <span class='ocrx_word' id='word_1_757' title='bbox 1742 5412 1838 5468; x_wconf 83' lang='lat' dir='ltr'>omnic</span> 
     </span>
    </p>
   </div>
   <div class='ocr_carea' id='block_1_9' title="bbox 161 5538 1835 5622">
    <p class='ocr_par' dir='ltr' id='par_1_10' title="bbox 161 5538 1835 5622">
     <span class='ocr_line' id='line_1_58' title="bbox 161 5538 1835 5622; baseline 0.007 -27"><span class='ocrx_word' id='word_1_758' title='bbox 161 5539 222 5611; x_wconf 74' lang='lat'><strong>(20)</strong></span> <span class='ocrx_word' id='word_1_759' title='bbox 233 5538 289 5595; x_wconf 82' lang='lat' dir='ltr'>Me.</span> <span class='ocrx_word' id='word_1_760' title='bbox 307 5538 389 5597; x_wconf 84' lang='lat' dir='ltr'>Gorb.</span> <span class='ocrx_word' id='word_1_761' title='bbox 407 5543 496 5597; x_wconf 86' lang='lat' dir='ltr'>vetus</span> <span class='ocrx_word' id='word_1_762' title='bbox 507 5544 536 5598; x_wconf 89' lang='lat' dir='ltr'>et</span> <span class='ocrx_word' id='word_1_763' title='bbox 550 5540 660 5609; x_wconf 74' lang='lat' dir='ltr'>Germ..</span> <span class='ocrx_word' id='word_1_764' title='bbox 676 5554 739 5612; x_wconf 81' lang='lat' dir='ltr'>quae</span> <span class='ocrx_word' id='word_1_765' title='bbox 757 5540 850 5610; x_wconf 81' lang='lat' dir='ltr'>cipere</span> <span class='ocrx_word' id='word_1_766' title='bbox 879 5555 956 5597; x_wconf 83' lang='lat' dir='ltr'>meu·</span> <span class='ocrx_word' id='word_1_767' title='bbox 1013 5544 1091 5611; x_wconf 87' lang='lat' dir='ltr'>dem,</span> <span class='ocrx_word' id='word_1_768' title='bbox 1106 5558 1188 5599; x_wconf 78' lang='lat' dir='ltr'>causa</span> <span class='ocrx_word' id='word_1_769' title='bbox 1203 5548 1291 5596; x_wconf 83' lang='lat' dir='ltr'>tumen</span> <span class='ocrx_word' id='word_1_770' title='bbox 1307 5547 1338 5595; x_wconf 85' lang='lat' dir='ltr'>at</span> <span class='ocrx_word' id='word_1_771' title='bbox 1364 5541 1489 5611; x_wconf 73' lang='lat' dir='ltr'>sadum:</span> <span class='ocrx_word' id='word_1_772' title='bbox 1512 5544 1614 5617; x_wconf 83' lang='lat' dir='ltr'>plures</span> <span class='ocrx_word' id='word_1_773' title='bbox 1642 5554 1671 5607; x_wconf 88' lang='lat' dir='ltr'>et</span> <span class='ocrx_word' id='word_1_774' title='bbox 1696 5548 1835 5622; x_wconf 89' lang='lat' dir='ltr'>potiores.</span> 
     </span>
    </p>
   </div>
   <div class='ocr_carea' id='block_1_10' title="bbox 131 5610 1838 5757">
    <p class='ocr_par' dir='ltr' id='par_1_11' title="bbox 131 5610 1838 5757">
     <span class='ocr_line' id='line_1_59' title="bbox 131 5610 1838 5692; baseline 0.004 -26"><span class='ocrx_word' id='word_1_775' title='bbox 131 5610 165 5667; x_wconf 71' lang='lat' dir='ltr'>at</span> <span class='ocrx_word' id='word_1_776' title='bbox 179 5618 370 5668; x_wconf 65' lang='lat' dir='ltr'>maruno.</span> <span class='ocrx_word' id='word_1_777' title='bbox 1011 5632 1125 5674; x_wconf 77' lang='lat' dir='ltr'>caueam</span> <span class='ocrx_word' id='word_1_778' title='bbox 1139 5621 1229 5670; x_wconf 76' lang='lat' dir='ltr'>mmen</span> <span class='ocrx_word' id='word_1_779' title='bbox 1254 5612 1360 5682; x_wconf 74' lang='lat' dir='ltr'>sactum</span> <span class='ocrx_word' id='word_1_780' title='bbox 1367 5628 1379 5676; x_wconf 88' lang='lat'>,·</span> <span class='ocrx_word' id='word_1_781' title='bbox 1394 5612 1445 5670; x_wconf 87' lang='lat' dir='ltr'>ubi</span> <span class='ocrx_word' id='word_1_782' title='bbox 1472 5631 1526 5672; x_wconf 85' lang='lat' dir='ltr'>vox</span> <span class='ocrx_word' id='word_1_783' title='bbox 1552 5620 1660 5692; x_wconf 72' lang='lat' dir='ltr'>saetam</span> <span class='ocrx_word' id='word_1_784' title='bbox 1685 5622 1722 5679; x_wconf 75' lang='lat' dir='ltr'>sd</span> <span class='ocrx_word' id='word_1_785' title='bbox 1749 5623 1838 5682; x_wconf 71' lang='lat' dir='ltr'>Deam</span> 
     </span>
     <span class='ocr_line' id='line_1_60' title="bbox 163 5681 1173 5757; baseline 0 -16"><span class='ocrx_word' id='word_1_786' title='bbox 163 5682 223 5757; x_wconf 78' lang='lat'>(21)</span> <span class='ocrx_word' id='word_1_787' title='bbox 239 5681 349 5741; x_wconf 86' lang='lat' dir='ltr'>Omnes</span> <span class='ocrx_word' id='word_1_788' title='bbox 364 5682 434 5741; x_wconf 86' lang='lat' dir='ltr'>edit.</span> <span class='ocrx_word' id='word_1_789' title='bbox 464 5700 499 5740; x_wconf 88' lang='lat' dir='ltr'>ac</span> <span class='ocrx_word' id='word_1_790' title='bbox 528 5700 600 5741; x_wconf 89' lang='lat' dir='ltr'>mss.</span> <span class='ocrx_word' id='word_1_791' title='bbox 629 5683 697 5755; x_wconf 82' lang='lat' dir='ltr'>duo,</span> <span class='ocrx_word' id='word_1_792' title='bbox 724 5698 836 5741; x_wconf 76' lang='lat' dir='ltr'>comum</span> <span class='ocrx_word' id='word_1_793' title='bbox 866 5692 956 5744; x_wconf 80' lang='lat' dir='ltr'>umen</span> <span class='ocrx_word' id='word_1_794' title='bbox 1014 5685 1173 5751; x_wconf 79' lang='lat' dir='ltr'>nelei-enda.</span> 
     </span>
    </p>
   </div>
   <div class='ocr_carea' id='block_1_11' title="bbox 128 5752 1841 5854">
    <p class='ocr_par' dir='ltr' id='par_1_12' title="bbox 128 5752 1841 5854">
     <span class='ocr_line' id='line_1_61' title="bbox 128 5752 1841 5854; baseline 0.005 -38"><span class='ocrx_word' id='word_1_795' title='bbox 128 5752 235 5849; x_wconf 66' lang='lat' dir='ltr'>{mm</span> <span class='ocrx_word' id='word_1_796' title='bbox 249 5771 259 5816; x_wconf 82' lang='lat' dir='ltr'>r</span> <span class='ocrx_word' id='word_1_797' title='bbox 275 5752 327 5814; x_wconf 82' lang='lat' dir='ltr'>alil</span> <span class='ocrx_word' id='word_1_798' title='bbox 341 5754 410 5829; x_wconf 81' lang='lat' dir='ltr'>duo,</span> <span class='ocrx_word' id='word_1_799' title='bbox 423 5770 536 5815; x_wconf 79' lang='lat' dir='ltr'>caueam</span> <span class='ocrx_word' id='word_1_800' title='bbox 564 5764 656 5817; x_wconf 73' lang='lat' dir='ltr'>mmm</span> <span class='ocrx_word' id='word_1_801' title='bbox 682 5760 714 5821; x_wconf 83' lang='lat' dir='ltr'>ttl</span> <span class='ocrx_word' id='word_1_802' title='bbox 737 5758 859 5840; x_wconf 70' lang='lat' dir='ltr'>scotomi</span> <span class='ocrx_word' id='word_1_803' title='bbox 886 5757 957 5823; x_wconf 84' lang='lat' dir='ltr'>tnti-</span> <span class='ocrx_word' id='word_1_804' title='bbox 1050 5759 1106 5848; x_wconf 75' lang='lat'>(22)</span> <span class='ocrx_word' id='word_1_805' title='bbox 1121 5758 1164 5818; x_wconf 85' lang='lat' dir='ltr'>lta</span> <span class='ocrx_word' id='word_1_806' title='bbox 1178 5752 1629 5840; x_wconf 63' lang='lat' dir='ltr'>manuducerentur</span> <span class='ocrx_word' id='word_1_807' title='bbox 1657 5768 1736 5840; x_wconf 65' lang='lat' dir='ltr'>hm„</span> <span class='ocrx_word' id='word_1_808' title='bbox 1765 5763 1841 5854; x_wconf 73' lang='lat' dir='ltr'>osa,</span> 
     </span>
    </p>
   </div>
   <div class='ocr_carea' id='block_1_12' title="bbox 0 0 2090 6180">
    <p class='ocr_par' dir='ltr' id='par_1_13' title="bbox 0 0 2090 6180">
     <span class='ocr_line' id='line_1_62' title="bbox 0 0 2090 6180; baseline 0 0"><span class='ocrx_word' id='word_1_809' title='bbox 0 0 2090 6180; x_wconf 95' lang='lat' dir='ltr'> </span> 
     </span>
    </p>
   </div>
  </div>
 </body>
</html>
