4159 6184
267 319 328 383 rra
992 313 1023 371 s.
1048 297 1233 374 arteriasis
1890 307 1937 379 rr'o

266 451 376 525 piendi,
393 451 510 520 torquet
523 445 641 515 invidia,
659 462 742 502 mora
755 449 849 510 vexat,
871 443 1010 502 sterilitas
1026 461 1092 518 pro·
1107 451 1133 512 A
1150 447 1219 518 quid
1234 462 1287 518 ego
1302 445 1546 515 abscondam,cui
1561 445 1639 504 Deus
1653 446 1720 504 lacit
1733 447 1938 522 abundarequod

265 544 404 596 reatuum
419 536 578 592 iat'ecunda
602 536 765 608 perturbat,
782 532 921 590 sollicitat
941 533 1094 589 abundsn·
1150 532 1280 607 largiar?
1294 533 1330 590 Ut
1344 532 1413 607 quid
1429 534 1577 608 repagulis
1593 541 1740 608 pertarum
1755 536 1876 594 claudam
1893 539 1938 596 lra-

264 627 315 684 tia.
330 627 412 683 Unde
427 624 471 682 illi
486 625 580 693 diviti,
592 624 677 696 cujus
692 621 840 697 possessio
854 623 959 680 uberes
982 623 1095 677 tructus
1149 627 1257 691 menta,
1273 623 1382 696 quibus
1394 623 1450 696 (13)
1463 623 1541 681 Deus
1555 628 1650 682 tatum
1663 625 1740 682 m
1754 625 1863 698 replevit
1878 644 1940 684 oau-

264 714 374 783 attulit,
389 713 598 789 quiacogitovit
610 713 688 768 intra
703 729 734 769 se
748 712 850 769 dicens
865 729 891 768 z«
902 711 975 776 Duid
988 711 1094 766 taciem
1148 727 1254 784 porum
1271 711 1426 781 ambitum,
1442 727 1507 784 que
1530 712 1595 769 siae
1614 714 1735 771 custode
1757 717 1901 772 naseuntur
1918 721 1941 774 st

264 806 344 880 quod
359 822 418 862 non
434 805 527 861 habeo
551 819 610 876 quo
631 818 804 876 congregem
820 801 932 856 tructus
948 799 1051 856 meos?
1066 803 1095 856 et
1148 800 1317 857 abundanti

264 895 338 952 dixit
354 913 361 950 :
380 897 436 950 lloc
452 892 726 960 laciam,destruem
741 890 845 947 borres
861 893 967 969 mea,et
980 888 1094 960 majora
1458 888 1577 950 CAPUT
1596 889 1659 946 Vll.

264 985 369 1040 faciam
381 982 441 1051 ;illo
456 981 638 1055 congregabo
650 979 750 1036 omnia
764 996 827 1052 que
843 983 912 1035 nata
925 982 996 1035 sunt
1007 975 1091 1046 mibi,
1147 978 1278 1034 Eundem
1306 979 1394 1036 locum
1419 981 1451 1036 B.
1477 981 1574 1036 Doctor
1593 981 1778 1052 prosequitur,
1800 981 1943 1054 ostendere

265 1072 400 1129 etdicom
415 1070 519 1126 anime
537 1087 608 1126 mete
625 1087 632 1126 ε
649 1070 766 1137 Anima,
782 1068 876 1125 habes
899 1066 992 1123 multa
1015 1067 1093 1122 bona
1183 1066 1280 1135 “vasti
1293 1066 1356 1136 clim
1369 1049 1493 1133 dimi
1507 1051 1664 1124 bmfsssstrss
1676 1052 1810 1134 athelmi·
1822 1053 1941 1136 'diuiti'

1181 1137 1280 1177 maroa
1304 1139 1334 1177 sn
1357 1122 1520 1192 aedificando
1542 1138 1719 1187 consumere:
1740 1139 1855 1195 aprosque
1871 1141 1942 1194 rnoqu

264 1163 294 1218 iu
309 1177 403 1217 annos
418 1159 528 1217 multos
544 1160 649 1233 posita,
662 1159 821 1231 requiesce,
839 1157 996 1221 manduca,
1013 1154 1091 1222 bibe,
1181 1193 1342 1249 enormitate
1364 1195 1524 1264 pretiorum,
1548 1211 1631 1264 quam
1650 1194 1770 1250 uberim
1790 1199 1942 1266 proventuum

262 1251 381 1324 epulare
397 1250 471 1322 (tac.
488 1267 538 1318 xn,
556 1249 665 1320 17-19);
684 1246 854 1321 urespondit
868 1247 946 1302 Deus
957 1243 1090 1314 :«Stulte,
1181 1263 1313 1320 gepa-qm
1327 1281 1337 1320 :
1349 1279 1416 1336 qm„
1431 1272 1522 1322 tame„
1536 1264 1613 1322 Μ
1626 1281 1678 1338 qm,
1691 1268 1797 1338 [mm
1809 1282 1865 1322 m„
1882 1281 1941 1324 m,

262 1340 317 1396 hec
332 1344 417 1396 noete
431 1338 561 1394 animam
576 1341 658 1393 tuam
673 1340 834 1410 repetunta
844 1338 873 1392 te
889 1353 896 1391 :
913 1350 977 1406 que
992 1336 1090 1389 autam
1180 1351 1211 1392 re
1222 1337 1327 1408 passim
1339 1335 1493 1393 recondere.

262 1428 385 1502 parasti,
399 1429 486 1500 cujus
502 1430 588 1483 erunt
602 1426 682 1496 (ibid.
708 1425 775 1496 eol?
791 1447 806 1475 n
821 1425 862 1481 Ne
883 1425 947 1496 ipse
970 1421 1090 1496 quidem
1180 1424 1225 1480 33.
1254 1422 1338 1480 Victa
1359 1427 1405 1481 est
1428 1441 1494 1498 spes
1522 1423 1611 1481 avari.
1641 1425 1827 1499 Rumpuntur
1850 1429 1942 1482 vetusta

262 1520 339 1575 Deus
353 1533 421 1573 cum
437 1516 565 1572 dormire
587 1515 739 1586 permittit.
766 1511 939 1586 Interpellat
959 1510 1090 1584 cogitan-
1145 1512 1250 1569 borres
1273 1513 1421 1571 messibus
1445 1513 1539 1570 naris.
1566 1514 1675 1582 illinus,
1692 1515 1796 1588 inquit,
1820 1513 1906 1585 babai,
1921 1519 1942 1571 et

264 1613 335 1675 tera,
349 1605 457 1663 excitat
471 1604 676 1660 dormientem.
1145 1602 1254 1659 trustra
1266 1601 1378 1658 servavi
1395 1617 1401 1657 :
1418 1601 1484 1676 plus
1499 1608 1601 1658 notum
1616 1607 1671 1668 est,
1688 1606 1717 1658 et
1731 1603 1778 1659 cui
1798 1603 1942 1676 congregat

295 1698 340 1753 30.
356 1696 412 1752 Sed
427 1711 481 1751 nec
496 1693 559 1765 ipse
574 1710 605 1750 se
620 1693 752 1765 quietum
767 1708 831 1748 esse
860 1689 1039 1763 patitur,qui
1053 1690 1089 1746 de
1147 1691 1222 1747 Dum
1250 1691 1432 1748 incrementa
1447 1692 1607 1765 pretiorum
1624 1707 1764 1764 aucupor,
1779 1691 1859 1750 amisi
1872 1707 1940 1750 usum

261 1785 442 1842 abundantia
463 1782 632 1838 divitiarum
658 1798 779 1837 suarum
803 1779 989 1846 sollicitatur,
1005 1783 1034 1835 et
1057 1778 1087 1834 in
1143 1780 1360 1838 beneficiorum.
1386 1779 1516 1844 Quantas
1542 1780 1611 1837 anni
1635 1781 1793 1854 superioris
1820 1781 1941 1838 frumento

261 1875 395 1930 ubertate
414 1873 562 1928 tractuum
588 1886 688 1927 rocem
713 1869 825 1944 egentis
847 1868 965 1925 emittit.
984 1889 998 1919 a
1013 1867 1088 1932 Ouid
1144 1869 1225 1942 potui
1240 1868 1355 1926 animas
1368 1885 1531 1942 pauperum
1545 1875 1714 1926 reservare?
1729 1869 1791 1926 Haeo
1805 1885 1849 1926 me
1867 1869 1942 1942 magis

260 1962 389 2019 lociamt
403 1983 419 2012 n
433 1959 539 2033 inquit.
556 1960 657 2016 Nonne
672 1959 733 2015 hec
747 1958 885 2032 pauperis
899 1973 954 2014 vox
972 1961 1089 2022 estnon
1143 1975 1257 2015 servare
1271 1955 1449 2016 delectarent
1463 1957 1569 2032 pretia,
1585 1974 1650 2031 que
1673 1975 1734 2016 acu
1757 1975 1870 2016 nummo
1882 1957 1941 2016 asti·

261 2051 399 2109 habentis
415 2049 549 2106 subsidia
561 2048 697 2104 vivendi?
708 2049 803 2121 Egens
817 2047 950 2103 omnium
966 2045 1024 2102 huc
1045 2049 1088 2102 at·
1143 2051 1271 2114 mantua,
1287 2047 1338 2104 sed
1354 2047 1458 2120 gratia.
1475 2047 1617 2105 Imitabor
1630 2052 1765 2105 sanctum
1790 2047 1886 2121 loseph
1899 2047 1940 2104 bu·

260 2159 317 2215 que
333 2139 402 2196 illuc
417 2139 545 2211 respicit,
558 2141 706 2194 serutatur
720 2133 1090 2210 hospitium,nibilinrenit
1143 2134 1295 2193 munitatis
1323 2135 1545 2209 praedicatione;
1570 2135 1706 2194 clamabo
1732 2153 1800 2194 voce
1825 2153 1940 2209 magna:

260 2232 294 2287 ad
309 2245 396 2285 usum
412 2227 545 2284 alimenti
563 2245 570 2283 ε
587 2226 754 2282 considerat
765 2224 838 2281 nibil
849 2224 1087 2296 miseriusquam
1142 2225 1255 2291 Venite,
1285 2240 1437 2298 pauperes,
1467 2225 1543 2282 edite
1572 2241 1663 2298 panes
1697 2243 1788 2294 meos,
1814 2223 1941 2299 expandite

261 2320 336 2374 latmo
351 2317 466 2383 cantici,
478 2321 507 2373 et
521 2315 577 2371 cibi
594 2315 757 2384 indigentia
771 2313 968 2387 morizquerit
982 2313 1087 2370 mortis
1142 2314 1298 2388 gremium,
1313 2313 1455 2387 suscipite
1470 2313 1840 2372 frumentumFecuuditas
1852 2312 1940 2378 divitis,

262 2404 444 2480 compendia,
460 2411 490 2461 ot
508 2403 705 2460 tolerabiliora
729 2403 855 2460 obeundi
880 2401 1024 2476 supplicis
1048 2404 1086 2458 ri·
1142 2405 1231 2461 totius
1256 2403 1337 2461 erbis
1360 2403 1551 2472 abundantia,
1567 2404 1704 2460 omnium
1719 2405 1804 2460 debat
1820 2418 1879 2460 esse
1898 2403 1941 2458 ler-

259 2500 359 2552 matur
375 2512 381 2550 ι
398 2493 502 2566 arripit
516 2492 816 2566 gladium,aaspendit
831 2490 1086 2564 laqueum,ignem
1141 2493 1243 2550 tilitas.
1260 2493 1304 2550 'lu
1316 2507 1383 2550 vero
1398 2509 1456 2549 non
1472 2492 1527 2549 boc
1541 2493 1626 2560 dieis,
1644 2494 1696 2550 sed
1712 2493 1757 2550 uis
1773 2511 1780 2550 :
1796 2492 1940 2550 «Destraau

260 2582 663 2655 adoleterploratvenenum
680 2599 686 2636 :
703 2587 731 2637 et
748 2581 824 2636 inter
838 2581 899 2636 brec
914 2579 985 2653 qaid
1000 2579 1088 2652 eligat
1141 2581 1246 2639 horrea
1260 2598 1334 2638 mea.
1349 2604 1362 2631 a
1378 2581 1465 2638 Recte
1477 2581 1606 2639 destruis
1630 2598 1673 2648 ea,
1692 2599 1710 2639 a
1734 2582 1839 2656 quibus
1860 2579 1940 2636 nullus

259 2674 377 2738 dubius,
393 2672 487 2728 dicit:
504 2695 518 2722 «
535 2671 609 2738 Quid
627 2669 752 2725 laoiam‘l
766 2691 780 2720 n
793 2669 903 2726 Deinde
917 2669 981 2724 vita
996 2667 1087 2740 hujus
1141 2687 1252 2745 pauper
1266 2674 1391 2728 onustus
1402 2669 1567 2727 revertitur.
1584 2671 1696 2727 Horres
1709 2669 1866 2743 iniquitatis
1885 2671 1940 2724 sant

258 2762 403 2820 suavitate
417 2764 569 2817 revocatus
584 2759 665 2831 capit
688 2775 821 2815 revocare
845 2758 1032 2825 sententiam,
1060 2757 1086 2814 si
1141 2757 1332 2833 receptacula,
1348 2775 1407 2816 non
1430 2758 1548 2831 pietatis
1571 2758 1718 2816 subsidia.
1734 2760 1819 2816 ilecto
1839 2753 1940 2814 destruit

258 2852 351 2925 possit
366 2850 480 2905 visendi
498 2847 693 2905 substantiam
718 2847 855 2920 reperire.
873 2846 984 2919 Aspicit
1006 2846 1087 2902 nuda
1141 2850 1191 2922 qui
1206 2848 1353 2922 sapienter
1366 2846 1508 2905 edificare
1525 2863 1582 2903 neu
1598 2846 1690 2904 norit.
1708 2847 1834 2904 Destruit
1846 2861 1892 2902 sua
1906 2843 1939 2898 di-

258 2940 367 3005 omnia‚
397 2955 489 2993 tacut
513 2937 622 3004 Omnia,
648 2940 676 2990 θῐ
698 2935 739 2991 ait
754 2951 761 2989 ἰ
779 2956 793 2985 1‘
815 2936 890 3001 Ouid
915 2934 1041 2991 faciam?
1070 2957 1085 2985 a
1139 2957 1199 3008 ves,
1215 2937 1265 3011 qui
1280 2937 1374 2996 nascit
1388 2941 1496 2994 eterna
1521 2952 1528 2993 :
1554 2935 1681 2994 destruit
1704 2936 1807 2992 horrea
1828 2934 1873 3008 qai
1894 2947 1939 2988 non

259 3028 339 3085 Unde
362 3024 434 3081 mihi
458 3023 607 3093 alimenta,
624 3023 702 3079 unde
726 3022 869 3079 restituet
883 3021 954 3079 Volo
977 3022 1083 3094 vivere,
1140 3028 1220 3086 novit
1233 3041 1289 3084 aaa
1302 3026 1449 3082 frumenta
1462 3025 1602 3096 dividere,
1619 3025 1671 3082 sed
1689 3023 1830 3084 claudere,
1844 3044 1857 3074 n

258 3118 282 3174 si
296 3116 420 3172 babeam
436 3114 583 3186 quomodo
598 3112 710 3185 possim
725 3112 814 3167 vitam
829 3111 905 3168 hanc
918 3111 1083 3168 sustinere:
1174 3119 1219 3174 34,
1239 3139 1250 3168 ι
1265 3117 1299 3174 ut
1314 3115 1436 3188 majora,
1453 3113 1558 3187 iuquit,
1574 3114 1694 3172 faciam.
1713 3138 1725 3165 ι
1744 3114 1849 3176 latetis,
1863 3109 1901 3168 ret
1916 3109 1939 3164 id

258 3207 308 3262 sed
325 3205 435 3277 quibus
449 3202 534 3268 cibis,
550 3201 658 3273 quibus
672 3199 832 3256 Subffliis‘?
1100 3185 1122 3252 C
1139 3207 1309 3280 dispensata
1324 3203 1511 3278 pauperibus,
1527 3204 1605 3276 quod
1626 3219 1680 3276 pre
1705 3207 1823 3276 sumptu
1836 3199 1939 3258 edider-

171 3360 174 3366 ,
291 3289 816 3362 3¹·«01tidftssissmiissquillquod
839 3305 898 3344 ¹10ss
922 3289 1049 3346 babeo...
1069 3310 1082 3339 n
1138 3295 1227 3353 lionis
1241 3293 1482 3367 impendis.Dum
1498 3290 1687 3349 liberalitatis
1703 3291 1825 3364 gratiam
1840 3287 1939 3360 relegis,

257 3384 371 3439 Clamat
384 3397 416 3436 se
430 3379 511 3436 dives
524 3395 582 3435 non
596 3378 714 3435 habere.
726 3378 909 3452 paupertatis
924 3378 971 3434 bic
986 3393 1083 3434 sermo
1137 3379 1457 3442 dnmnaoedisseatianis
1468 3378 1604 3437 exsolvis.

257 3477 318 3540 est;
334 3470 371 3526 de
385 3468 484 3541 inopia
497 3467 631 3540 queritur
645 3467 801 3524 abundans
816 3466 969 3524 tractibus.
986 3490 1000 3516 o
1018 3466 1082 3523 Non
1171 3473 1216 3530 35.
1232 3472 1267 3528 Et
1280 3469 1393 3527 eddidit
1417 3487 1424 3526 ι
1455 3491 1466 3521 ι
1493 3467 1545 3526 llio
1570 3471 1755 3544 congregabo
1778 3468 1869 3525 omnia
1889 3480 1939 3537 qus

258 3561 363 3625 babeo,
378 3557 485 3630 iuquit,
502 3572 560 3629 qua
575 3572 748 3630 congregem
765 3556 878 3615 fructus
892 3572 984 3614 meos.
1002 3578 1017 3606 a
1030 3556 1084 3612 Pu·
1137 3567 1207 3619 nata
1230 3564 1301 3617 sual
1322 3558 1406 3628 mihi,
1431 3563 1461 3616 et
1484 3557 1580 3615 dicam
1607 3558 1716 3615 anime
1737 3575 1806 3616 mes
1822 3553 1939 3620 :raino

257 3657 335 3704 taras
348 3647 431 3702 illum
448 3645 633 3702 dicere:Non
649 3644 742 3702 babeo
757 3644 881 3715 tructus,
899 3646 975 3702 unde
988 3646 1083 3703 viren-
1136 3651 1228 3708 babes
1251 3648 1344 3705 nrulta
1369 3649 1456 3706 bona.
1483 3671 1495 3702 r
1527 3647 1688 3704 Gouilcitur
1714 3664 1817 3705 avarus
1843 3657 1939 3714 sempe

257 3740 328 3794 dum
344 3735 481 3793 estmibi.
498 3735 606 3793 Beatus
620 3735 671 3807 qui
687 3734 722 3790 da
737 3735 920 3792 abundantia
933 3735 1082 3808 periclita-
1136 3741 1267 3797 ubertate
1283 3741 1456 3811 proventum
1471 3735 1539 3810 (li),
1556 3736 1627 3793 dum
1648 3735 1792 3792 vilitatem
1815 3731 1937 3790 alimonia

255 3832 321 3896 tur;
337 3825 398 3881 imo
413 3824 548 3882 miserior
571 3825 628 3880 iste
651 3823 879 3880 fecunditatibus
901 3825 974 3893 suis,
991 3841 1081 3897 quam
1136 3828 1306 3886 calculatur.
1325 3825 1497 3884 Fecunditas
1511 3825 1591 3881 euim
1612 3825 1814 3882 universorum
1833 3823 1936 3889 estete

259 3931 379 3989 pauper,
395 3915 442 3971 cui
457 3912 620 3986 periculum
645 3914 682 3969 de
704 3916 833 3986 egestate
848 3917 902 3969 est.
919 3913 1011 3970 Habet
1032 3913 1082 3971 ille
1136 3918 1228 3976 rilitas
1244 3916 1299 3974 soli
1313 3931 1398 3972 avaro
1422 3919 1466 3972 est
1488 3919 1666 3988 questuosa.
1684 3914 1846 3971 Delectatur
1859 3907 1936 3980 magis

256 4007 334 4062 unde
369 4008 488 4061 excuset
510 4017 686 4071 aerumnam;
711 4002 799 4058 babet
826 4006 904 4058 certe
930 4002 1081 4075 injuriam,
1135 4008 1308 4066 enormitate
1323 4005 1587 4079 pretiorum,quam
1602 4000 1935 4076 abundantiacepisruml

255 4095 346 4151 babet
360 4093 477 4166 culpam
494 4091 571 4148 :iste
586 4107 644 4148 non
660 4090 748 4146 babet
763 4106 851 4162 quem
866 4095 972 4164 praeter
984 4108 1016 4149 se
1033 4109 1080 4148 ar·
1135 4101 1163 4156 et
1178 4094 1290 4154 mavult
1304 4094 1412 4152 babere
1427 4094 1504 4167 quod
1521 4092 1708 4165 solus,quam
1723 4093 1800 4166 quod
1813 4106 1875 4148 cum
1887 4103 1937 4144 am·

257 4187 337 4257 goat.
1135 4185 1223 4243 nibus
1238 4182 1428 4244 vernantior
1441 4182 1594 4240 timentem
1605 4197 1641 4238 ae
1650 4181 1812 4254 superfluat
1823 4174 1936 4236 cumulus

291 4273 336 4328 32.
354 4270 560 4327 Dtdixit21ioc
570 4268 685 4337 saoiam,
704 4269 808 4326 horrea
817 4285 883 4326 mea
893 4269 1054 4326 destruam.
1066 4293 1080 4322 a
1135 4264 1362 4342 frumentorum,
1376 4285 1413 4328 ne
1433 4287 1522 4344 super
1545 4269 1651 4328 borres
1673 4269 1838 4328 redundans
1858 4271 1936 4322 traus-

257 4360 344 4416 Potes
369 4360 465 4417 adhuc
487 4361 583 4416 dicere
607 4359 690 4415 illum
705 4377 712 4416 ι
728 4357 864 4431 Aperiam
878 4358 983 4416 torreo
1004 4376 1080 4430 mea,
1136 4363 1277 4420 tundatur
1303 4361 1333 4416 in
1360 4375 1513 4434 pauperes,
1537 4362 1567 4416 cl
1596 4358 1665 4416 boui
1693 4359 1816 4431 alicujus
1842 4350 1937 4413 occult

256 4447 461 4520 ingrediantur
474 4448 523 4520 qui
540 4447 661 4504 tolerare
685 4449 792 4503 tamem
808 4464 866 4504 nou
890 4452 1012 4520 queunt,
1033 4465 1082 4506 ve·
1136 4450 1337 4524 indigentibus
1352 4448 1535 4521 acquiratur.
1549 4446 1608 4505 Soli
1624 4447 1682 4504 sibi
1698 4451 1800 4520 partus
1813 4449 1936 4502 terraram

257 4536 341 4592 nient
355 4534 581 4607 inopes,intrcnt
595 4553 749 4609 pauperes,
760 4535 892 4610 repleant
901 4537 985 4594 sinus
999 4554 1081 4608 suos,
1097 4559 1120 4624 ὓ
1134 4541 1264 4598 vindicat
1275 4540 1366 4614 diver,
1383 4553 1442 4600 nou
1457 4553 1516 4613 quo
1530 4535 1595 4612 ipsa
1609 4537 1653 4598 uli
1666 4537 1747 4612 retia
1761 4535 1813 4596 aad
1825 4531 1884 4596 ellit
1895 4529 1937 4588 dl·

257 4625 407 4682 destruam
432 4625 558 4696 parietes
582 4625 633 4696 qui
657 4624 816 4684 excludunt
839 4626 1028 4685 esurientem.
1045 4627 1082 4685 Ut
1135 4647 1252 4708 negare.

257 4785 402 4870 margine,
417 4785 535 4842 soliano.
552 4783 666 4843 Eadem
686 4802 754 4843 vero
778 4787 807 4842 in
828 4803 948 4861 corpere
961 4787 1079 4860 babent,
1136 4813 1207 4853 mss.
1233 4789 1346 4868 aliquot
1368 4795 1415 4850 sat
1435 4787 1519 4850 boue
1544 4793 1633 4860 note3
1658 4787 1709 4847 sed
1734 4805 1803 4847 cum
1820 4777 1935 4854 innuite

254 4863 364 4916 renatae
391 4857 497 4925 dicetis,
525 4873 582 4913 non
606 4865 646 4912 cat
668 4874 728 4930 qne
755 4859 918 4934 ansteum
949 4861 1080 4933 dormire,
1156 4867 1271 4923 laribus
1285 4882 1319 4923 aa
1333 4880 1391 4921 non
1406 4862 1529 4936 reperire
1552 4861 1606 4932 sit;
1630 4862 1678 4917 hie
1699 4862 1737 4921 ab
1758 4850 1934 4917 edit.Gill.ac

258 4929 329 4988 LXX
364 4930 470 5002 lnterp.
509 4927 601 4984 Eccle.
639 4945 666 4997 v,
702 4929 745 5014 ll.
791 4940 832 4985 sat
867 4937 901 5002 τῷ
936 4939 1082 5003 ίμπληθίνιι
1136 4887 1597 5008 Ramnenrecedereoptimum
1612 4932 1779 4989 virumest.

255 5005 299 5052 τοῦ
331 4999 469 5061 πλουτῆσαι
510 4999 555 5049 οὐκ
591 5001 656 5048 torar
691 5000 769 5064 aprus
800 4998 875 5049 αὐτὸν
908 5006 951 5050 τοῦ
983 5002 1082 5068 inspir-
1172 5010 1227 5082 (lq)
1243 5009 1351 5066 omnes
1365 5005 1434 5064 edit,
1451 5011 1480 5063 02
1498 5005 1583 5079 pauni
1599 5021 1671 5061 mss,
1689 5005 1833 5074 Confitetur
1851 5006 1935 5054 aarum

257 5099 307 5136 eor.
323 5073 409 5129 Perre
423 5076 601 5146 postrocem
616 5071 748 5136 dcrrnire,
765 5087 837 5127 mss.
858 5070 990 5146 plerique
1013 5075 1082 5132 boni
1134 5095 1240 5154 seneper-
1266 5080 1418 5137 atumem
1451 5086 1641 5150 proventuram,
1669 5075 1720 5132 alii
1749 5089 1818 5130 mss.
1845 5085 1871 5124 m
1902 5077 1934 5146 'no

257 5145 308 5201 ‘flii
324 5145 526 5201 flddUDii⁸i⁸²
545 5146 667 5215 ”militi
689 5143 842 5214 evantiit'ffl
865 5147 1082 5210 “mmmm-
1137 5167 1271 5220 numere,
1287 5157 1320 5208 ut
1333 5166 1388 5208 aes
1402 5149 1433 5204 iu
1447 5153 1537 5206 textu.
1554 5149 1666 5205 Rursus
1681 5146 1750 5204 edit.
1765 5147 1826 5202 Am.
1841 5143 1867 5197 et
1901 5131 1933 5190 til·

255 5218 312 5289 plo,
328 5225 358 5274 ar
371 5219 513 5288 rnebcmas
527 5217 641 5272 diuitem
659 5215 780 5272 dormire
793 5230 849 5270 aon
860 5232 948 5288 ream.
963 5218 999 5272 At
1013 5236 1081 5274 oum
1136 5224 1166 5281 in
1181 5239 1273 5296 marg.
1291 5237 1357 5278 aum
1373 5237 1445 5278 mss.
1461 5219 1566 5287 tribus,
1582 5215 1844 5280 oilitotcolr'rnoniae
1862 5207 1934 5285 colca-

257 5288 411 5342 rideantur
425 5305 482 5344 nou
497 5305 551 5344 suo
567 5286 629 5344 loco
645 5287 750 5358 posito,
765 5290 793 5342 et
817 5287 847 5342 in
871 5287 973 5344 multis
992 5290 1081 5347 etiam
1137 5301 1192 5352 rar,
1209 5295 1316 5351 Eadem
1332 5291 1400 5349 Gill,
1416 5292 1446 5347 in
1461 5296 1623 5365 corporeas
1637 5291 1733 5355 Rom,
1748 5287 1871 5344 „firmem
1891 5276 1932 5332 olr-

259 5374 331 5414 mss.
346 5360 500 5416 etcunctis
515 5359 584 5416 edit.
600 5359 814 5427 desiderentur,
829 5359 903 5416 satis
922 5359 1082 5419 habuimus
1135 5370 1235 5424 nwniae
1258 5365 1453 5423 calumniatur.
1479 5360 1609 5435 Denique
1633 5363 1696 5418 llra.
1713 5365 1741 5418 et
1763 5358 1811 5415 reli
1833 5354 1859 5410 ai
1873 5363 1932 5406 mss.

258 5427 348 5496 huius
363 5429 404 5483 rei
419 5428 554 5486 lectorem
569 5430 736 5512 admonere.
1137 5455 1259 5494 numero
1289 5442 1377 5510 atque
1403 5433 1579 5506 antiquitate
1606 5431 1765 5506 potiores...
1792 5374 1932 5488 aaronica.

294 5498 350 5571 (¹3)
363 5506 428 5555 Am·
452 5506 481 5556 ⁰²
500 5501 565 5558 Effl-
591 5502 675 5558 fl⁰¹i⁰
695 5501 791 5573 θθΡῑῑθ
814 5505 881 5573 9⁰⁸t
902 5517 1001 5558 ‘'⁰⁰⁰OE
1029 5521 1080 5560 Νι·
1135 5509 1249 5569 Alioubi
1264 5512 1363 5566 nmen
1377 5505 1467 5580 legas,
1483 5506 1678 5572 utilitatem...
1695 5503 1811 5559 calcet...
1825 5501 1847 5556 et
1860 5491 1933 5553 calcu·

258 5573 360 5636 mitiis
375 5586 512 5653 telum·
527 5572 685 5630 hiS'Vffl'biss
707 5571 946 5645 ᾶῦθΡῑθθῧδῦῑῡΡ,
962 5575 982 5630 Α
1029 5577 1083 5634 'ent
1137 5583 1185 5652 let,
1199 5582 1252 5640 sed
1263 5578 1370 5640 calami
1384 5583 1435 5638 aut
1444 5577 1619 5654 typographi
1632 5592 1711 5636 error
1724 5579 1777 5632 est.

258 5643 317 5705 aar
338 5641 437 5718 qartus
448 5642 529 5701 :aaa
551 5646 651 5717 toturn
669 5648 725 5704 etc.
741 5643 777 5702 Et
799 5648 877 5704 certe
900 5643 959 5704 illis
984 5647 1083 5708 issent
1617 5675 1625 5690 ·
