4159 6184
214 278 253 343 ab
883 280 976 347 vira
998 286 1031 349 S.
1055 284 1245 348 insensu
1394 343 1398 349 .
1877 284 1917 345 'lb

215 415 324 490 quibus
338 416 386 473 hic
401 417 634 487 controvertitur,
651 418 687 475 ad
702 416 792 473 ritem
818 418 854 472 ab
884 416 1037 471 nmiiroain
1056 420 1076 484 Α
1095 418 1307 489 propagaverit,
1323 419 1573 489 quemadmodum
1587 418 1667 475 edita
1681 418 1718 473 ab
1732 433 1766 474 eo
1795 414 1916 488 scripta,

215 510 282 563 ante
296 506 479 580 baptismum
494 506 567 563 etin
582 504 766 563 saecularium
784 522 880 561 rorum
897 522 1037 561 cerrunrr-
1094 506 1219 578 virgines
1233 508 1298 579 ejus
1313 506 1451 563 manibus
1466 507 1591 565 solemni
1605 508 1664 564 ritu
1677 505 1791 562 Christo
1810 520 1917 560 conse·

215 594 260 651 cio
275 598 406 653 exactam
424 594 569 669 periinere
585 596 615 651 in
643 594 776 651 conlesso
804 598 863 651 est:
890 596 925 651 dc
952 594 1037 651 annis
1094 599 1188 663 craia,
1205 596 1383 651 monasteria
1397 597 1517 652 demum
1532 596 1620 653 variis
1635 595 1666 651 in
1690 594 1762 652 locis
1787 594 1823 650 ab
1851 593 1918 666 ipso

215 699 371 756 veroquus
389 684 460 741 vixit
489 684 653 757 episcopus,
671 687 699 739 et
727 683 763 739 ad
793 699 868 755 quos
892 683 1039 755 precipua
1093 683 1340 757 institutapalam
1357 684 1477 741 iaciunt.
1494 685 1823 759 intervirginesautem
1852 698 1919 755 ques

216 787 339 845 queque
363 773 456 846 ipsius
481 774 555 829 iacta
579 772 755 840 referuntur,
784 777 918 829 auctores
948 772 1038 829 lermc
1094 778 1226 828 assueto
1241 772 1365 845 presule
1380 774 1417 829 ad
1432 774 1623 847 professionis
1638 791 1699 831 sue
1709 772 1921 846 perlectionem

217 861 551 919 intersecansentiunt.
1093 862 1255 917 informata
1283 866 1363 928 sunt,
1392 860 1506 918 millam
1534 862 1744 936 insignioribus
1774 860 1920 915 vimutum

250 951 278 1007 5.
295 951 376 1018 Oeod
389 966 473 1022 porro
489 950 523 1005 ad
538 948 634 1005 locum
651 950 701 1022 qui
717 951 853 1007 eumdem
869 956 1036 1007 nascentem
1093 950 1227 1006 omnium
1242 950 1360 1007 fulsisse
1376 951 1568 1017 documentis,
1591 966 1680 1024 quarn
1704 948 1920 1017 Mareellinam,

217 1039 371 1112 exceperit,
387 1039 458 1095 eatis
473 1039 659 1110 cognoscitur
672 1055 707 1095 ex
721 1039 817 1096 verbis
833 1038 947 1095 Paulini
972 1055 1037 1095 aem
1093 1040 1188 1111 ipsius
1203 1040 1315 1111 effigies
1329 1056 1346 1095 a
1360 1039 1408 1111 pio
1423 1043 1511 1096 tratre
1526 1040 1600 1112 stylo
1615 1055 1753 1112 expressa
1767 1038 1844 1093 clare
1864 1039 1920 1093 de·

219 1128 319 1185 urbem
335 1126 435 1196 luisse,
451 1126 480 1182 in
505 1143 564 1199 qua
592 1128 691 1183 sedem
712 1126 820 1187 babere
848 1133 1038 1185 consueverat
1093 1132 1238 1183 monstrat
1253 1129 1315 1198 (lib.
1330 1146 1360 1183 ιιι
1375 1129 1413 1183 De
1427 1131 1498 1197 cira.
1515 1144 1578 1201 cap.
1595 1132 1623 1195 t,
1637 1145 1720 1183 num.
1736 1128 1772 1183 l5
1785 1130 1812 1183 et
1837 1127 1920 1198 aeui.

216 1215 657 1288 Galliarumprelectusiltasil.
674 1218 759 1288 Epist.
780 1216 815 1272 ad
832 1217 936 1286 Ambr3
961 1217 1036 1272 Pau·
1093 1216 1327 1288 Romaquidem
1344 1217 1584 1273 commorabatur
1611 1218 1714 1273 eadem
1744 1216 1836 1289 virgo,
1865 1214 1920 1272 sed

148 1300 154 1311 '
216 1304 268 1361 lin.
285 1303 316 1359 in
334 1305 393 1361 Vita
406 1304 510 1373 Ambe,
527 1305 603 1375 eta).
617 1304 725 1361 Verum
741 1304 792 1361 illa
805 1304 948 1378 ipsaurbs
960 1322 1036 1377 que·
1093 1304 1175 1360 lratri
1190 1321 1306 1377 semper
1320 1305 1424 1361 intimo
1438 1306 1567 1378 quodam
1582 1304 1748 1361 animorum
1764 1321 1838 1361 nexu
1848 1320 1921 1360 con-

216 1410 284 1449 num
300 1393 447 1450 censenda
461 1393 510 1461 sit,
526 1392 605 1449 haud
621 1410 709 1466 parvo
724 1393 762 1450 lis
790 1399 851 1463 est;
880 1393 930 1451 alii
958 1394 1037 1449 enirn
1089 1392 1194 1464 juncta
1209 1393 1277 1460 luit;
1294 1393 1335 1449 iia
1351 1394 1470 1465 atejus,
1488 1394 1513 1450 si
1528 1393 1645 1466 quaudo
1660 1391 1800 1465 ipsumin
1811 1391 1922 1449 Urbem

215 1480 337 1547 arelati,
352 1479 401 1537 alii
418 1480 544 1537 Treviris
559 1484 610 1537 aut
623 1481 710 1537 ctiam
727 1482 868 1555 Lugduno
884 1481 962 1537 hunc
985 1480 1036 1537 ho·
1093 1481 1221 1539 traheret
1235 1482 1403 1551 necessitas,
1427 1487 1586 1555 conspectu
1614 1481 1673 1538 lrui
1700 1480 1822 1537 minime
1848 1496 1922 1537 con·

215 1569 476 1639 norsmdeierunt,
494 1568 601 1643 singuli
622 1570 756 1626 videlicet
783 1570 888 1626 harum
919 1570 1037 1626 urbium
1094 1576 1177 1626 tenta
1192 1570 1317 1627 subinde
1332 1571 1529 1628 Mediolanum
1541 1571 1626 1628 iteret
1640 1570 1678 1626 ad
1692 1586 1761 1626 eum
1789 1569 1923 1627 invisen-

216 1658 362 1715 nobilitati
378 1675 411 1714 ac
427 1658 625 1732 prerogativis
641 1658 770 1732 antiquis
781 1660 840 1715 nixi
854 1676 861 1717 ε
873 1659 924 1716 sed
939 1675 1039 1716 revera
1094 1660 1182 1714 dum:
1200 1660 1315 1731 quotics
1330 1665 1428 1717 autem
1443 1661 1479 1716 ab
1496 1660 1620 1717 invicem
1634 1659 1765 1716 locorum
1779 1657 1924 1715 distantia

215 1747 342 1805 nulllum
353 1751 560 1819 argumentum
576 1764 634 1820 quo
649 1749 760 1805 ceteris
776 1749 805 1803 iu
833 1748 887 1805 hoc
915 1754 1038 1820 antepo·
1094 1749 1316 1818 separabuntur,
1332 1749 1441 1806 crebris
1456 1749 1590 1822 epistolis
1603 1748 1699 1821 iisque
1712 1748 1750 1803 de
1763 1747 1871 1804 virtute
1885 1763 1921 1805 ac
1975 1744 1982 1754 ’

215 1835 667 1908 nendaliquidodemonstretur,
677 1836 847 1893 inmedium
857 1841 1035 1909 promentes.
1093 1836 1233 1909 religione
1250 1837 1437 1908 potissimum
1450 1838 1579 1910 scriptis,
1595 1836 1788 1893 mutuumsui
1802 1836 1920 1893 deside·

214 1924 277 1981 Non
292 1925 400 1983 desunt
413 1930 552 1998 preterea
565 1926 615 1997 qui
636 1926 759 1981 Romam
788 1926 883 1999 ipsam
911 1926 1038 1982 vocitent
1092 1926 1169 1981 rium
1186 1926 1414 1983 consolarentur.
1430 1931 1468 1983 nt
1481 1931 1621 1999 praterea
1643 1925 1669 1980 si
1696 1926 1769 1999 quid
1796 1924 1921 1981 anxium

215 2014 363 2073 Ambrosii
392 2015 533 2089 patriam:
568 2016 619 2071 sed
642 2015 740 2087 patria
760 2014 833 2071 nihil
857 2014 935 2071 aliud
958 2016 1036 2087 apud
1092 2015 1288 2070 sollicitemus
1316 2016 1458 2072 reddebat
1485 2013 1686 2081 Ambrosium,
1711 2014 1921 2071 amantissima

215 2102 412 2161 eoshislocis
428 2108 624 2176 sonat,quam
651 2102 769 2159 familie
799 2108 886 2175 atqrrc
915 2104 1037 2176 originis
1092 2121 1176 2160 soror
1202 2104 1361 2161 fraternam
1390 2103 1619 2166 sollicitudinem
1652 2119 1720 2160 cum
1746 2120 1781 2160 eo
1813 2103 1920 2176 partiri

215 2191 312 2251 sulum
327 2191 435 2261 natale,
451 2208 503 2249 nec
523 2209 582 2249 non
608 2191 729 2249 solitum
758 2197 913 2265 parentum
942 2193 1037 2249 sancti
1092 2210 1244 2266 nunquam
1260 2193 1382 2259 destitit,
1398 2194 1495 2265 quoad
1521 2191 1570 2249 ille
1598 2191 1688 2249 vixit:
1713 2192 1810 2265 ipsam
1833 2192 1920 2249 enim

215 2280 279 2352 viri,
294 2284 324 2338 et
338 2280 433 2355 ipsius
448 2282 536 2339 eiiam
552 2298 609 2337 non
629 2280 755 2337 modicia
783 2285 914 2354 tempore
941 2281 1036 2337 domi·
1092 2282 1282 2354 superstitem
1297 2281 1426 2339 siluisse
1438 2281 1562 2339 dubium
1575 2297 1634 2338 non
1649 2286 1705 2338 eet.

215 2370 326 2430 cilium.
1127 2372 1154 2427 9.
1171 2371 1345 2428 ambrosius
1360 2371 1432 2427 dum
1447 2370 1507 2443 egit
1521 2370 1628 2439 Ηοιιιω,
1653 2370 1814 2427 liberalibus
1836 2370 1922 2427 duci·

249 2462 276 2517 o.
294 2462 326 2517 ln
349 2460 401 2518 illa
427 2460 518 2535 igitur
543 2458 649 2516 harum
676 2458 804 2527 urbium,
831 2458 881 2515 uhi
909 2459 1037 2532 praelecti
1091 2461 1178 2533 plinii
1192 2458 1316 2531 (Paulin.
1333 2458 1364 2515 iu
1382 2461 1440 2517 Vita
1454 2459 1560 2529 Ambe,
1575 2476 1658 2515 num.
1674 2460 1833 2532 5loperam
1865 2460 1922 2515 de·

214 2549 558 2624 Galliarumpretorium
587 2552 659 2619 crat,
686 2548 716 2604 in
746 2549 842 2606 lucem
872 2548 969 2605 editus
993 2553 1038 2605 est
1092 2549 1144 2617 dit,
1162 2565 1354 2622 magnosque,
1372 2553 1454 2604 utex
1477 2551 1542 2621 ejus
1566 2547 1821 2605 lucubrationibus
1850 2547 1922 2605 licet

214 2644 313 2697 noster
327 2638 518 2695 Ambrosius:
532 2638 582 2693 ubi
598 2643 627 2694 et
650 2636 790 2695 Paulinus
818 2637 859 2711 (in
886 2639 945 2695 Vita
972 2638 1037 2693 irn-
1092 2655 1277 2709 cognusoers,
1293 2642 1322 2693 et
1337 2639 1366 2693 in
1377 2636 1651 2694 lectionebcnurum
1668 2644 1831 2703 auctorum,
1842 2640 1872 2692 et
1883 2636 1917 2692 iu

214 2730 297 2797 brea,
314 2745 343 2784 n.
360 2729 387 2797 3)
402 2727 570 2801 prodigium
596 2728 667 2783 illud
697 2732 840 2782 memorat
867 2726 1036 2798 contigisse,
1091 2726 1258 2781 Gaesarem
1275 2728 1437 2781 litterarum
1466 2726 1632 2798 cognitione
1661 2742 1832 2798 progressus
1860 2725 1916 2781 ha-

214 2815 454 2891 quoapieulasin
476 2833 508 2873 os
537 2815 674 2871 infantuli
699 2814 866 2871 alternatim
893 2814 1036 2870 intrantes
1091 2814 1164 2869 buit.
1182 2814 1583 2871 lndecumorandisinioro
1598 2814 1843 2870 causieanimum
1865 2814 1919 2871 ad-

214 2912 302 2980 atque
316 2910 467 2973 exeuntes,
483 2920 631 2961 summam
648 2902 729 2958 illius
743 2902 773 2957 in
789 2898 923 2969 dicendo,
948 2910 977 2957 et
1005 2905 1035 2961 in
1086 2903 1218 2974 jecisset,
1233 2907 1349 2958 tantum
1365 2920 1425 2975 pree
1440 2920 1472 2959 se
1485 2902 1553 2958 tulit
1563 2903 1685 2975 ingenii,
1697 2902 1870 2974 eloquentie
1883 2906 1915 2959 et

213 2994 383 3053 homiuibus
398 2993 434 3049 ad
450 2992 558 3049 Christi
573 2991 748 3063 obsequium
760 2989 933 3058 alliciendis,
943 2992 1037 3047 suavi·
1090 2992 1262 3064 gravitatis;
1279 2997 1313 3048 ut
1325 3009 1392 3048 eum
1407 2993 1520 3049 Probus
1535 2992 1670 3065 pretorio
1695 2992 1849 3063 prefectus
1876 2991 1915 3047 ad

212 3088 301 3141 tatem
316 3082 383 3140 sisae
399 3080 660 3154 suntportenderc.
1090 3081 1237 3137 eonsilium
1274 3080 1451 3137 tribuendam
1476 3080 1607 3154 eligeret.
1636 3080 1759 3153 Satyrus
1784 3096 1914 3153 quoque,

246 3175 275 3229 7.
303 3172 369 3244 (An.
399 3168 475 3243 353.)
502 3170 585 3225 Patre
615 3170 739 3237 mortuo,
768 3168 943 3225 Ambrosius
966 3154 1207 3242 cumeeracto
1222 3169 1388 3225 studiorum
1404 3186 1527 3227 suorum
1542 3168 1700 3236 curriculo,
1715 3169 1812 3225 lorum
1826 3184 1915 3225 mcu-

213 3266 306 3320 matre
321 3262 444 3317 Romam
460 3274 593 3315 reversus
608 3260 662 3324 est,
679 3272 737 3330 qua
751 3256 780 3313 in
805 3258 876 3313 urbe
892 3258 1034 3315 Marcelli·
1090 3262 1149 3325 tus,
1178 3259 1336 3314 incredibili
1367 3258 1561 3327 admiratione,
1590 3261 1623 3314 ut
1649 3258 1799 3315 Ambrosii
1824 3256 1916 3313 rerba

213 3345 1033 3422 nem,qeaeuiraiaitatem,ntPaulinustestatur(uum.i),
1089 3364 1277 3419 usurpemus,
1293 3350 1324 3403 in
1338 3347 1477 3404 auditorio
1498 3349 1670 3420 presecturae
1695 3348 1821 3404 sublimat
1842 3348 1914 3403 eni·

207 3440 269 3510 jem
285 3439 375 3509 suerat
387 3437 521 3509 professa,
551 3451 619 3491 cum
644 3434 702 3490 alia
724 3433 795 3491 item
816 3452 901 3492 sacru
924 3435 1035 3509 virgine
1088 3438 1146 3492 cuit
1159 3436 1207 3507 (lle
1219 3430 1447 3509 eaoeasaSatyri,
1463 3454 1492 3492 n.
1505 3438 1564 3509 29).
1581 3438 1614 3492 itt
1628 3452 1730 3493 revera
1754 3437 1840 3493 ambo
1868 3434 1914 3491 illi

211 3525 392 3584 habitantem
406 3524 715 3599 reperitssumautem
730 3524 901 3597 enipeumct
915 3526 1032 3581 Ambra·
1089 3525 1193 3581 fratres
1222 3526 1364 3582 virtutum
1391 3542 1514 3582 suarum
1550 3526 1691 3598 suffragio
1731 3524 1914 3583 clarissimas

211 3618 256 3675 sio
283 3632 459 3691 cognoscere
479 3613 517 3671 sit
545 3614 680 3671 eamdem
713 3612 900 3671 Marcellinan
928 3616 1033 3673 Liberii
1089 3631 1220 3688 quasque
1234 3614 1394 3688 dignitates
1413 3615 1540 3671 assecuti
1556 3619 1634 3683 sunt,
1650 3632 1725 3686 quas
1740 3631 1798 3687 quo
1810 3614 1913 3670 animo

212 3705 359 3779 pontilicis
375 3703 512 3761 manibus
525 3701 614 3757 natali
630 3702 677 3757 die
692 3701 798 3758 Christi
814 3704 931 3759 Domini
952 3704 1033 3761 llam·
1086 3703 1175 3759 iidem
1191 3703 1326 3771 adierint,
1344 3704 1421 3759 clare
1439 3704 1615 3776 significavit
1641 3702 1826 3768 amerosius,
1857 3702 1912 3759 ubi

208 3810 273 3853 meo
287 3791 424 3868 virginali
441 3792 532 3848 luisse
547 3795 746 3847 consecratam
763 3791 825 3860 (lib.
848 3806 879 3847 ιιι
895 3794 933 3847 lle
960 3796 1030 3865 virp.
1087 3792 1148 3848 hec
1162 3791 1252 3847 dixit:
1264 3794 1366 3849 sacelli
1388 3792 1471 3865 bajus
1496 3793 1619 3860 bonores,
1633 3792 1741 3865 inquit,
1762 3834 1770 3849 .
1792 3832 1799 3847 .
1822 3806 1912 3862 .quos

207 3900 271 3957 cap.
289 3884 315 3951 l,
329 3899 412 3939 uum.
428 3880 476 3953 ll:
493 3878 611 3937 aliunde
626 3896 693 3935 vero
709 3894 767 3936 non
797 3879 949 3935 dubitetur
960 3882 1032 3954 quin
1086 3880 1145 3937 ideo
1160 3881 1252 3954 adepti
1265 3898 1370 3950 remae,
1395 3898 1452 3938 noa
1474 3884 1542 3954 quia
1564 3882 1619 3953 suri
1643 3881 1796 3954 repetenda
1813 3895 1911 3936 eorum

206 3970 255 4030 ille
269 3971 401 4045 pontifex
415 3986 443 4025 ιιι
459 3967 522 4025 llal.
537 3967 642 4025 lunias
658 3965 726 4023 anni
742 3971 857 4022 tantum
878 3968 941 4037 352,
971 3972 1031 4026 sui·
1083 3971 1229 4042 perceptio,
1244 3969 1335 4026 sedec
1354 3969 1420 4025 uilis
1437 3968 1621 4025 dissimulatio
1645 3968 1785 4025 uideretur
1815 3966 1910 4039 (ibid,

204 4058 445 4119 lectuslueritin
461 4057 624 4115 decessoris
654 4056 700 4112 sui
728 4054 798 4137 Julii
828 4056 938 4125 sedem,
961 4057 1030 4115 hinc
1086 4074 1168 4116 num.
1182 4060 1239 4128 25).
1256 4058 1510 4124 Quemadmodum
1525 4061 1624 4115 autem
1643 4061 1764 4131 Satyrus
1790 4055 1911 4127 provin·

202 4147 433 4221 litcompertum
449 4144 623 4201 Marcelline
637 4142 885 4199 consecrationem
897 4161 955 4201 non
972 4146 1028 4203 nisi
1084 4148 1161 4204 ciam
1189 4147 1439 4204 administraverit
1476 4164 1537 4203 sue
1565 4162 1643 4203 curae
1670 4146 1821 4212 creditam,
1847 4161 1910 4203 non

200 4231 598 4297 veritaltanuariasanni,
622 4237 656 4289 ut
685 4232 855 4299 minimum,
883 4234 945 4303 353,
976 4241 1027 4292 aut
1083 4234 1202 4293 aliunde
1214 4235 1320 4292 melius
1335 4252 1425 4307 quam
1438 4252 1473 4292 ex
1501 4234 1557 4291 hoc
1585 4235 1713 4291 fraterno
1736 4232 1910 4291 testimonio

200 4324 299 4397 potius
315 4324 379 4394 354,
397 4321 459 4378 heri
477 4320 617 4395 potuisse.
634 4320 722 4378 Porro
751 4338 818 4378 cum
847 4323 883 4378 ad
907 4329 1024 4398 tempus
1082 4324 1194 4381 discere
1207 4323 1403 4395 lieotzoualis
1418 4326 1448 4381 in
1458 4326 1600 4381 uniuersos
1609 4324 1704 4394 seem,
1720 4322 1761 4378 ait
1772 4320 1831 4388 ille,
1839 4336 1910 4394 pro·

200 4412 395 4469 ambrosiano
411 4410 441 4466 in
456 4411 560 4466 urbem
576 4408 670 4465 reditu
687 4410 833 4483 posterius
851 4412 994 4469 reseratur
1010 4431 1027 4470 a
1080 4413 1245 4469 uineialiam
1258 4413 1356 4484 paitru
1369 4414 1495 4484 praefari,
1521 4412 1614 4468 studia
1632 4412 1729 4468 docem
1742 4411 1791 4481 qui
1808 4425 1910 4481 paren·

200 4500 322 4558 Paulino
337 4499 444 4573 saepius
460 4498 649 4565 hiccitando,
666 4499 833 4571 quodidsm
850 4502 1024 4559 Ambrosius
1039 4523 1064 4587 Ι)
1080 4503 1135 4557 tem
1161 4503 1253 4571 magis
1279 4503 1434 4573 propriam,
1457 4517 1542 4572 quam
1564 4500 1689 4573 judicem
1712 4492 1907 4571 toaroebnat‘ar.
1982 4528 1986 4534 ,

201 4605 308 4646 manus
323 4604 393 4645 suas
408 4590 550 4661 tanquam
566 4588 656 4643 interi
671 4587 800 4662 episcopi
811 4589 1023 4647 exosculandas
1077 4598 1187 4661 pratum
1219 4591 1273 4661 pie
1312 4589 1521 4645 necessitudinis
1553 4589 1701 4654 arbitram,
1733 4589 1908 4644 machetem

200 4676 303 4751 puelle
319 4676 480 4750 porrigeret
490 4680 668 4743 memorate,
684 4692 717 4733 ex
733 4675 800 4733 lusu
815 4675 865 4734 illo
876 4695 945 4734 sane
956 4695 1025 4750 pue·
1078 4680 1150 4750 aqui
1173 4678 1249 4749 juris
1263 4677 1467 4749 temptatorem
1482 4676 1561 4748 (ibid.
1575 4692 1657 4732 num.
1673 4676 1730 4746 58).

161 4761 166 4771 ’
200 4766 245 4823 rili
262 4766 335 4825 satis
346 4764 495 4839 colligitur
510 4764 684 4821 Pauliniaua
711 4766 809 4833 verba,
837 4782 900 4823 cem
927 4766 1023 4823 adole-
1114 4767 1155 4821 10.
1174 4767 1240 4839 (Aa.
1256 4767 1331 4837 375.)
1359 4766 1453 4830 Onam
1467 4766 1615 4839 regionem
1643 4764 1766 4837 Satyrus
1800 4778 1907 4836 ragam

198 4857 290 4929 vissei,
308 4853 542 4928 potiorijnredc
562 4854 655 4910 sancti
684 4856 776 4910 nostri
807 4871 883 4912 auno
910 4873 948 4911 ιιιι
978 4856 1022 4912 vel
1078 4855 1147 4911 dum
1168 4855 1321 4928 acceperit,
1346 4855 1468 4911 minime
1497 4859 1630 4911 constat:
1661 4854 1740 4926 quod
1768 4868 1837 4908 vero
1865 4853 1904 4909 ad

198 4962 247 5001 arra
262 4942 399 5017 intelligi,
416 4958 504 5015 quam
521 4942 556 4998 de
571 4960 619 4997 arx
634 4946 685 4999 aut
699 4960 745 4999 xx.
761 4942 842 5000 Unde
860 4942 933 5000 illud
964 4961 1022 5001 non
1077 4944 1277 5014 Ambrosium,
1301 4944 1413 5000 Probus
1439 4944 1502 5015 jam
1531 4947 1599 4999 ante
1625 4946 1806 4999 memoratus
1833 4956 1905 4998 eum

198 5031 299 5089 leviter
314 5035 410 5105 potest
423 5032 607 5099 confirmare,
623 5033 702 5105 quod
710 5032 855 5089 Ambrosii
867 5039 1023 5089 ortumau-
1077 5032 1205 5105 prefecit
1218 5032 1342 5106 Liguria
1357 5035 1445 5105 utque
1459 5031 1593 5099 AEmiliae,
1608 5031 1717 5104 quibus
1744 5028 1906 5103 provinciis

197 5138 234 5177 no
249 5122 304 5177 3⁴0
320 5120 549 5195 assignavimus.
1076 5119 1360 5193 archiepiscopatum
1402 5118 1664 5190 Mediolanensem,
1713 5116 1904 5190 Liguriarum

229 5211 256 5265 8.
280 5209 427 5266 llducatus
454 5210 484 5265 in
514 5210 705 5266 contubernio
733 5208 838 5265 harum
868 5210 1020 5281 virgiuum
1074 5209 1298 5278 Taurinensem,
1327 5208 1522 5277 Ganuensem,
1551 5214 1642 5281 atque
1684 5206 1904 5264 Bononiensem

193 5302 294 5354 noster
307 5298 494 5365 Ambrosius,
519 5299 587 5355 inde
615 5302 696 5354 tauto
726 5314 795 5371 erga
822 5298 1020 5371 virginitatem
1076 5297 1283 5370 comprehendi
1299 5296 1385 5370 vulgo
1401 5296 1761 5369 existimantcumporm
1776 5294 1904 5351 Ambro-

193 5390 282 5459 atquc
295 5384 462 5441 celibatum
478 5402 577 5445 amore
590 5388 712 5443 adactus
728 5392 781 5454 cst,
798 5390 831 5441 ut
856 5385 930 5442 illud
954 5388 1019 5443 vita
1075 5386 1152 5443 sium
1168 5385 1239 5442 illue
1254 5386 1306 5442 abs
1334 5401 1366 5442 se
1387 5386 1499 5442 Probus
1528 5385 1700 5452 dimitteret,
1727 5399 1795 5440 cum
1819 5381 1905 5439 hisee

193 5490 288 5549 genus
303 5489 364 5530 non
380 5474 467 5531 modu
482 5473 545 5549 ipse
559 5492 676 5549 semper
690 5474 813 5532 coluerit
842 5492 930 5547 quam
958 5482 1020 5533 sta·
1073 5472 1455 5532 verbisierturallocutus:
1475 5474 1555 5543 Vade,
1583 5472 1689 5546 inquit,
1717 5488 1768 5543 ape
1785 5486 1841 5527 aaa
1869 5479 1906 5531 ut

194 5562 373 5641 diesissime,
389 5580 491 5627 veruna
505 5564 594 5627 etiem
605 5566 673 5629 tetis
682 5564 794 5627 viribus
804 5563 889 5647 louge
902 5563 1019 5647 lateque
1069 5564 1167 5645 judea,
1194 5565 1299 5626 edat
1325 5562 1669 5647 spiramentum
1703 5563 1766 5623 Vita
1802 5560 1904 5629 aab.
