4159 6184
238 350 293 409 611
968 342 1000 403 S.
1025 338 1212 404 encausti
1866 347 1914 410 ott

237 481 338 551 (111111).
355 502 369 527 u
387 478 442 531 Pax
457 476 487 531 in
502 476 574 532 coelo
590 482 642 533 est.
659 476 789 547 Denique
799 475 834 530 de
855 474 926 531 coelo
940 474 1062 531 veniens
1079 486 1102 541 Α
1154 479 1199 530 28.
1217 476 1271 530 Sed
1289 478 1412 530 tortasse
1428 473 1526 528 dicas:
1552 472 1701 539 Quomodo
1726 490 1790 547 ergo
1804 476 1846 532 hic
1859 480 1917 536 dicit

236 568 322 624 dicit:
350 590 363 616 «
390 565 494 621 Pacem
522 582 617 621 meam
641 566 678 621 do
701 565 793 633 vobis,
812 580 911 636 pacem
929 562 1063 635 relinquo
1119 564 1218 637 fugam
1243 581 1260 618 a
1288 580 1319 619 se
1347 562 1478 635 periisse,
1495 561 1544 635 qui
1573 578 1663 633 supra
1691 561 1824 621 dixerat:
1853 588 1866 617 a
1888 568 1911 623 si

234 657 317 714 vobis
333 654 422 727 (foen.
439 672 497 723 arv,
514 655 568 725 27).
587 653 690 725 »Ergo
714 654 783 725 qnia
808 652 946 725 fugienda
969 657 998 709 et
1013 652 1063 707 de·
1119 670 1274 726 sumpsero
1286 669 1398 725 pennas
1422 667 1503 707 meas
1518 655 1584 706 ante
1600 649 1694 707 lucem
1705 652 1788 723 (Prot.
1803 670 1917 726 cxxxviii,

236 745 375 801 clinanda
390 749 461 800 suut
472 742 569 799 mala:
587 742 665 797 mala
679 748 777 797 autem
802 742 940 808 interris,
956 742 986 796 in
1002 748 1063 795 trr—
1119 742 1171 810 9)‘l
1187 764 1202 791 u
1217 740 1366 813 Numquid
1378 739 1556 796 contrarium
1569 740 1637 794 est?
1652 740 1743 796 absit.
1759 741 1844 798 Multa
1854 745 1918 800 enim

235 835 276 891 ris
299 834 472 907 iniquitates
494 851 500 888 :
528 832 677 903 fugiamus
700 838 825 890 terrena.
851 846 887 886 ne
911 848 966 886 nos
980 847 1063 885 corn·
1115 830 1264 901 justorum
1277 829 1446 884 certamina.
1461 827 1611 899 Numquid
1624 831 1712 885 semel
1725 829 1829 887 athleta
1841 831 1919 889 luota-

236 923 417 995 prehendant
454 920 634 991 iniquitaten,
679 936 743 992 quae
790 919 880 975 etiarn
925 923 1062 975 sanctum

234 1010 522 1081 comprehenderunt
532 1008 634 1076 David,
646 1007 796 1079 sicutipse
807 1012 930 1064 testatur
940 1008 1040 1063 dicens
1054 1024 1060 1061 :

237 1098 557 1169 «comprehenderunt
580 1113 627 1151 me
651 1096 822 1169 iniquitates
847 1114 927 1161 mere,
952 1100 981 1151 et
1004 1114 1061 1151 non

233 1186 315 1259 potui
338 1191 372 1242 ut
386 1186 512 1241 viderem
538 1186 623 1257 (Paul.
639 1203 733 1253 11111111,
761 1186 823 1253 13);
843 1207 856 1235 »
872 1202 905 1241 co
920 1185 997 1257 quod
1014 1187 1062 1239 fu-

233 1291 281 1330 mo
306 1275 471 1347 iniquitatis
497 1274 600 1330 oculus
625 1276 729 1330 anirnoe
755 1279 889 1341 cecatur,
914 1274 1061 1331 nevideat

233 1380 296 1434 quaa
320 1370 391 1419 sunt
414 1363 522 1419 lucida.
548 1364 594 1417 Sio
619 1380 687 1433 ergo
712 1368 738 1417 et
756 1363 853 1417 laban
880 1364 955 1417 burra
970 1362 1060 1416 Jacob

232 1452 328 1507 videre
340 1469 396 1508 non
414 1454 519 1524 potuit,
532 1458 559 1505 ct.
571 1452 707 1523 princeps
718 1452 808 1521 hujus
820 1452 921 1505 mundi
935 1450 1058 1522 glorium

198 1598 199 1605 ,
236 1539 354 1597 Christi.

265 1631 310 1683 26.
327 1629 383 1685 Sed
407 1628 481 1683 forte
506 1630 606 1684 dicas:
623 1630 682 1683 Cur
697 1628 787 1701 igitur
801 1629 891 1683 Jacob
907 1628 943 1683 ad
960 1629 1058 1682 Laban

232 1717 343 1773 missus
367 1722 423 1783 est,
449 1718 473 1771 si
499 1719 597 1773 Laban
622 1716 884 1789 reprehensibilis?
900 1716 928 1772 Si
953 1733 1059 1771 nomen

232 1806 463 1873 consideremus,
490 1806 633 1861 candidus
658 1806 766 1861 dicitur
780 1806 880 1861 Latine
900 1806 965 1875 (211).
984 1806 1058 1873 llrgo

232 1895 268 1949 ad
294 1894 494 1966 splendidiora
512 1895 635 1964 jubetur
658 1895 755 1967 egredi
778 1895 876 1950 Jacob.
910 1894 964 1949 Sed
989 1894 1059 1966 quia

232 1984 309 2040 421)
325 1982 451 2039 carnalis
462 1988 534 2047 erat,
545 1983 653 2039 melius
663 1983 856 2055 intelligimus
881 1982 1058 2054 splendidio-

231 2088 265 2127 ra
279 2072 343 2126 vitre
359 2072 459 2144 hujus.
476 2072 563 2137 Otiosi
590 2073 719 2127 nondum
746 2072 890 2143 perfectus
912 2071 1004 2142 perimo
1020 2072 1057 2127 ad

231 2176 297 2216 eum
309 2161 399 2225 vadit,
411 2162 488 2233 apud
504 2176 591 2231 quem
608 2162 642 2215 ad
661 2160 762 2215 boram
774 2159 931 2215 exsultaret
946 2160 975 2214 in
994 2158 1057 2215 luce

232 2250 306 2319 ejus.
337 2248 425 2304 Filios
454 2254 551 2303 autem
581 2248 737 2304 deteriores
765 2249 901 2315 habebat,
931 2249 959 2302 id
1001 2254 1055 2316 est,

231 2337 412 2393 tolerabilius
429 2354 545 2403 nomen,
565 2355 653 2409 qaum
669 2355 765 2410 opera.
784 2338 816 2391 ln
831 2338 894 2392 idco
910 2346 939 2393 ct
955 2338 1056 2392 matris

231 2426 363 2491 oonsilio,
380 2432 408 2481 et
423 2426 520 2481 divino
538 2426 666 2491 oraculo,
682 2432 710 2481 et
733 2427 827 2498 ipsius
840 2427 928 2482 Jacob
944 2432 1056 2481 umato·

232 2514 272 2570 ris
287 2513 449 2587 disciplinae
465 2513 615 2570 voluntate
631 2514 687 2570 cito
704 2514 848 2571 deseritur
867 2532 900 2570 ac
914 2514 1056 2587 relinqui-

233 2608 290 2657 tur.

265 2692 309 2745 27.
327 2692 489 2747 abscondit
513 2697 610 2748 autern
637 2692 796 2748 simulacra
819 2698 921 2748 sancta
937 2691 1054 2759 ltacbel,

231 2778 260 2835 id
272 2784 325 2844 est,
351 2780 489 2847 Ecclesia,
516 2780 557 2835 vel
583 2780 749 2852 prudentia,
765 2782 835 2852 quia
849 2781 977 2836 Ecclesia
992 2780 1055 2835 ina·

1119 919 1192 976 tur?
1215 918 1334 984 Quoties
1357 922 1425 990 post
1439 934 1562 973 coronas
1577 917 1820 975 multasvincitur
1832 919 1859 975 in
1873 920 1920 978 alio

1117 1006 1296 1063 certamino!
1322 1006 1442 1072 Quoties
1465 1006 1516 1078 qui
1549 1022 1625 1077 saepe
1648 1007 1766 1073 vicerat,
1789 1008 1918 1065 interdum

1117 1097 1252 1161 fluctuat,
1278 1099 1305 1150 et
1329 1095 1441 1151 incerto
1455 1094 1562 1151 haeret!
1580 1096 1616 1151 tlt
1631 1112 1706 1167 sape
1720 1096 1753 1151 tit
1767 1101 1799 1151 ut
1811 1096 1919 1153 fortibus

1118 1185 1200 1239 fortis
1212 1183 1428 1255 congrediatur,
1444 1184 1615 1256 maioraque
1625 1184 1758 1239 oriantur
1767 1186 1919 1253 certamina,

1117 1273 1167 1327 ulii
1188 1274 1300 1344 majora
1315 1272 1421 1327 virium
1435 1273 1621 1328 documenta.
1638 1274 1712 1345 llrgo
1722 1273 1809 1329 David
1825 1274 1870 1329 nbi
1883 1275 1921 1328 fn·

1116 1378 1184 1434 gam
1201 1362 1359 1433 quaerebat,
1390 1366 1422 1415 ut
1450 1362 1583 1418 evaderet
1612 1362 1820 1429 adversarium,
1834 1368 1859 1419 et
1872 1381 1920 1418 non

1116 1450 1283 1505 inveniebat
1294 1466 1405 1520 pennas
1417 1449 1619 1521 suas,ancip,iti
1630 1450 1789 1505 fluctuabat
1803 1451 1922 1507 certami-

1115 1555 1161 1593 ne.
1178 1538 1330 1609 Siquidem
1346 1538 1395 1591 ubi
1420 1537 1450 1592 in
1466 1543 1607 1609 potestate
1628 1538 1716 1593 babet
1730 1555 1837 1609 pennas
1851 1556 1919 1605 suas,

1114 1626 1219 1681 titulus
1234 1624 1341 1697 psalmi
1358 1646 1372 1674 u
1388 1626 1416 1679 in
1443 1626 1531 1681 tinem
1548 1647 1562 1674 »
1578 1630 1622 1681 est
1648 1626 1732 1696 (Paul.
1747 1630 1884 1698 cxxxviii),
1898 1627 1921 1681 id

1113 1720 1159 1770 est
1173 1715 1208 1770 ad
1224 1714 1432 1787 perfectionem
1459 1719 1487 1769 et
1501 1714 1785 1770 consummationem
1799 1714 1920 1771 victorie.

1114 1804 1246 1874 Denique
1261 1803 1344 1874 quasi
1357 1803 1449 1857 victor
1459 1802 1549 1859 dicit:
1567 1824 1581 1851 «
1596 1803 1730 1868 Domine,
1746 1804 1870 1876 probasti
1883 1820 1921 1858 me

1113 1898 1141 1948 et
1156 1891 1316 1964 cognovisti
1341 1906 1406 1947 me:
1423 1896 1453 1945 tu
1479 1891 1638 1965 cognovisti
1654 1892 1814 1950 sessionem
1829 1909 1921 1961 meam,

1112 1985 1141 2037 et
1155 1981 1398 2037 resurrectionem
1415 1996 1510 2035 meam
1526 1981 1604 2052 (ibid.
1632 1981 1658 2049 1,
1672 1984 1713 2049 2).
1729 2004 1743 2031 a
1770 1982 1866 2037 Merito
1879 1982 1922 2036 ha·

1113 2070 1200 2125 babet
1215 2069 1383 2124 facrrltatem
1408 2068 1535 2135 volandi,
1556 2069 1605 2141 qui
1620 2085 1736 2141 pennas
1751 2071 1922 2127 resurreetio·

1112 2159 1159 2213 nis
1184 2161 1343 2227 acceperat.
1369 2157 1421 2212 Hic
1445 2161 1543 2213 alitem
1567 2156 1661 2213 adhrrc
1680 2159 1713 2214 in
1729 2158 1922 2232 speluncaest,

1112 2246 1142 2301 id
1158 2247 1245 2301 estin
1262 2262 1358 2311 carne,
1384 2246 1413 2299 in
1430 2251 1513 2301 antro
1540 2248 1667 2318 quodam
1692 2248 1782 2307 istius
1797 2246 1922 2320 corporis,

1112 2353 1179 2391 cum
1196 2352 1262 2406 rege
1285 2334 1354 2391 Saul
1380 2334 1440 2389 filio
1465 2336 1589 2400 duritia,
1604 2340 1633 2392 et
1647 2336 1842 2411 intelligibilis
1855 2335 1923 2391 illius

1112 2424 1253 2497 principis
1265 2427 1406 2496 potestate
1421 2424 1591 2491 decernens,
1607 2425 1656 2497 qui
1674 2443 1736 2481 non
1746 2426 1868 2491 videtur,
1882 2424 1923 2480 sed

1112 2512 1294 2585 intelligitur.
1320 2512 1401 2568 Unde
1425 2518 1454 2568 et
1478 2512 1585 2584 psalmi
1609 2514 1728 2584 titulus,
1743 2513 1922 2570 intellectus»

1111 2601 1256 2673 est(Psol.
1283 2618 1339 2667 arv,
1364 2601 1401 2671 l),
1427 2618 1515 2673 quam
1539 2606 1636 2658 tamen
1656 2602 1756 2667 David
1780 2600 1923 2676 positusiu

1111 2706 1198 2745 carne
1235 2688 1407 2744 conclusit:
1435 2690 1486 2745 sed
1515 2695 1548 2745 ut
1584 2690 1776 2749 concluderet
1812 2690 1924 2763 rogando

1111 2776 1227 2833 meruit.
1245 2777 1376 2849 Denique
1393 2794 1409 2832 a
1424 2795 1493 2839 voce
1508 2779 1685 2851 precationis
1698 2781 1796 2854 coepit.

232 2886 283 2923 nes
298 2869 389 2935 ideas,
415 2875 443 2925 et
459 2886 548 2925 vanas
573 2871 665 2924 nescit
683 2870 907 2924 simulacrorum
925 2870 1053 2941 figuras:
1144 2867 1190 2921 29.
1207 2866 1289 2920 auos
1303 2865 1387 2932 illud,
1404 2868 1482 2937 quod
1499 2866 1547 2921 ille
1573 2884 1608 2922 ex
1633 2884 1763 2939 persona
1779 2865 1923 2925 Salvatoris

132 2966 134 2973 '
234 2956 284 3011 sed
299 2973 397 3011 veram
414 2958 493 3012 novit
505 2956 658 3013 Trinitatis
687 2958 894 3013 substantium.
924 2958 1055 3029 Denique
1110 2954 1242 3025 psalmus
1258 2953 1796 3031 dicitur;isteexpersonaliavid‚qui
1813 2956 1842 3012 in
1856 2954 1922 3012 aa·

232 3043 368 3099 umbram
380 3044 513 3109 abolevit,
531 3044 715 3116 splendorem
731 3045 829 3117 glorie
845 3046 1053 3101 manifestavit.
1110 3047 1251 3116 potestate
1275 3060 1333 3098 non
1358 3044 1485 3099 habebat
1509 3043 1670 3111 victoriam,
1690 3048 1744 3103 sed
1771 3045 1925 3118 sperabata

232 3130 445 3205 Relinquamns
460 3150 529 3205 ergo
540 3134 688 3202 umbram,
706 3134 755 3207 qui
772 3133 860 3191 solem
874 3134 1053 3205 quaerimus:
1109 3132 1242 3199 Christo;
1267 3138 1296 3187 et
1320 3132 1383 3204 ipse
1405 3136 1505 3188 tamen
1534 3140 1728 3206 posteaquam
1749 3132 1883 3209 expandit
1894 3130 1923 3186 ad

230 3222 401 3277 deseramus
430 3222 555 3291 fumum,
573 3223 624 3294 qui
646 3222 746 3279 lumen
761 3224 925 3295 sequimur.
943 3225 1053 3280 fumus
1069 3207 1090 3273 C
1109 3222 1201 3277 Deum
1216 3238 1322 3277 manns
1338 3238 1418 3288 suas,
1433 3227 1575 3295 tanquam
1600 3239 1717 3294 pennas
1739 3224 1841 3283 anirnae
1863 3237 1925 3284 sua,

229 3310 371 3382 iniquitas
394 3316 440 3367 est
452 3328 458 3366 :
470 3310 538 3382 quia
553 3312 629 3368 sicut
644 3311 743 3367 fumus
758 3312 860 3381 oculis,
886 3313 927 3368 sic
943 3313 1053 3387 iniqui·
1108 3315 1136 3365 et
1152 3311 1282 3383 confugit
1297 3311 1333 3365 ad
1348 3310 1518 3376 Dominum,
1545 3316 1573 3366 et
1587 3311 1719 3383 Spiritus
1738 3312 1832 3368 sancti
1847 3310 1926 3366 dedu·

230 3404 304 3455 tates
319 3399 470 3455 utentibus
500 3417 533 3455 ea
561 3399 630 3456 vita.
661 3399 770 3458 Umbra
793 3401 930 3457 vituest:
949 3403 1054 3458 umbra
1107 3400 1230 3454 ctionem
1248 3400 1390 3471 poposcit,
1407 3415 1466 3471 quo
1481 3404 1669 3473 cognosceret
1685 3402 1765 3457 viam
1781 3418 1831 3474 per
1845 3414 1924 3471 quam

229 3488 308 3543 enim
325 3488 379 3559 (17)
403 3492 448 3544 est
473 3493 573 3543 nostra
597 3487 657 3543 hac
671 3490 731 3544 vita
751 3490 780 3545 in
798 3493 883 3557 terra,
900 3490 975 3545 sicut
998 3491 1054 3545 lob
1107 3491 1207 3559 posset
1220 3487 1388 3555 ascendere,
1404 3486 1540 3543 inclinari
1552 3487 1623 3543 vidit
1638 3489 1741 3556 coelos,
1755 3496 1789 3545 ut
1800 3487 1922 3545 Christus

230 3575 505 3647 distabuerunt).
522 3576 594 3642 Quid
621 3577 742 3649 insuper
766 3576 812 3634 bic
836 3578 893 3634 nisi
918 3579 1052 3634 tentatio·
1108 3576 1305 3639 descenderet,
1321 3580 1350 3631 et
1364 3575 1477 3646 rogavit
1501 3580 1534 3631 ut
1548 3592 1615 3631 eum
1632 3575 1745 3634 levaret
1764 3594 1853 3633 manu
1867 3590 1923 3631 sua.

231 3664 588 3735 nestmneternpusiu
614 3665 1053 3729 sollicitudine,omnisvitain
1108 3666 1255 3720 autferte
1279 3666 1345 3719 idco
1368 3680 1481 3736 pennas
1504 3682 1574 3721 suas
1593 3668 1656 3736 jam
1682 3684 1743 3723 non
1776 3664 1925 3739 querebat,

231 3753 384 3809 molestiis.
402 3774 416 3805 «
433 3753 463 3809 ln
480 3754 585 3823 medio,
601 3754 709 3826 inquit,
725 3756 897 3827 laqueorum
920 3756 1052 3812 ambula·
1108 3755 1177 3827 quia
1200 3754 1355 3826 perfectior
1379 3754 1474 3809 faetus
1502 3770 1623 3809 manum
1647 3755 1759 3811 Christi
1788 3753 1926 3811 desidera-

232 3842 511 3913 mustffreli.1x,20).
530 3864 543 3889 a
559 3843 594 3897 Et
609 3841 684 3897 alius
700 3842 856 3915 inviaque
870 3843 1051 3912 ambulabat,
1108 3844 1167 3899 bat.

231 3935 362 3987 extentos
377 3930 431 3985 sibi
449 3932 498 3985 sed
528 3930 715 3987 absconditos
741 3930 861 4003 laqueos
877 3932 1054 4003 querebatur
1142 3934 1186 3988 30.
1203 3932 1256 3996 Qui
1271 3931 1333 3987 vult
1348 3932 1438 4003 igitur
1448 3949 1537 3988 manu
1549 3932 1655 3987 Christi
1671 3932 1776 3997 levari,
1793 3936 1858 3988 ante
1871 3928 1927 4001 ipse

230 4020 315 4087 (Psoi.
346 4036 419 4083 oxnr,
448 4020 488 4089 4),
517 4019 768 4092 nedeprebensus
792 4021 915 4077 caderet.
932 4020 1054 4077 Volebat
1107 4020 1209 4087 evolat,
1235 4020 1341 4075 habeat
1365 4036 1476 4092 pennas
1501 4038 1580 4077 suas.
1606 4022 1659 4088 Qui
1686 4022 1765 4094 fugit
1786 4017 1925 4079 saeculum,

230 4108 329 4181 sugere
343 4109 421 4163 sicut
436 4124 553 4179 passer:
571 4109 621 4163 sed
647 4108 743 4163 adbuc
767 4107 889 4180 laqueus
910 4109 1053 4165 contritus
1107 4126 1218 4181 pennas
1240 4109 1364 4176 babeat3
1381 4113 1410 4164 et
1430 4109 1454 4164 si
1472 4126 1541 4165 suas
1556 4127 1614 4165 nou
1630 4109 1722 4166 habet
1735 4115 1787 4183 (ne
1802 4110 1873 4165 forte
1885 4103 1928 4160 ille

116 4204 125 4211 ’
230 4215 287 4252 non
314 4202 385 4253 erat.
416 4219 429 4247 «
459 4197 558 4263 Periit,
587 4197 691 4270 inquit,
723 4198 822 4269 fugaa
846 4198 1008 4268 1111111111).
1037 4223 1052 4249 u
1106 4198 1188 4254 solus
1212 4197 1319 4254 habeat
1341 4213 1410 4253 suas
1435 4198 1491 4270 (28)
1508 4198 1558 4271 qui
1582 4202 1761 4271 potestatem
1785 4199 1927 4255 babetvo·

230 4286 369 4342 Gravatas
393 4286 518 4341 habebat
542 4302 652 4358 pennas
672 4302 723 4358 per
753 4286 834 4342 illam
866 4291 1052 4345 tenebrosam
1107 4282 1927 4360 landi)sisuas,inquam,nonhabetabecquibabet.

230 4390 335 4445 aquarn
351 4374 381 4429 in
406 4374 536 4431 nubibus
559 4375 646 4436 aeris,
671 4380 699 4430 et
723 4375 845 4431 fortasse
860 4375 973 4431 evolare
993 4394 1051 4432 non
1107 4374 1240 4447 accipiat.
1257 4374 1311 4440 Oui
1336 4374 1412 4447 fugit
1435 4392 1503 4448 ergo
1529 4374 1680 4441 saeculum,
1697 4376 1830 4433 volatzv
1856 4374 1928 4433 Ecce,

229 4466 352 4535 potarat.
379 4462 505 4535 Denique
528 4463 595 4520 illas
619 4480 729 4534 pennas
745 4465 893 4535 querebat
909 4466 1050 4537 accipere,
1107 4463 1212 4536 inquit,
1236 4462 1369 4536 elongavi
1393 4463 1519 4535 fugiens,
1545 4468 1573 4519 et
1596 4465 1691 4521 mansi
1720 4465 1752 4521 in
1781 4459 1929 4520 solitudine

230 4551 403 4607 utevolaret
430 4552 688 4623 et'requiescerct,
720 4553 797 4608 sieut
826 4553 1051 4626 scriptumest:
1070 4550 1566 4638 911111111νὸ).»111011111111130
1590 4552 1681 4608 David
1709 4554 1793 4609 sicut
1812 4548 1930 4624 nyctico-

229 4663 243 4690 «
261 4640 332 4706 Quis
348 4640 428 4697 dabit
443 4640 515 4695 mihi
531 4657 643 4712 pennas
660 4640 736 4696 siout
762 4641 915 4706 columba,
931 4647 959 4698 et
973 4644 1053 4699 vola·

229 4727 276 4796 bo,
291 4733 320 4784 et
336 4729 517 4801 requiescam
534 4728 619 4799 (Prot.
637 4746 690 4793 mv,
706 4730 758 4800 'lt‘l
773 4752 786 4779 «
811 4730 863 4785 Ubi
880 4730 958 4786 anim
973 4733 1052 4787 vola-

146 4872 153 4889 ,
228 4823 288 4883 tus,
314 4817 354 4872 ibi
370 4816 496 4889 requies.
514 4815 643 4888 Denique
658 4816 727 4871 alibi
744 4818 831 4873 dicit:
850 4820 906 4874 «Si
924 4820 1052 4877 dormia-

228 4904 267 4961 tis
281 4904 358 4961 inter
373 4906 485 4961 medios
501 4903 604 4970 eleros,
633 4921 734 4977 penore
754 4906 893 4963 columbae
909 4908 1051 4983 deargen-

229 4998 295 5050 tatae
313 4996 398 5065 (Ptol.
416 5011 500 5063 11111,
520 4994 573 5067 tt).
591 5016 605 5043 »

260 5231 312 5291 (27)
357 5230 411 5279 Tot·
452 5228 526 5287 ἐστὶν,
559 5227 591 5287 εἰς
621 5226 662 5285 τᾶς
700 5230 743 5276 τοῦ
791 5227 841 5291 βίου
880 5228 1054 5293 λαμπρότητας

230 5306 358 5440 vitiu
373 5308 521 5427 111111
537 5299 1055 5429 ἐ111111111111111,111

230 5387 680 5513 ecnube’qisrmpreuumaar.
715 5386 726 5442 J
1039 5391 1054 5429 s

265 5511 322 5584 (27)
338 5512 407 5567 diss.
425 5516 634 5585 propemodum
661 5530 763 5569 omnes
779 5514 822 5571 sie
842 5513 959 5569 hubent,
977 5516 1053 5570 Edit.

230 5586 328 5639 autem
356 5588 423 5639 vet..
452 5586 590 5641 artantibus
618 5602 650 5642 eu
677 5586 830 5642 umbraret
859 5588 932 5644 oitae.
956 5586 1056 5645 llmlra

230 5655 313 5724 enim,
337 5657 393 5711 etc.
419 5654 503 5713 Rom.
528 5656 768 5725 venementius
791 5674 834 5719 eo.
860 5658 958 5717 Umbro
972 5660 1056 5721 ettam

1108 4658 1159 4695 rax
1171 4641 1201 4694 in
1218 4640 1377 4706 domicilio,
1394 4641 1471 4697 sicut
1495 4658 1597 4715 passer
1615 4642 1782 4714 singularis
1797 4641 1827 4696 in
1841 4639 1928 4694 domo.

1108 4729 1139 4785 Si
1154 4733 1252 4784 autem
1267 4729 1301 4783 ad
1316 4728 1466 4785 Christum
1481 4730 1600 4798 referas,
1616 4727 1746 4786 evolavit
1761 4730 1792 4785 iu
1809 4723 1932 4798 corporis

1109 4816 1253 4889 passione,
1270 4821 1302 4871 ut
1317 4816 1372 4873 sub
1387 4818 1493 4874 umbra
1506 4816 1619 4873 alarum
1630 4834 1758 4873 suarum
1775 4810 1933 4890 protegeret

1108 4906 1233 4978 populos
1244 4905 1408 4961 nationum.
1424 4905 1554 4962 Evolavit
1565 4906 1730 4966 divinitate.
1749 4903 1863 4962 mansit
1876 4913 1933 4955 cor·

1109 5012 1188 5067 pore,
1204 5000 1292 5065 atque
1318 4995 1459 5051 habitavit
1473 4996 1504 5051 in
1517 4998 1649 5061 deserto,
1665 4999 1700 5050 ut
1716 4994 1821 5066 plures
1837 4987 1932 5046 fierent

1108 5087 1228 5139 deserte
1244 5082 1306 5149 dlii,
1325 5100 1415 5155 quam
1431 5085 1495 5156 ejus
1511 5101 1574 5157 qua
1594 5082 1724 5139 habebat
1738 5082 1849 5138 virum.
1866 5070 1932 5133 illud

1108 5231 1147 5284 est
1162 5226 1328 5308 nostro'lroec
1342 5229 1410 5293 vitu,
1425 5232 1479 5283 etc.
1660 5297 1665 5309 Ι
1732 5297 1738 5307 .

1109 5292 1934 5434 1111111111111111111111111111

1108 5443 1182 5497 solus
1205 5442 1304 5529 lateat
1326 5458 1409 5506 aarum
1431 5443 1548 5525 videtur
1573 5441 1649 5499 enim
1666 5454 1720 5565 qer
1734 5437 1801 5493 brec
1815 5429 1933 5489 indicto

1110 5512 1206 5569 solum
1222 5512 1373 5594 hbrrstnm
1388 5530 1522 5597 proprias
1537 5530 1649 5585 pennas
1690 5510 1804 5565 abore:
1821 5508 1933 5588 ceteros

1110 5589 1208 5641 autem
1234 5583 1338 5640 alienis
1364 5601 1480 5657 pennis,
1506 5586 1560 5642 boc
1583 5591 1638 5654 ast,
1660 5584 1783 5655 accepto
1798 5573 1934 5635 divinitus

1111 5654 1244 5717 subsidio
1258 5654 1400 5733 indigere.
