4159 6184
139 403 204 468 ’1193

678 405 794 471 trualt
815 400 1032 474 balastra
1053 407 1317 475 Paestanum.

1784 398 1844 467 414

182 533 396 621 majoredomus
411 533 621 625 confirmantur.
638 539 701 610 (1444
716 543 810 597 omnic
833 539 866 597 de
886 540 1009 627 PoatiA
1023 543 1097 601 dura
1111 542 1187 617 (4444.
1202 560 1270 612 xm,
1285 543 1324 615 7),
1350 564 1365 594 u
1392 534 1462 616 qula
1484 535 1541 615 ipsi
1563 553 1622 596 noa
1646 534 1845 610 agnoscebant

182 613 318 668 ’1041111οΜ
332 609 583 682 mmmmm,
599 628 701 670 ”wilm
726 613 884 671 4443304414
903 614 966 686 444·
1022 650 1100 701 eum,
1126 650 1143 690 a
1167 650 1225 706 quo
1250 632 1492 705 agnoscebantur.
1516 627 1598 686 Pauli
1628 627 1719 700 igitar
1740 626 1844 682 merito

182 681 485 754 dstitotccxpoountur.

181 807 223 863 46.
241 806 407 862 venabatur
420 811 517 864 tamen
534 809 685 879 Banjamin
699 809 810 880 junior,
826 814 855 865 44
875 807 968 882 patrio

147 895 240 952 adbuc
255 895 421 952 adhaerebat
432 897 547 952 allecta.
564 898 713 953 ‘tenebant
728 914 795 954 eum
809 897 881 969 legis
903 897 966 952 vin-

146 983 220 1054 cula,
237 999 301 1040 mos
316 987 456 1055 paternus
479 984 546 1055 (41).
565 985 666 1040 Fames
692 986 886 1042 invalescebat
900 986 966 1056 (42),

145 1073 213 1144 quis
245 1089 310 1128 sero
342 1071 486 1128 veniebat.
526 1073 712 1130 latercedunt
745 1091 796 1146 pro
833 1091 865 1130 eo
897 1073 966 1136 duo.

143 1161 245 1217 Ruben
272 1164 301 1216 et
327 1160 420 1218 iudas
448 1160 524 1234 (Gen.
542 1179 620 1230 rain,
655 1163 740 1232 l-ll),
761 1163 814 1218 boc
839 1167 894 1229 est,
915 1163 968 1219 bu-

143 1249 252 1304 militas
278 1252 364 1320 atque
389 1249 543 1306 coniessic.
575 1249 626 1306 His
656 1252 779 1307 vadibus
808 1251 885 1323 apud
916 1268 966 1322 pa-

142 1342 215 1394 trem
240 1337 342 1406 utitur,
360 1336 406 1392 bis
431 1337 636 1405 committitur,
661 1355 786 1410 quorum
812 1356 887 1394 unus
912 1341 968 1412 pri-

141 1425 273 1493 mitivus,
288 1424 364 1480 atius
390 1425 592 1481 resuscitatus.
618 1427 674 1482 Lex
703 1426 851 1496 primitivi,
874 1427 966 1484 Evan-

140 1513 251 1586 gelium
277 1513 442 1569 resuscitati
466 1514 533 1585 (43).
561 1513 612 1569 4414
635 1514 789 1570 deducitur
814 1516 965 1586 Benjamin

1022 723 1216 795 profecerunt,
1233 737 1320 793 quem
1336 720 1477 778 Dominus
1490 720 1578 775 lesus
1592 721 1736 788 tanquam
1747 713 1845 786 junic-

1022 828 1085 868 rem
1100 811 1217 867 14444444
1232 827 1268 866 444
1281 811 1382 866 eadem
1406 812 1499 865 matre
1526 811 1698 881 generatum
1714 804 1844 876 amplius

1022 901 1133 956 ceteris
1157 900 1296 956 iratribus
1324 898 1437 970 diligat.
1452 897 1611 953 advertant
1636 893 1730 950 14441
1755 908 1844 965 quem

1021 989 1179 1046 Dominum
1209 991 1396 1060 negaverunt,
1423 987 1473 1058 qui
1497 986 1585 1042 etiam
1612 983 1779 1047 crucifixus,
1809 997 1844 1038 es

1022 1095 1170 1151 synagoga
1183 1081 1282 1133 tamen
1307 1092 1407 1131 eorum
1433 1079 1574 1146 tanquam
1589 1089 1624 1128 ex
1637 1071 1739 1127 eadem
1763 1072 1843 1126 ortas

1022 1171 1140 1238 parente
1167 1164 1235 1237 plus
1257 1181 1307 1220 eos
1330 1164 1427 1236 diligit
1445 1163 1512 1234 (44),
1529 1162 1554 1218 41
1575 1161 1619 1217 vel
1642 1176 1707 1216 sero
1733 1175 1843 1230 cogno·

1021 1243 1106 1311 44444
1116 1253 1288 1310 4444414414
1303 1252 1521 1309 444444444844
1538 1247 1721 1324 propriorum
1732 1245 1840 1303 conscii

1021 1342 1203 1410 delictorum,
1220 1360 1277 1398 non
1292 1343 1415 1399 creduut
1428 1344 1540 1396 tantam
1565 1336 1672 1394 Christi
1695 1352 1760 1393 esse
1784 1335 1843 1391 mi-

1021 1432 1255 1494 sericordiamut
1271 1432 1359 1486 44444
1372 1433 1535 1501 peccatum,
1547 1426 1676 1482 remittat
1689 1424 1840 1494 iujuriam.

1020 1520 1146 1591 Ideoque
1160 1519 1422 1592 prefigurabantur
1437 1517 1466 1572 iu
1481 1513 1657 1589 patriarchis
1671 1513 1772 1585 quales
1795 1529 1840 1568 44-

136 1601 246 1671 144144,
264 1607 292 1657 44
317 1601 402 1657 bonis
427 1601 565 1657 odoribus
590 1603 746 1659 comitatus
770 1604 886 1660 advenit
900 1622 965 1676 por·
1020 1612 1086 1664 sent
1100 1609 1199 1664 laturi.
1217 1607 1418 1662 Invitabantur
1442 1607 1477 1660 ad
1501 1604 1636 1676 gratiam.
1653 1602 1688 1657 ad
1704 1600 1841 1657 salutaris

139 1695 205 1746 tans
221 1705 321 1746 secum
337 1690 477 1758 resinam,
492 1707 550 1761 qua
565 1689 675 1761 lapides
692 1708 873 1748 marmorum
896 1709 965 1748 con·
1020 1713 1129 1752 mensas
1144 1696 1321 1752 vocabantur
1335 1693 1515 1759 convivium;
1531 1696 1560 1748 et
1582 1689 1760 1747 calumniam
1784 1688 1841 1743 sibi

137 1783 314 1846 aestuatum
331 1795 364 1834 44
379 1779 457 1850 quod
473 1779 678 1851 predicatione
693 1781 811 1853 propria
825 1785 964 1853 tanquam
1020 1785 1127 1858 parari,
1138 1784 1262 1840 insidias
1278 1782 1340 1840 fleri
1356 1782 1592 1854 suspicabantur.

135 1866 264 1940 spiritali
289 1867 386 1922 resins
409 1866 489 1923 vivos
511 1867 625 1939 lapides
654 1869 741 1924 etiam
770 1869 833 1942 ipse
861 1886 965 1926 conne-
1055 1874 1100 1929 48.
1117 1877 1150 1929 144
1174 1875 1325 1944 coepsrunt
1347 1871 1384 1926 ad
1407 1869 1568 1935 hominem,
1593 1867 1643 1939 qui
1667 1869 1730 1922 erat
1752 1881 1842 1934 supra

133 1959 229 2011 cteret
246 1972 252 2010 :
270 1960 390 2027 portans
403 1955 492 2012 etiam
509 1954 576 2021 mel,
593 1972 651 2028 quo
667 1957 754 2013 noxia
769 1955 898 2014 vulneris
919 1959 962 2013 in·
1018 1963 1140 2018 domum
1161 1963 1190 2016 in
1211 1952 1843 2030 (4444444444444444444444444444114

132 2043 484 2100 teriusexaduntursins
509 2042 609 2115 aliqua
635 2045 792 2102 acerbitate
815 2047 960 2104 sectionis.
1017 2049 1094 2121 (Gen.
1110 2067 1189 2114 rur,
1215 2050 1270 2118 19).
1298 2048 1402 2104 444444
1430 2047 1566 2103 dubitant
1598 2043 1729 2111 introire,
1755 2047 1784 2098 et
1805 2059 1841 2098 444

131 2132 215 2188 Talis
239 2131 318 2188 enim
343 2131 425 2188 Pauli
448 2132 624 2204 predicatio,
646 2138 678 2188 ut
702 2139 817 2206 putrem
835 2135 964 2191 aboleret
1017 2138 1153 2210 operibus
1164 2138 1226 2194 suis
1241 2136 1356 2192 malunt
1364 2135 1531 2206 justificari,
1547 2134 1597 2206 qui
1618 2148 1739 2190 causam
1754 2147 1839 2187 suam

132 2221 520 2292 allectumcorruptumque
534 2227 687 2276 evacuaret
700 2221 853 2277 humorem
865 2224 963 2296 dispu·
1015 2225 1118 2283 volunt
1139 2230 1280 2292 astruere,
1296 2242 1385 2297 quam
1408 2223 1533 2297 gratiam
1558 2224 1698 2294 accipere,
1717 2226 1747 2276 at
1773 2220 1839 2276 ideo

131 2308 255 2365 tationis
283 2325 343 2364 4444
372 2307 485 2378 aculeo,
507 2325 592 2365 ursrs
621 2309 715 2381 magis
744 2325 825 2382 aegrae
855 2311 962 2367 mentis
1015 2313 1393 2387 inportisredarguuntur.
1410 2311 1463 2377 Qui
1487 2315 1584 2368 antem
1610 2311 1738 2366 fructum
1763 2308 1838 2364 uteri

130 2397 248 2453 viscera
262 2395 393 2468 cupiens,
409 2412 498 2467 quam
514 2412 621 2454 secare.
639 2396 794 2453 Incensum
809 2398 961 2465 orationis,
1014 2402 1165 2476 virginalis
1189 2406 1346 2475 exspectat,
1361 2407 1391 2458 et
1414 2401 1608 2457 hereditatem
1632 2397 1759 2464 Domini,
1785 2396 1837 2452 11411

131 2484 859 2558 stcasiam,etguttamsepulturrsinsigniaesse
875 2487 960 2543 David
1016 2508 1142 2547 mercem
1175 2491 1351 2562 negotiatur,
1380 2506 1438 2544 444
1465 2490 1617 2545 erubescet
1648 2487 1678 2542 in
1712 2490 1796 2558 porta
1829 2503 1835 2541 :

132 2573 279 2644 propbeta
308 2590 361 2628 nos
386 2573 485 2628 docuit
507 2574 608 2629 dicens
625 2590 632 2628 :
650 2595 663 2624 a
681 2573 797 2643 Myrrha
823 2580 851 2631 et
879 2580 961 2648 gutta
1015 2580 1066 2635 sed
1096 2580 1126 2634 in
1156 2579 1232 2634 exitu
1258 2581 1323 2633 vitae
1352 2577 1442 2648 hujus
1471 2576 1587 2649 repellit
1612 2574 1777 2642 inimicum,
1801 2589 1837 2628 ne

132 2667 161 2718 et
177 2662 257 2718 casia
271 2679 289 2717 a
303 2660 485 2717 vestimentis
509 2663 568 2717 tuis
592 2663 677 2733 (Paul.
695 2680 768 2731 44444,
785 2664 822 2735 9).
845 2685 858 2714 a
874 2664 962 2721 Venit
1014 2670 1051 2724 ad
1066 2667 1168 2725 altiora
1183 2667 1348 2740 properanti
1364 2666 1499 2723 conscius
1514 2665 1606 2738 culpas
1621 2663 1762 2736 gravioris
1785 2662 1836 2717 ob·

131 2749 296 2807 44144401
309 2748 418 2805 Paulus
427 2765 542 2806 crucem
554 2749 670 2806 11444141
680 2751 846 2822 praedicare,
862 2751 959 2808 ilicem
1015 2758 1111 2813 414444.

131 2855 249 2910 semper
263 2839 415 2904 virentem,
438 2843 466 2892 et
487 2854 576 2894 nuces
599 2855 725 2910 quaram
750 2846 825 2896 testa
848 2841 958 2908 durior,
1049 2847 1094 2901 49.
1111 2844 1193 2901 41444
1207 2843 1329 2916 mystice
1348 2842 1407 2899 illis
1429 2841 1579 2914 respondit
1602 2841 1696 2911 major
1719 2838 1835 2894 domus.

131 2926 245 2983 tructus
278 2925 402 2983 44444144
431 2942 438 2980 :
473 2926 634 2998 meritoque
667 2927 748 2999 virga
773 2929 960 2986 sacerdotalis
1014 2935 1050 2989 ut
1064 2935 1090 2990 is
1104 2934 1153 3006 qui
1167 2934 1207 2988 sit
1220 2931 1350 3004 intellige
1373 2947 1440 2987 cum
1464 2929 1569 3000 legeris
1589 2930 1705 3000 Moysen
1721 2927 1836 2984 fidelem

129 3016 226 3072 Aaron
256 3015 374 3080 nucina,
404 3017 436 3069 ut
460 3014 593 3071 ieremias
622 3015 746 3072 baculus
775 3017 957 3089 hujusmodi.
1013 3023 1044 3078 14
1060 3027 1121 3079 4444
1137 3023 1223 3077 domo
1236 3022 1310 3090 ejus.
1328 3021 1453 3090 Maiores
1474 3018 1551 3075 enim
1576 3018 1693 3082 domus,
1711 3016 1834 3087 Moyses.

131 3107 293 3175 Argentum
309 3119 425 3174 quoquo
440 3101 556 3174 duplex,
571 3119 628 3158 nun
646 3103 739 3160 otiosa
755 3121 877 3178 munera
895 3123 959 3161 esse
1014 3111 1116 3167 Petrus
1131 3114 1159 3166 44
1174 3111 1291 3175 Ρ44144,
1308 3113 1337 3164 44
1356 3107 1451 3164 ceteri
1475 3106 1569 3163 sancti
1594 3110 1664 3161 sunt
1679 3122 1686 3160 ι
1703 3103 1837 3160 Christus

132 3191 202 3263 quis
214 3191 424 3260 dubitet;oum
449 3195 478 3246 et
500 3190 672 3263 patriarcba
696 3192 763 3256 vita,
785 3198 814 3248 44
837 3193 960 3264 apostoli
1013 3203 1114 3255 autem
1138 3197 1219 3254 solus
1243 3202 1288 3253 est
1311 3196 1459 3253 dominus.
1490 3196 1637 3267 Scriptum
1660 3197 1736 3248 est:
1767 3192 1836 3264 quia

132 3295 230 3336 sermo
245 3297 361 3352 semper
375 3280 498 3334 virescat
514 3281 543 3335 in
559 3281 727 3353 pectoribus
754 3281 956 3354 singuloruml,
973 3275 994 3342 C
1014 3285 1129 3359 Moyses
1143 3284 1239 3340 fidelis
1254 3285 1284 3339 in
1299 3289 1360 3340 tota
1374 3285 1461 3339 domo
1475 3284 1539 3354 ejus
1551 3287 1693 3354 tanquam
1705 3279 1835 3336 14444144

131 3373 161 3423 44
176 3367 324 3441 eloquium
341 3372 521 3438 sanctorum,
537 3369 613 3423 sicut
635 3374 788 3440 argentum
804 3370 871 3442 igne
891 3387 956 3426 exa·
1010 3374 1040 3429 in
1057 3372 1260 3430 testimonium
1274 3389 1375 3428 eorum
1390 3389 1454 3444 quia
1470 3370 1547 3427 dicta
1560 3374 1659 3426 essent
1678 3369 1774 3440 (Hetr.
1791 3384 1833 3436 444,

132 3457 289 3526 minatum,
306 3456 440 3528 praecepti
466 3455 593 3512 salubris
614 3455 727 3529 fulgora
751 3457 958 3529 resplendeat?
1010 3463 1039 3530 5)
1055 3479 1062 3516 ε
1078 3461 1212 3518 Christus
1227 3465 1324 3517 autern
1339 3464 1480 3532 tanquam
1504 3459 1582 3514 tilius
1605 3459 1635 3513 in
1659 3458 1833 3524 dumosae,

131 3541 190 3599 Nec
203 3543 348 3600 immerito
364 3543 470 3615 duplex
485 3549 639 3616 argentum
656 3545 785 3600 rcl'erunt
807 3545 957 3617 inquibus
1011 3568 1075 3623 que
1089 3551 1196 3606 domus
1211 3565 1263 3604 nos
1278 3566 1393 3613 sumus,
1414 3547 1439 3603 si
1462 3548 1628 3604 libertatem
1652 3550 1682 3602 et
1708 3545 1831 3618 gloriam

133 3629 217 3686 Pauli
249 3633 489 3706 prefigurabatur
527 3632 679 3701 adventus,
711 3634 760 3704 qui
791 3632 958 3691 laborantes
1012 3639 1073 3710 spei
1088 3636 1270 3693 tenuerimus
1284 3635 1364 3707 (ibid.
1378 3637 1417 3703 6).
1606 3705 1612 3714 ι

133 3721 317 3794 presbyteros
329 3721 359 3776 in
373 3720 459 3776 verbo
475 3724 562 3793 atque
577 3720 710 3776 doctrina
725 3721 834 3794 duplici
849 3722 958 3778 bonore
1046 3728 1091 3782 50.
1108 3726 1160 3781 Hic
1173 3740 1241 3796 ergo
1257 3725 1351 3795 nraj0r
1364 3723 1469 3779 domus
1483 3723 1634 3794 respondit
1647 3722 1706 3779 illis
1721 3741 1747 3779 :a
1763 3723 1835 3779 Pru·

132 3809 270 3867 donabat.
1012 3815 1103 3886 pitius
1124 3812 1164 3868 414
1184 3811 1266 3868 vobis
1290 3812 1377 3877 Deus,
1393 3810 1483 3866 nolite
1505 3810 1625 3877 timere;
1657 3813 1732 3866 41444
1755 3810 1835 3866 enim

170 3898 215 3954 47.
233 3897 340 3954 «Vidit
355 3903 451 3953 autem
467 3897 668 3970 illosJosepb,
684 3903 713 3954 et
728 3899 880 3971 Benjamin
901 3899 958 3954 tra·
1011 3906 1116 3969 vester,
1142 3901 1273 3957 44414444
1299 3905 1416 3972 patrum
1452 3904 1616 3954 vestrorum
1643 3897 1725 3954 dedit
1753 3896 1836 3952 vobis

133 3989 210 4042 trem
237 4003 325 4043 suum
354 4003 389 4042 444
412 3988 514 4042 eadem
539 3989 631 4042 matre
655 3987 731 4057 (Gen.
757 4005 835 4054 444444,
862 3989 918 4060 24).
944 4011 958 4038 »
1012 3991 1167 4047 thesauros
1182 3989 1212 4044 14
1228 3988 1304 4044 402
1320 3986 1445 4043 sacculis
1469 3987 1572 4042 vestris
1597 4001 1604 4039 ι
1629 3990 1659 4040 44
1681 3989 1835 4058 argentum

133 4072 203 4130 4444
224 4077 359 4132 41444444
380 4075 504 4142 Hebraei,
519 4079 548 4130 et
576 4075 712 4131 videntur
737 4093 754 4131 a
778 4076 892 4133 Christo
908 4078 958 4149 qui
1012 4083 1143 4135 vestrum
1159 4077 1283 4149 probum
1299 4084 1450 4148 acceptum
1467 4075 1559 4130 babeo
1575 4075 1650 4142 (Ger.
1663 4091 1739 4139 444444,
1750 4073 1807 4142 23).
1821 4093 1836 4122 a

135 4177 222 4219 verus
236 4164 343 4237 Josepb
359 4170 414 4231 cst,
428 4163 544 4236 quando
559 4179 626 4218 cum
642 4163 722 4219 Pauli
737 4165 858 4220 veniunt
872 4169 957 4237 typo:
1014 4167 1058 4222 llli
1073 4165 1152 4221 enim
1179 4165 1312 4220 dixerant
1328 4181 1367 4219 :a
1383 4169 1543 4237 Argentum
1558 4162 1792 4234 uniuscujusque
1806 4160 1836 4215 in

137 4251 308 4325 alloquitur
326 4252 386 4309 illis
409 4252 491 4309 mitia
515 4261 600 4324 atque
625 4259 788 4321 mansueta,
807 4259 838 4308 ut
854 4258 961 4326 pariter
1014 4255 1139 4311 sacculis
1155 4253 1263 4308 nostris
1288 4253 1463 4318 invenimus,
1480 4252 1516 4307 ad
1541 4252 1657 4322 pondus
1683 4254 1836 4323 argentum

139 4339 235 4397 cibum
250 4345 379 4397 sumant.
396 4343 491 4413 Supra
515 4347 613 4396 autern
638 4341 707 4413 quia
724 4342 787 4398 4144
808 4342 958 4413 BeuJamin
1014 4349 1148 4400 nostrum
1164 4341 1318 4397 retulimus
1331 4341 1410 4410 (ibid.
1427 4341 1482 4411 2l).
1500 4341 1551 4395 »0
1567 4355 1673 4411 magna
1688 4337 1836 4411 mysteria,

138 4434 284 4496 44444444,
310 4432 486 4503 agnoscebat
510 4429 628 4501 quidem
654 4445 703 4485 eos
719 4446 726 4484 :
744 4430 794 4485 sed
811 4429 846 4485 ab
865 4429 913 4485 bis
929 4447 960 4487 44
1014 4437 1043 4488 44
1067 4429 1215 4487 evidenter
1238 4429 1387 4500 expressa!
1414 4429 1473 4483 1144
1497 4433 1541 4483 444
1562 4428 1659 4483 dicere
1683 4444 1690 4481 t
1713 4427 1771 4483 Cur
1793 4427 1838 4480 in-

141 4520 293 4583 avertebat,
316 4523 348 4572 ut
371 4517 513 4590 scriptum
540 4521 584 4573 est
601 4535 607 4572 :
626 4539 639 4568 a
662 4517 695 4573 st
722 4516 897 4589 loquebatur
914 4518 960 4574 bis
1015 4519 1146 4578 llamini'l
1175 4521 1233 4574 Cur
1254 4527 1408 4588 argentum
1437 4533 1487 4572 vos
1513 4517 1620 4571 babere
1647 4521 1778 4572 vestrum
1808 4515 1838 4570 14

177 4659 217 4722 til
240 4663 312 4717 Cum
330 4659 367 4714 ibi
385 4661 487 4716 doceat
501 4657 675 4715 Ambrosius
692 4659 843 4730 Benjamin
862 4663 962 4732 typum
978 4643 1000 4706 D
1019 4676 1087 4714 num
1113 4658 1267 4729 utriusque
1292 4657 1341 4713 lib.
1368 4663 1406 4714 414
1429 4658 1528 4715 11444441.
1554 4659 1787 4722 444414444444444,
1812 4661 1840 4710 et

143 4744 204 4786 esse
229 4731 308 4796 buli,
325 4731 429 4786 alludit
454 4731 488 4786 ad
514 4731 612 4787 locum
638 4728 727 4800 Epist.
745 4731 779 4784 ad
801 4729 861 4786 Gal.
883 4732 962 4800 4,14,
1017 4731 1073 4785 boc
1087 4731 1216 4801 apertius
1231 4729 1406 4802 explicatum
1421 4730 1556 4803 reperies.
1574 4731 1655 4797 Quod
1671 4746 1737 4785 vero
1754 4728 1839 4798 paulo

145 4801 173 4855 Et
185 4803 359 4873 proficiebam
373 4804 403 4858 ia
418 4803 567 4860 1444444444.
591 4844 596 4855 .
620 4842 626 4855 .
647 4801 831 4856 44444444441444
849 4804 962 4857 oemutu-
1018 4802 1155 4872 superius
1172 4801 1271 4856 Ruben
1288 4801 1395 4856 dicitur
1407 4803 1564 4866 4444414144,
1584 4819 1641 4856 444
1666 4801 1723 4856 1444
1748 4799 1839 4852 iater-

144 4881 183 4926 444
196 4877 324 4930 exsulans
334 4878 515 4946 paternarum
526 4888 648 4928 meorum
664 4871 855 4928 traditionum.
1018 4874 1142 4944 prelatio
1159 4873 1286 4927 numinis
1301 4878 1355 4940 ost,
1373 4873 1423 4928 sed
1451 4873 1555 4929 allusio
1579 4874 1614 4927 ad
1638 4874 1734 4926 locum
1754 4869 1838 4931 Gen..

178 4943 230 5016 (42)
254 4945 338 5001 41444.
364 4945 433 5001 4414.
459 4948 526 5000 4444
551 4959 651 4998 vocem
679 4945 785 5010 Fortes,
815 4943 965 5015 premittit
1018 4961 1094 5008 4444,
1119 4946 1164 5010 32,
1190 4944 1240 4997 ubi
1263 4944 1300 4998 dc
1326 4945 1376 4998 Lis
1399 4945 1533 5000 dicitur:
1560 4944 1716 5012 uocouitqoe
1742 4955 1841 4994 acmen

147 5011 219 5070 bunc
244 5017 401 5088 Scripturas
427 5031 554 5072 versum.
570 5015 602 5068 Ar
625 5015 712 5083 (444444
736 5015 855 5070 involuit
882 5031 965 5087 super
1018 5014 1077 5085 rjus
1093 5016 1182 5070 14444444
1198 5013 1839 5076 4114444411άὲ411444144444441444444444444444,

148 5087 252 5154 terrem,
269 5093 323 5143 etc.
340 5088 375 5142 st
390 5087 431 5142 sic
446 5086 596 5143 exorditur
611 5095 698 5154 caput
712 5086 739 5140 9.
1019 5091 1074 5141 etc.

180 5158 232 5224 (431
248 5159 319 5216 Mss.
336 5159 448 5230 aliquot
461 5174 527 5213 curn
544 5155 612 5211 edit.
631 5157 779 5222 omnibus,
796 5160 852 5212 Lex
864 5158 964 5226 primi-
1055 5158 1112 5222 (tt)
1136 5155 1244 5210 Omnes
1269 5157 1391 5212 441444
1418 5155 1510 5210 sedeas
1539 5159 1611 5209 ortos
1638 5159 1752 5224 parente
1777 5151 1842 5222 ptus

148 5203 388 5299 ticudfuocpettum
403 5231 603 5284 resuscitatum.
619 5225 732 5308 Benig..
750 5227 844 5300 l'ulg„
866 5229 962 5281 Germ.
1019 5227 1123 5298 ditiytt.
1142 5227 1210 5281 Mss
1227 5232 1324 5282 autern
1340 5227 1436 5289 corb..
1454 5226 1565 5351 Benig„
1582 5224 1692 5280 Tbecd.
1707 5222 1842 5306 44144444,

150 5302 174 5350 44
203 5300 292 5368 44144,
327 5303 384 5356 444
411 5301 564 5372 primitius,
598 5299 781 5369 leucopetram
813 5301 964 5353 resuscitat.
1020 5315 1055 5354 44
1069 5297 1164 5353 cadem
1178 5303 1253 5354 ortas
1265 5301 1381 5369 parente
1389 5299 1454 5367 ptus
1465 5312 1508 5352 eos
1541 5297 1630 5369 ttipit.
1660 5296 1695 5351 bt
1716 5295 1747 5350 br
1778 5311 1844 5367 qur·

150 5365 225 5425 Gorb.
257 5389 291 5427 ac
323 5372 399 5427 ‘l'orn
404 5413 513 5427 .....
543 5369 710 5424 resuscitati.
741 5369 791 5424 His
822 5369 966 5424 accedunt
1021 5370 1088 5425 dem
1102 5371 1238 5423 videntur
1252 5385 1285 5424 so
1301 5367 1482 5439 praeferendi,
1498 5368 1576 5437 quod
1593 5368 1622 5422 in
1638 5366 1703 5422 aliis
1718 5370 1845 5438 quatuor

151 5429 293 5513 librulpb„
309 5442 397 5498 Micb.
413 5450 443 5499 44
467 5439 563 5497 alain.
582 5439 638 5495 uisi
664 5440 742 5511 quod
767 5439 885 5508 babent,
912 5441 967 5494 444
1021 5439 1128 5510 legitur
1142 5444 1265 5494 raortaus
1280 5438 1465 5563 pammachi
1481 5437 1660 5494 hauddubie
1675 5436 1842 5510 legandum,

151 5514 287 5580 primitivi,
303 5530 392 5586 quam
409 5512 562 5569 lectionem
583 5527 753 5583 germanam
779 5526 843 5565 esse
867 5511 965 5566 existi·
1021 5517 1098 5568 crtus
1109 5515 1222 5582 clarente
1236 5528 1245 5562 .·
1261 5510 1310 5563 411
1331 5513 1429 5562 tarum
1454 5509 1511 5563 dun
1532 5512 1700 5580 preferant,
1724 5518 1844 5565 mortuos

154 5595 268 5640 mamus.
286 5584 357 5640 Vult
380 5586 458 5640 enim
475 5585 518 5638 vir
533 5587 651 5638 sauctus
668 5582 696 5636 in
715 5581 815 5637 Ruben
842 5581 966 5654 figuram
1018 5588 1157 5709 parentes,
1175 5579 1355 5653 qvvodeditis
1369 5579 1456 5634 etiam
1475 5583 1558 5636 l'avet.
1574 5583 1630 5637 Sed
1657 5582 1757 5636 minus
1771 5582 1844 5637 bene

1030 5672 1039 5709 4

154 5655 287 5711 exstitisse
302 5655 376 5729 legis
392 5673 424 5711 ac
438 5656 623 5720 iudaeorum3
636 5653 665 5706 14
681 5653 758 5707 luda
775 5653 920 5725 Evangelii
939 5657 968 5708 et
1044 5671 1084 5709 asc
1098 5653 1181 5708 lectio
1197 5652 1251 5706 sibi
1267 5651 1463 5720 constaretob
1478 5669 1576 5708 vocem
1593 5670 1697 5722 44444444,
1708 5669 1771 5724 quae
1787 5652 1845 5708 lere

155 5721 388 5784 Christianorum.
405 5725 529 5784 Consule
553 5723 762 5796 expositionem
789 5725 965 5780 benedictio·
1024 5726 1053 5780 in
1069 5741 1140 5780 mss.
1156 5722 1295 5780 omnibus
1312 5723 1466 5779 invenitur.
