4159 6184
138 346 192 420 lli
650 353 768 422 eluse
789 351 842 419 DE
864 345 1055 418 ancorae
1073 349 1332 422 secundulus.
1793 343 1858 416 '¹0⁰

139 504 246 564 equum
263 483 417 564 preprium
445 485 616 564 gubernare,
645 507 736 563 equus
762 504 880 561 quoque
908 489 962 543 ser·
978 489 1001 556 Α
1019 481 1139 558 placeat
1154 483 1227 551 Quia
1242 504 1357 563 pauper
1371 485 1428 546 tide
1442 480 1533 541 ditior
1542 483 1597 551 est,
1611 479 1859 540 sobrietatslocn·

139 579 228 636 turin
244 597 384 654 preceps,
407 575 432 636 si
460 577 602 636 indomito
630 578 727 636 tunore
755 578 785 634 in
818 583 964 652 prerupto
1018 573 1137 648 plotior;
1153 579 1182 630 et
1198 591 1266 632 oum
1281 579 1321 634 sit
1336 592 1458 652 pauper,
1474 588 1511 629 ex
1535 570 1594 628 illis
1609 576 1656 628 est
1683 571 1720 630 de
1748 573 1860 646 quibus

140 674 166 727 ct
179 669 346 744 periculosa
359 667 496 742 rapiatur.
517 667 590 735 Quid
606 668 697 742 igitur
721 667 806 725 vobis
820 666 850 723 in
879 666 963 740 equis
1017 663 1143 719 dicitur:
1156 684 1170 712 «
1188 663 1255 719 Tibi
1283 667 1409 724 oderent
1423 677 1509 736 reges
1528 679 1652 719 munera
1667 663 1754 737 (Psel.
1771 681 1859 736 uvir,

141 759 296 826 confiditis,
326 757 453 816 divites?
479 757 602 814 Mendax
620 774 714 831 equus
753 757 792 814 ad
836 754 962 813 salutem
1017 751 1102 824 30).»
1118 751 1181 807 Nun
1197 751 1745 828 enimpurpuratisoderentibus,sod
1760 759 1861 815 motus

140 848 224 920 (Paul.
253 865 341 914 xrxrr,
369 847 424 919 17).
455 845 528 910 Quid
552 845 581 903 iu
610 847 745 904 curribus
771 846 856 903 vobis
877 844 962 918 plau·
1017 839 1152 913 proprios
1179 842 1353 913 regentibus
1390 841 1538 900 Dominus
1566 843 1657 900 lesus
1685 844 1862 921 delectatur,

138 935 227 993 ditis?
255 936 314 992 «Hi
338 935 368 991 in
397 933 543 1006 eurdbus,
586 939 615 991 st
639 935 669 991 hi
713 935 742 991 in
770 934 866 1007 equis,
909 950 961 990 nos
1018 929 1070 1002 qui
1085 927 1227 1000 corporali
1241 929 1385 997 lascivis,
1412 932 1522 989 mentis
1551 933 1744 992 dominentur
1767 937 1866 1015 impe-

137 1033 231 1082 eutem
257 1025 287 1082 in
317 1025 436 1082 nomine
461 1023 577 1080 Domini
606 1023 871 1098 magnificabimur.
902 1023 960 1096 lpsi
1016 1019 1068 1076 rio.
1087 1018 1173 1074 Orate
1187 1033 1269 1091 ergo,
1286 1019 1498 1078 diviteslNon
1528 1023 1649 1081 habetis
1677 1024 1709 1082 in
1728 1029 1868 1102 operibus

137 1112 255 1188 obligati
279 1118 360 1183 sunt,
390 1117 419 1170 ct
443 1112 592 1170 cecidere:
624 1130 678 1170 nos
705 1117 804 1170 autem
834 1111 960 1170 surrexi·
1014 1108 1093 1181 quod
1122 1105 1242 1179 placeat.
1267 1107 1353 1164 58⁸
1390 1107 1477 1169 Orate
1506 1130 1561 1187 pro
1593 1117 1724 1188 peccatis
1751 1123 1861 1184 vestris

138 1217 200 1258 mus
216 1205 245 1258 et
269 1201 355 1258 erecti
383 1202 719 1274 superessemus,
749 1203 788 1274 9).
823 1225 837 1252 a
867 1200 961 1258 Nolite
1016 1200 1104 1269 atque
1120 1192 1248 1267 flagitiis,
1267 1198 1301 1249 ot
1317 1195 1433 1258 reddite
1444 1202 1870 1276 uomineoeoveseonune-

136 1305 233 1346 amare
260 1288 605 1357 adhinnientes:nolite,
636 1290 752 1357 divites,
783 1291 899 1348 tremite
924 1290 960 1346 li·
1017 1303 1060 1342 ra.
1077 1283 1199 1340 Rcddite
1215 1283 1244 1339 in
1263 1298 1416 1359 paupere,
1434 1292 1465 1350 in
1493 1311 1589 1370 egeno
1619 1297 1732 1373 solvite,
1761 1303 1793 1363 in
1821 1308 1873 1371 illo

134 1379 244 1436 bidinis
276 1377 405 1435 excitari.
434 1377 585 1436 Terribilis
614 1384 660 1435 est
688 1377 841 1448 deminus,
865 1384 894 1436 et
913 1380 960 1436 cui
1016 1375 1104 1448 inope
1119 1373 1258 1437 fenerate,
1282 1386 1384 1441 quem
1399 1381 1515 1456 placare
1530 1393 1764 1463 proptervestra
1790 1399 1874 1479 llagi-

134 1467 327 1540 nemopossit
348 1471 453 1540 potens
483 1471 511 1522 et
536 1467 617 1524 dives
647 1468 802 1524 resistere:
833 1491 847 1520 a
876 1468 959 1525 Judi-
1015 1465 1057 1521 tie
1089 1462 1175 1519 aliter
1211 1477 1280 1517 non
1305 1468 1444 1530 potestis.
1474 1479 1567 1544 Quem
1598 1479 1724 1544 ultorem
1752 1489 1864 1554 timetis

133 1557 211 1613 cium
227 1554 340 1614 celeste
350 1555 502 1628 jaculatur
514 1557 599 1627 (Prot.
615 1573 699 1626 cxxv,
709 1555 748 1628 9).
767 1579 781 1607 a
1015 1551 1101 1610 tacito
1116 1551 1294 1608 debitorem
1310 1547 1385 1628 (33).
1402 1584 1416 1612 «
1431 1565 1493 1623 Non
1520 1569 1677 1643 accipiam,
1702 1576 1800 1653 inquit
1839 1545 1875 1647 de

469 1656 474 1664 “
1015 1641 1105 1698 domo
1119 1644 1171 1696 lua
1185 1636 1320 1705 vitulos,
1339 1659 1439 1722 noque
1452 1655 1489 1710 de
1501 1658 1647 1730 gpggihffl
1668 1667 1728 1724 tuis
1753 1627 1871 1734 hil-2303.

443 1733 558 1792 CAPUT
572 1735 643 1792 xvi.
1016 1729 1156 1802 quoniam
1174 1745 1244 1784 ¹110oe
1279 1737 1357 1788 sunt
1387 1755 1491 1797 ornnes
1515 1744 1586 1802 sere
1614 1749 1755 1814 silvarum
1785 1723 1871 1832 (Psoi,

128 1843 293 1909 disiisset
318 1843 494 1913 quiescente
521 1843 645 1970 efflictis,
672 1841 846 1923 ecullcmico
874 1841 959 1912 coafi-
979 1817 1204 1928 B¹l¹¹v92⁴⁰l
1229 1814 1392 1924 Quidquid
1422 1829 1604 1900 ΟΜΠῙθΓὶῐῐθ.
1637 1838 1743 1912 inquit,
1768 1808 1870 1909 menni

165 1922 288 1996 muter,
303 1914 429 1997 impellit.
447 1913 546 1998 Quaero
600 1915 669 1986 ipsis
684 1911 796 1968 encre
820 1913 907 1968 Orate
931 1919 960 1968 et
1017 1911 1072 1973 cst,
1096 1911 1267 1979 quratotus
1292 1911 1374 1968 orbrs
1395 1931 1481 1972 mens
1511 1924 1567 1975 est.
1597 1922 1662 1980 Non
1693 1931 1777 2004 exige
1801 1953 1865 2008 que

164 1985 312 2048 reddllssi:
327 1984 424 2055 eucdce
438 1993 588 2042 cratonem
599 2001 631 2040 (1⁶
645 1983 718 2040 dona
744 1985 796 2041 ⁰00
821 2001 959 2040 commen·
1016 2011 1082 2052 mea
1097 2001 1184 2052 sunt:
1202 1999 1340 2068 estquod
1357 2001 1394 2057 de
1409 2011 1506 2061 vestro
1528 2009 1605 2065 mihi
1621 2015 1745 2084 possitis
1774 2023 1862 2080 oder·

163 2056 772 2200 ititibiiibliiiiiaieiiiiii
789 2057 960 2184 {iiiiii-³
1015 2085 1857 2258 :tntillilillllssilit0l3stillet?

1675 2230 1682 2255 ‚
1846 2241 1855 2265 ‚

164 2271 210 2326 66.
227 2269 338 2325 Bonum
354 2273 398 2326 est
412 2274 444 2326 ut
454 2271 517 2342 J'am
533 2268 702 2344 quiescatis,
726 2285 743 2324 a
769 2267 890 2342 flagitiis
916 2267 958 2323 se·
1016 2281 1030 2310 α
1044 2261 1165 2319 immola
1180 2262 1238 2318 Deo
1252 2264 1432 2322 sacrificium
1447 2265 1559 2338 laudis,
1576 2275 1606 2327 et
1631 2275 1721 2333 redde
1736 2279 1854 2338 altissi-

126 2357 240 2414 riantes
255 2356 441 2414 revereamini
467 2357 580 2416 Domini
610 2359 798 2431 potestatem.
823 2357 890 2413 tdee
917 2353 959 2410 di·
1015 2353 1299 2420 meveantusucie.
1318 2355 1405 2423 14).»

126 2450 210 2503 ctum
239 2449 284 2501 est
304 2445 453 2517 parricide
482 2447 575 2503 Cain:
609 2469 623 2496 a
653 2445 794 2512 Peeoasti,
838 2443 958 2517 quiesce
1049 2438 1094 2494 68.
1110 2440 1167 2494 sut
1181 2446 1268 2510 certe,
1282 2441 1308 2498 ai
1323 2441 1428 2514 placet,
1445 2442 1693 2518 sicaceipiamus.
1705 2450 1849 2517 Quoniam

126 2533 209 2607 (Gen.
240 2550 277 2603 rv,
292 2535 331 2602 7),
346 2553 359 2583 a
389 2537 421 2589 ut
448 2535 568 2591 medum
594 2537 713 2606 peceato
743 2549 796 2590 sue
824 2535 956 2606 poneret.
1012 2525 1429 2587 dixitobdermissesomnum
1447 2535 1849 2615 suumdivites,increpatie-

128 2623 326 2696 emissiones
354 2627 453 2679 vestm
485 2623 681 2679 confiteantur
719 2621 854 2678 Domino.
893 2620 958 2678 Non
1013 2631 1066 2672 nes
1095 2616 1369 2688 promisitllomini
1392 2619 1499 2689 ineos,
1515 2625 1658 2681 terrorem
1685 2628 1846 2702 subtexuit,

127 2711 253 2768 dicatis:
282 2711 343 2767 Non
383 2710 575 2783 peccavimus.
601 2709 679 2765 Dixit
706 2709 834 2766 Paulae:
852 2732 867 2760 a
896 2707 956 2764 ldtsi
1012 2703 1172 2776 potentiam
1190 2706 1366 2777 predicavit,
1388 2703 1521 2765 cui'ncc
1549 2712 1655 2770 divites
1684 2717 1843 2789 resistant;

126 2798 559 2870 nibilmibiconsoiussum(l
583 2800 649 2855 Cor.
680 2816 718 2866 iv,
748 2801 815 2870 tl·
844 2797 958 2854 addidit
1011 2809 1170 2849 conversus
1200 2795 1236 2850 ad
1266 2797 1418 2853 universes
1445 2796 1503 2853 ait:
1534 2799 1644 2858 Diuites
1672 2804 1842 2877 dormitent,

126 2891 244 2946 umen:
263 2888 346 2944 «Sed
364 2905 421 2944 non
436 2888 464 2944 in
481 2888 536 2945 hoc
550 2887 727 2959 justificatus
743 2886 922 2958 sumatis).
940 2907 954 2936 c
1011 2880 1116 2938 divites
1132 2883 1335 2956 increpentur:
1361 2901 1411 2942 vos
1427 2907 1441 2935 «
1457 2891 1551 2954 orate,
1566 2893 1596 2944 et
1610 2891 1724 2949 reddite
1736 2875 1841 2951 ‘nomi-

125 2977 223 3034 Btuos
237 2977 352 3032 etiamsi
368 2975 440 3032 nibil
454 2975 524 3033 estis
551 2975 671 3042 conscii,
699 2975 881 3032 confitemini
911 2979 955 3029 ta·
1010 2970 1223 3028 noDoovostro
1238 2989 1350 3042 omnes,
1370 2973 1464 3046 quiin
1481 2975 1607 3033 circuitu
1635 2980 1701 3051 ejus
1729 2983 1841 3041 affertis

125 3081 196 3121 men
211 3065 344 3132 Domino,
358 3079 393 3120 ne
408 3064 476 3137 quid
493 3064 531 3120 sit
545 3065 622 3138 quod
639 3080 690 3120 vos
714 3067 875 3136 pretereat.
906 3063 955 3117 Et·
1010 3060 1232 3132 muneremini.
1250 3079 1331 3118 cxxv.
1357 3065 1412 3133 12),
1429 3086 1444 3113 »
1468 3063 1497 3119 id
1537 3070 1591 3135 est,
1611 3067 1723 3140 gratias
1751 3073 1838 3145 agite,

124 3154 205 3211 enim
220 3153 270 3226 qui
285 3153 440 3209 confltetur
457 3152 624 3220 Dominum,
640 3156 669 3208 et
683 3151 824 3225 reliquias
844 3151 952 3224 cogita·
1008 3151 1236 3221 pauperesque
1250 3167 1307 3206 nen
1323 3155 1368 3208 est
1382 3168 1575 3224 personarum
1591 3161 1726 3230 acceptor
1750 3160 1836 3217 Deus.

123 3242 216 3301 tionis
231 3241 396 3298 adbibuerit
420 3243 456 3298 ad
487 3241 711 3308 contessionem,
732 3241 809 3297 diem
840 3240 948 3296 sescum
965 3231 985 3297 C
1005 3235 1050 3292 llli
1065 3229 1180 3293 divitias
1195 3243 1322 3310 struant,
1349 3241 1477 3296 condant
1503 3244 1671 3314 pecuniam,
1695 3248 1760 3304 auri
1782 3265 1836 3322 ag·

123 3330 234 3387 mentis
250 3329 405 3386 celebrabit
418 3347 522 3386 arcano
533 3331 619 3401 (Psoi.
643 3346 725 3396 cxxv,
755 3329 807 3401 u),
823 3333 853 3385 et
881 3343 953 3400 epu·
1008 3331 1110 3398 gerent
1122 3331 1152 3382 et
1170 3329 1282 3400 argenti
1299 3329 1469 3386 thesauros:
1486 3348 1539 3388 vos
1565 3338 1655 3404 orate,
1682 3337 1732 3409 qui
1755 3336 1835 3396 aliud

122 3419 236 3476 labitur
254 3435 311 3474 non
327 3418 356 3473 in
373 3419 514 3476 fermento
537 3417 656 3475 malitie
678 3425 707 3474 et
721 3417 877 3492 nequitie5
902 3415 951 3472 sed
1009 3430 1067 3470 non
1081 3413 1214 3472 habetis:
1230 3435 1281 3475 ves
1296 3423 1386 3488 orate,
1412 3421 1482 3493 quia
1505 3421 1561 3481 hoc
1585 3424 1682 3482 solum
1707 3426 1834 3497 habetis,

121 3508 154 3564 in
171 3506 281 3581 azymis
295 3507 472 3564 sinceritatis
486 3513 516 3564 et
532 3506 662 3563 veritatis
675 3507 699 3578 (l
714 3507 774 3563 Cor.
791 3521 819 3571 v,
840 3505 879 3573 8).
1007 3502 1086 3574 quod
1100 3508 1145 3558 est
1160 3521 1231 3562 aare
1247 3508 1404 3578 pretiosius
1418 3514 1448 3564 et
1476 3517 1607 3584 argento.
1635 3515 1693 3573 Vos
1720 3515 1834 3572 reddite

158 3597 205 3652 67.
222 3599 323 3669 ltaque
337 3596 366 3651 in
379 3595 565 3652 conclusione
580 3611 738 3652 conversus
755 3595 792 3650 ad
804 3611 856 3650 uos
883 3591 952 3647 Pro·
1008 3607 1131 3647 munera
1146 3594 1196 3664 qui
1212 3595 1367 3653 aDomino
1386 3613 1445 3653 non
1461 3601 1606 3668 receditis,
1627 3603 1679 3674 qui
1705 3603 1777 3662 estis
1805 3605 1835 3660 in

120 3685 319 3759 phetadieit:
338 3684 449 3757 «Orate,
468 3683 760 3741 etredditeDomino
783 3683 952 3739 Decrestro
1007 3678 1146 3746 circuitu;
1177 3682 1316 3754 quoniam
1345 3685 1395 3756 qui
1417 3685 1506 3741 eratis
1532 3688 1622 3762 longe
1652 3690 1720 3746 tacti
1762 3692 1835 3748 estis

119 3773 212 3846 (Pscl.
237 3791 316 3840 mxv,
351 3773 404 3844 m),
424 3797 438 3824 a
464 3773 493 3828 id
518 3776 563 3829 ost
592 3790 599 3828 ε
628 3770 726 3828 Nolite
752 3768 977 3842 dissimulare„
1007 3782 1107 3840 prope.
1135 3769 1188 3834 Oui
1213 3770 1317 3826 autem*
1335 3789 1426 3844 prope
1449 3773 1505 3828 sibi
1533 3775 1669 3833 videntur
1694 3793 1760 3834 osse
1784 3795 1836 3850 per

120 3861 242 3930 divites,
259 3861 432 3927 diesinstat,
449 3865 593 3934 oratepro
609 3860 736 3933 pcccatis
754 3859 870 3926 vestris,
887 3858 951 3914 red·
1007 3856 1170 3913 divitiasac
1199 3861 1371 3942 potentiam,
1400 3862 1485 3934 lenge
1511 3862 1577 3918 tacti
1605 3869 1676 3920 sunt
1717 3870 1836 3937 propter

122 3950 420 4024 diteprobeneiiciis
447 3966 510 4022 ques
540 3947 654 4005 habetis
670 3965 802 4006 munera.
817 3948 860 4004 Ab
888 3947 951 4020 ipso
1006 3945 1170 4002 avaritiam.
1186 3947 1277 4004 Nemo
1292 3949 1370 4004 onim
1386 3949 1455 4006 toris
1469 3956 1524 4018 ost,
1547 3951 1603 4007 nisi
1633 3967 1721 4024 quem
1747 3950 1835 4024 culpa

119 4037 279 4111 accepistis
294 4039 371 4111 quod
386 4037 528 4094 offeratis:
544 4037 638 4110 ipsias
653 4041 698 4092 est
713 4038 790 4109 quod
811 4037 837 4093 ei
864 4035 950 4091 solvi·
1005 4033 1172 4102 excluserit,
1188 4043 1221 4092 ut
1234 4038 1320 4109 ejecit
1338 4039 1430 4094 Adam
1445 4040 1482 4095 de
1510 4040 1656 4113 paradiso,
1683 4043 1712 4096 et
1737 4039 1834 4096 exclu-

118 4127 174 4184 tis.
196 4126 287 4193 Dona,
305 4127 400 4199 inquit
414 4128 435 4197 (l
446 4126 542 4182 Paret.
568 4143 645 4190 xxix,
664 4126 719 4198 lt),
736 4143 811 4192 mea,
828 4128 857 4181 et
884 4124 952 4178 data
1006 4123 1045 4178 sit
1059 4125 1159 4179 livam.
1181 4125 1275 4181 Nemo
1289 4125 1386 4200 longe,
1404 4127 1460 4184 nisi
1478 4145 1564 4202 quem
1579 4129 1690 4202 flagitia
1718 4127 1836 4202 propria

119 4232 201 4284 mea,
220 4213 272 4271 hoc
292 4219 346 4280 est,
366 4232 430 4287 qrrrc
454 4214 563 4271 offertis
586 4213 658 4269 mibi
678 4214 766 4284 dona,
785 4215 855 4270 date
882 4215 953 4268 sunt
1006 4211 1210 4285 relegaverint.

118 4319 317 4376 mea,egoea
347 4303 412 4359 dedi
446 4301 529 4358 vobis
555 4305 643 4375 atquc
674 4301 788 4357 donari.
820 4299 951 4372 Denique
1041 4301 1085 4355 69.
1102 4301 1177 4374 drgo
1191 4319 1243 4359 vos
1257 4320 1347 4376 prope
1359 4301 1444 4376 positi
1456 4310 1535 4362 erato
1549 4310 1579 4361 ct
1590 4306 1836 4364 redditemunera

117 4391 269 4464 Propheta
295 4391 362 4446 ait:
385 4391 567 4447 «Bonorum
594 4407 725 4446 meorum
752 4406 810 4446 nen
836 4388 951 4461 indiges
1008 4388 1171 4459 «terribili,
1196 4396 1226 4445 et
1250 4393 1275 4446 ei
1305 4395 1353 4464 qui
1370 4394 1467 4448 nutert
1492 4394 1658 4468 principum
1684 4396 1833 4470 spiritum,

118 4481 211 4553 (Psoi.
223 4496 269 4548 xv,
284 4479 322 4552 2),
341 4502 352 4526 ι
371 4477 435 4535 ideo
451 4484 503 4535 tna
517 4479 569 4534 tibi
585 4479 684 4546 odero,
709 4479 849 4551 quoniam
876 4475 949 4532 nihii
1004 4477 1141 4534 terrribili
1158 4479 1235 4551 apud
1261 4497 1343 4553 reges
1371 4487 1454 4537 trrrae
1472 4483 1552 4554 (ibid.
1574 4485 1638 4552 13);
1658 4508 1671 4534 a
1696 4503 1729 4542 eo
1754 4487 1833 4558 quod

117 4569 218 4626 babeo
234 4569 309 4641 qood
323 4585 380 4624 uon
396 4569 502 4625 dedisti
519 4567 604 4624 Fides
618 4571 662 4624 est
685 4583 749 4639 que
777 4567 854 4624 dona
883 4583 951 4622 eon·
967 4599 990 4664 D
1007 4566 1088 4622 nullo
1102 4567 1263 4623 redimatur
1289 4568 1387 4626 divitis
1406 4572 1536 4643 premio,
1558 4570 1639 4629 nullo
1667 4572 1834 4631 inflectatur

117 4659 218 4725 ciliat,
234 4657 388 4714 humilitas
404 4661 448 4714 est
463 4675 527 4730 que
543 4655 641 4713 oblata
661 4656 857 4712 commendat.
886 4655 952 4711 lide
1006 4656 1171 4728 potentium
1186 4655 1353 4728 supercilio,
1370 4659 1420 4730 qui
1431 4660 1832 4734 culpeprotiadiscriminat,

116 4746 194 4804 Abel
211 4745 369 4818 plurimam
390 4743 640 4802 bostiamobtulit
663 4743 737 4801 Deo:
765 4759 854 4817 super
880 4743 950 4798 Cain
1006 4743 1311 4816 quiquoplusalicui
1332 4746 1496 4817 contulerit,
1525 4766 1559 4807 eo
1587 4749 1655 4823 plus
1678 4750 1768 4822 exigit
1794 4749 1832 4802 ab

117 4833 225 4894 fratris
248 4851 373 4891 munera
385 4834 495 4908 placuit
509 4849 617 4891 munus
627 4833 708 4902 Abel,
725 4832 861 4906 quiasrde
872 4832 950 4890 vicit.
1006 4847 1050 4888 eo.
1067 4831 1136 4888 Saul
1152 4833 1263 4905 private
1279 4836 1402 4891 contraiit
1426 4853 1561 4910 regnum,
1589 4838 1638 4894 scd
1661 4837 1731 4909 quia
1746 4850 1832 4890 mau-

116 4924 292 4982 Nomunde
320 4930 459 4996 pauperis
487 4922 583 4980 bestia
612 4921 717 4995 magis,
739 4938 827 4994 quam
852 4921 950 4978 divitis
1006 4921 1832 4998 datumnoncustodivit,etregnumamisitetspiritum.

159 5038 382 5112 (ssitetedit.
405 5041 434 5094 et
461 5055 533 5094 mss.
565 5036 656 5122 louge⁸
679 5036 809 5110 plurimi,
839 5037 951 5094 Reddite
1006 5035 1241 5163 zuiinsiugulis
1260 5038 1363 5095 incisis
1390 5039 1621 5112 subintelligitur
1648 5038 1704 5094 hoc
1727 5041 1832 5111 pacto:

115 5116 149 5169 in
168 5125 313 5237 posceres,
331 5112 359 5165 in
388 5125 484 5181 operes
507 5110 617 5175 soluite,
645 5125 674 5162 uc
699 5111 793 5180 inopes
818 5109 949 5179 serenate,
1027 5108 1117 5188 elidite
1131 5110 1159 5163 in
1179 5125 1307 5180 pennae,
1332 5109 1436 5182 supple
1450 5113 1653 5170 Deomcccrc:
1671 5114 1700 5166 et
1727 5112 1771 5166 sic
1797 5109 1834 5164 de

115 5197 219 5256 qraaep
249 5197 312 5237 cerc
339 5183 445 5252 possiet
462 5181 544 5236 Derim
570 5183 652 5250 (mss.
678 5180 799 5251 aliquot,
828 5184 861 5235 ln
890 5181 951 5234 illos
1005 5184 1131 5234 reterre.
1148 5181 1203 5234 Sed
1221 5181 1287 5235 lieet
1309 5183 1396 5236 etiam
1417 5181 1580 5251 simplicius
1609 5197 1662 5252 per
1686 5195 1772 5237 voces
1800 5182 1832 5236 in

114 5257 222 5325 inopes
246 5255 380 5325 ferreole,
409 5253 458 5324 qui
478 5253 586 5324 placere
610 5253 717 5324 possiet
740 5252 802 5323 Deir)
839 5266 890 5322 pro
911 5261 951 5306 ter
1003 5254 1174 5377 petzamin
1189 5268 1282 5321 eperco,
1298 5251 1446 5306 Christum
1461 5251 1831 5333 designatumintslligero.

113 5325 234 5397 fluento
261 5335 374 5392 cestre,·
401 5325 485 5378 aliter
512 5323 586 5378 enim
626 5337 681 5377 noa
719 5323 841 5392 potestis.
904 5338 951 5394 reo
1040 5324 1049 5392 (
1088 5322 1156 5393 itta
1180 5337 1251 5377 mss.
1276 5320 1388 5392 aliquot
1412 5322 1639 5394 antisqurssimas
1663 5339 1780 5379 manus.
1797 5323 1833 5378 lit

113 5412 252 5470 quem...
276 5396 359 5466 [rece
386 5395 460 5451 uotis
484 5409 546 5448 eem
581 5391 737 5449 debitorem.
768 5392 852 5448 Rom.
880 5393 948 5449 edit.
1005 5391 1153 5448 hoccerte
1177 5408 1243 5446 cum
1269 5391 1469 5464 superioribus
1498 5395 1594 5467 magis
1621 5395 1757 5451 concinit.
1774 5393 1831 5450 Neu

114 5483 192 5525 cum
208 5469 318 5531 nostra,
335 5481 428 5537 usque
451 5465 487 5520 ad
508 5479 607 5520 vocem
629 5467 760 5534 reserate,
787 5463 948 5532 consentit;
1004 5467 1102 5519 nmen
1119 5462 1302 5533 aspernanda
1317 5461 1440 5519 aliorum
1456 5480 1528 5521 mss.
1545 5471 1632 5538 atque
1655 5466 1724 5522 odit.
1746 5465 1830 5522 lectio

114 5540 382 5596 caeteracumcet.
400 5536 702 5592 Nostramrcromss.
727 5539 791 5589 octo
821 5533 949 5590 molieris
1006 5551 1071 5606 qus
1086 5541 1130 5589 est
1144 5533 1448 5603 hujusmouizscceie
1463 5536 1613 5593 mistionis
1627 5541 1655 5593 et
1668 5537 1744 5608 fidei,
1774 5553 1831 5592 eon

113 5610 175 5667 aevi
192 5607 388 5666 constituunt.
410 5607 480 5664 bam
497 5622 582 5679 porro
597 5605 663 5662 aliis
678 5603 762 5662 facile
776 5604 949 5677 praetuleris,
1003 5605 1203 5676 sacrificiorum
1216 5603 1364 5660 ambitione
1381 5607 1505 5665 detector.
1524 5609 1727 5680 tantammodo,
1738 5612 1792 5666 etc.

114 5687 150 5740 st
165 5678 385 5739 animadvertas
397 5677 550 5736 relativum
568 5693 647 5750 quen
664 5676 762 5732 reterri
784 5676 820 5733 ad
845 5676 948 5747 Deum,
