4159 6184
164 362 218 418 ’ΤΠ
551 361 665 424 LIBEll
688 362 738 420 llli
761 360 1116 422 llllNFDlC'l'lllNlBl'S
1141 358 1495 418 usiltlnucllnltlltl.
1805 357 1865 416 'ilii

164 496 293 566 argento,
310 494 360 550 sed
377 494 432 550 fide
447 497 475 550 et
490 493 640 548 devotione
656 508 829 547 mercemur.
853 491 933 546 Unde
958 497 986 548 et
1001 497 1026 560 Α
1044 508 1121 557 sum,
1139 494 1202 544 uta
1221 489 1421 561 superioribus
1434 489 1469 543 ad
1490 488 1587 560 priora
1612 503 1643 543 so
1665 489 1833 559 extendens,
1851 511 1868 551 n

163 581 252 638 David
267 582 303 638 de
323 583 387 656 ipso
416 582 503 638 dicit:
535 603 549 632 (ι
580 582 651 636 Ecce
676 580 831 636 hareditas
861 577 986 642 Domini,
1043 580 1167 636 Domino
1182 583 1361 651 exspectaret
1376 577 1512 634 salutem.
1529 577 1645 633 Sciebat
1663 579 1741 634 euim
1766 597 1797 636 se
1822 599 1867 639 re-

164 670 213 726 dlii
230 687 352 741 merces,
370 669 704 739 sructusrentristl’snl.
730 685 824 734 cxxvr,
849 669 886 740 3).
912 689 926 719 u
954 669 989 723 Εἰ
1043 668 1258 734 suscitandum,
1274 673 1301 722 et
1316 668 1537 738 ideoJocentem
1557 668 1650 723 Adam
1679 671 1867 742 exspectabat

162 760 277 833 Moyses
292 762 328 818 de
342 778 375 818 eo
392 760 481 816 dicit:
499 783 512 810 u
536 760 646 816 Merces
671 759 746 814 eirca
772 773 852 814 mare
873 755 989 812 inhabi-
1043 758 1165 830 erigere.

161 849 288 906 lentium
304 851 394 920 (Dent.
410 867 510 918 xxvur,
525 849 580 920 19).
601 871 614 898 n
644 847 695 903 llic
726 849 770 901 est
800 845 849 918 qui
879 846 988 902 bonum
1079 849 1123 902 33.
1139 847 1221 902 Unde
1235 864 1289 902 nos
1303 863 1369 902 cum
1385 847 1459 902 bene
1475 846 1502 901 in
1519 846 1565 901 via
1582 848 1740 916 currimus,
1765 865 1865 905 cavea·

160 939 328 1013 concupivit
343 940 380 994 nb
395 938 489 1004 initio,
505 943 534 994 et
563 938 639 1010 quod
667 935 777 991 malum
802 934 989 1002 est,deside·
1044 936 1229 992 mus'necubi
1246 935 1468 1009 serpenslateal
1490 936 1519 990 in
1546 937 1660 1002 semite,
1689 942 1719 992 et
1741 939 1866 995 subruat

160 1029 372 1084 rareneseivit.
390 1028 547 1099 Dequoet
570 1025 661 1082 isaias
689 1025 748 1081 aira:
777 1047 788 1072 α
814 1023 988 1094 Priusquam
1043 1025 1200 1097 vestigium
1216 1026 1293 1097 equi,
1310 1025 1364 1081 hoc
1380 1028 1425 1080 est
1440 1025 1571 1097 corporis
1588 1024 1690 1094 nostri,
1705 1029 1735 1080 et
1750 1007 1867 1098 dejiciat

160 1117 237 1172 sciat
253 1133 326 1190 puer
340 1133 442 1172 vocare
458 1122 570 1190 patrem
590 1118 641 1169 uiri
656 1117 791 1178 matrem,
818 1129 874 1166 non
897 1110 988 1167 credi·
1045 1114 1141 1170 subito
1162 1114 1289 1186 equitem
1315 1113 1518 1169 dormientem.
1549 1115 1621 1168 Nam
1649 1115 1673 1169 si
1700 1114 1865 1187 vigilemus,

159 1206 204 1261 dit
220 1204 350 1270 malitiae,
366 1204 477 1279 eligens
491 1205 569 1278 quod
585 1204 694 1259 bonum
711 1203 756 1258 est
771 1201 834 1272 (lea.
851 1217 912 1266 viu,
929 1201 988 1270 ll.»
1044 1221 1144 1260 carcre
1159 1204 1300 1259 debemus
1315 1203 1512 1276 aliquatenus,
1528 1207 1556 1258 et
1575 1220 1692 1259 morsus
1720 1202 1868 1262 declinare

160 1294 315 1368 Requievit
330 1294 406 1350 inter
421 1297 514 1350 sortes
533 1292 648 1348 Veteris
670 1295 698 1347 et
717 1289 788 1345 Novi
810 1287 991 1362 testamenti,
1045 1293 1196 1366 serpentis.
1215 1294 1276 1348 Non
1294 1309 1361 1365 crgo
1386 1310 1439 1348 nos
1462 1292 1608 1364 opprimet
1630 1308 1754 1348 somnus
1774 1291 1868 1365 negli-

160 1387 206 1440 rel
220 1385 248 1440 in
266 1383 362 1440 medio
379 1383 599 1456 prophetarum.
622 1381 749 1452 Ideoque
772 1378 848 1434 inter
871 1377 989 1450 Moysen
1044 1383 1293 1457 geutiae‚somnus
1309 1381 1418 1447 saculi,
1445 1399 1503 1436 non
1533 1382 1678 1455 opprimat
1700 1381 1867 1438 diviliarum

159 1478 186 1530 et
214 1471 310 1529 Ellam
341 1472 457 1528 medius
486 1470 630 1544 apparuit,
662 1473 694 1524 ut
717 1468 882 1524 ostenderet
905 1465 990 1522 nobis
1044 1488 1186 1539 somnus;
1204 1475 1282 1527 neet
1306 1471 1341 1526 de
1367 1471 1451 1526 nobis
1480 1470 1615 1526 dicatur:
1640 1470 1868 1527 obdormierunt

163 1563 243 1636 quod
260 1563 290 1617 in
306 1578 408 1618 eorum
430 1560 617 1618 sermonibus
641 1558 770 1629 requiem
798 1557 914 1622 habent,
938 1571 990 1628 per
1044 1577 1180 1616 somnum
1193 1577 1280 1615 sunm
1296 1563 1325 1615 ct
1340 1559 1412 1614 nihil
1428 1559 1601 1615 inuenerunt
1613 1577 1714 1616 omnes
1728 1558 1780 1614 viri
1797 1560 1867 1617 divi-

162 1668 238 1725 quos
262 1651 394 1725 plerique
423 1649 550 1723 peccetis
580 1647 784 1704 renuntiantes
809 1646 931 1700 credunt
958 1643 989 1699 in
1044 1651 1151 1705 [iareim
1169 1649 1407 1720 (rectamne).
1425 1649 1511 1704 »Sed
1536 1652 1606 1704 sunt
1625 1653 1654 1704 et
1672 1648 1784 1721 equites
1798 1650 1866 1704 dor-

162 1741 256 1797 Deum
270 1741 368 1796 virum
386 1757 392 1794 ε
408 1738 450 1795 vel
466 1739 542 1812 quod
565 1737 622 1811 ipsi
650 1736 710 1792 sint
734 1739 824 1790 testes
848 1749 990 1789 resurrec-
1044 1738 1178 1808 mientes,
1194 1738 1230 1793 de
1246 1738 1354 1809 quibus
1369 1738 1511 1809 scriptum
1527 1738 1867 1794 est:«1)0rmiaaverunt

162 1829 253 1886 tionis
268 1831 333 1902 ejus
348 1834 377 1885 et
392 1828 481 1884 beata
498 1826 616 1900 quietis.
1045 1827 1093 1901 qui
1110 1828 1306 1883 ascenderunt
1319 1843 1410 1899 equos
1421 1827 1499 1897 (ltid.
1516 1829 1554 1896 7).
1572 1851 1586 1879 u
1603 1827 1633 1883 Si
1652 1828 1773 1884 avaritia
1799 1844 1867 1900 peo-

197 1919 244 1974 31,
262 1919 409 1998 ltaque'ut
424 1917 459 1972 ad
477 1914 700 1972 resurrectionis
718 1931 776 1969 sue
791 1913 914 1986 gratiam
936 1927 988 1966 vo·
1043 1921 1191 1972 tustuom
1217 1916 1360 1984 vulneret,
1392 1916 1416 1971 si
1440 1914 1532 1972 libido
1559 1916 1733 1985 inflammet,
1756 1917 1868 1974 dormis

161 2011 243 2064 caret
257 2010 360 2080 gentes
370 2005 445 2078 (ipso
460 2007 504 2060 est
514 2003 591 2058 enim
607 2001 726 2076 pinguis
741 2005 769 2058 et
784 1998 887 2056 fertilis
899 2003 987 2066 terra,
1043 2022 1143 2078 eques,
1160 2009 1188 2060 et
1202 2004 1268 2060 ideo
1283 2022 1390 2078 corpus
1400 2010 1497 2074 tuum,
1513 2005 1636 2076 beonet,
1653 2022 1763 2079 equum
1782 2010 1868 2063 tuum

161 2113 226 2169 qure
243 2096 356 2151 fructus
378 2097 496 2168 genennt
519 2096 652 2160 sternes,
678 2092 790 2146 fructus
814 2089 988 2144 centesimos
1043 2111 1100 2150 non
1117 2100 1199 2167 potes
1214 2096 1369 2151 retrenare.
1387 2095 1483 2168 Vigila
1498 2112 1576 2168 ergo,
1593 2098 1625 2151 ut
1646 2097 1735 2151 etium
1763 2096 1788 2151 si
1815 2096 1867 2152 de-

160 2191 190 2242 el
205 2183 427 2258 sexagesimos),
443 2180 569 2253 SUbi'flssli
584 2180 739 2236 humetum
757 2195 843 2233 suum
860 2178 894 2232 ad
910 2176 989 2231 labo·
1038 2184 1137 2255 jactus
1153 2184 1253 2251 lucris,
1268 2184 1324 2240 hoo
1340 2189 1393 2250 est,
1419 2189 1554 2241 mortuus
1578 2185 1679 2251 lucris,
1690 2201 1748 2240 nou
1764 2185 1868 2242 obdor-

162 2275 301 2346 randum,
327 2271 486 2343 snbjieiens
514 2286 544 2326 se
573 2268 663 2332 cruci,
689 2273 722 2323 ut
751 2271 851 2323 nostra
869 2269 989 2338 peccata
1044 2272 1128 2328 mins.
1145 2273 1198 2336 Oui
1213 2273 1290 2329 enim
1307 2273 1495 2329 obdormiunt
1510 2290 1648 2329 somnum
1669 2291 1768 2343 suum,
1792 2272 1865 2329 nihil

161 2367 304 2439 portaret.
322 2363 445 2434 Ideoque
464 2349 533 2414 dicit
549 2358 708 2430 propheta:
726 2379 738 2406 r<
766 2356 856 2425 Cuius
880 2354 988 2427 princi·
1043 2363 1667 2434 insoniunt.Tuoutcmexspcctasalutem
1689 2381 1707 2418 a
1729 2362 1865 2430 Domino,

160 2455 246 2529 pium
263 2468 353 2525 super
367 2450 524 2506 humerum
540 2448 605 2520 ejus
622 2447 683 2518 (isa.
702 2463 740 2516 rx,
756 2445 794 2517 (t).
811 2465 826 2496 a
853 2443 906 2498 boc
933 2447 987 2512 est,
1045 2453 1197 2506 venturam
1212 2450 1332 2523 respice,
1349 2455 1381 2505 nt
1394 2451 1519 2522 gratiam
1541 2450 1763 2508 resurrectionis
1785 2451 1866 2506 inve·

160 2559 253 2616 super
268 2539 399 2614 corporis
413 2537 580 2611 passionem
598 2534 759 2590 divinitatis
784 2536 922 2605 poteslas.
944 2531 987 2586 rel
1045 2538 1118 2594 nias,
1138 2537 1421 2594 Dormiahailndas:
1438 2538 1564 2611 denique
1578 2538 1785 2595 verhacmjsei
1806 2556 1865 2595 non

68 2679 70 2682 .
160 2649 234 2688 crux
249 2627 471 2701 supereminens
487 2625 613 2699 corpori.
633 2623 733 2680 Posuit
748 2639 815 2694 ergo
831 2621 987 2690 humerum
1045 2627 1374 2684 arrdiebat.llormiebnt
1396 2627 1498 2694 ludas,
1527 2631 1556 2682 et
1584 2628 1703 2701 quidem
1727 2644 1867 2683 somnum

159 2720 339 2777 incumbens
355 2721 451 2772 aratro
466 2713 604 2776 omnibus
619 2710 782 2768 subeundis
804 2707 989 2766 coutumeliis
1043 2717 1221 2783 diuitiarum,
1237 2716 1286 2788 qni
1303 2716 1464 2772 mercedem
1482 2717 1517 2771 de
1532 2716 1695 2789 proditione
1707 2716 1865 2789 querebat.

157 2810 289 2882 paticus,
306 2807 347 2862 itu
362 2805 512 2876 subjectus
526 2801 629 2870 labori,
647 2800 891 2856 ntvulueroretur
904 2815 990 2872 prop·
1044 2805 1124 2860 vidit
1151 2822 1217 2860 eum
1247 2804 1440 2860 dormientem
1463 2805 1608 2873 diabolus,
1639 2809 1668 2860 eq
1691 2821 1866 2878 oppressum

156 2906 205 2954 ter
234 2895 406 2968 iniquitates
432 2899 558 2958 nostros,
591 2896 619 2947 et
647 2890 848 2946 infirmaretur
871 2891 990 2959 propter
1043 2894 1396 2967 avaritiaesomnngravi2
1415 2894 1584 2950 misitania
1603 2894 1862 2968 corejufflulne.

157 2975 988 3062 peccatanostra.«llttaotusestviragrigola‚»soiens
1044 2983 1248 3056 raetiaquum,
1268 2983 1374 3054 dejecit
1401 2984 1540 3056 equitem,
1570 3001 1658 3057 quem
1688 2985 1867 3057 separavita

157 3081 269 3133 terram
287 3089 371 3131 suoru
391 3071 467 3127 bono
483 3070 628 3126 seminare
649 3069 806 3133 Frumento,
832 3079 858 3121 ei
887 3063 987 3120 tructi-
1042 3073 1167 3130 Christo,

157 3157 714 3231 felas³?b0lesflllaffldi00Plflnlfllss·
1077 3163 1122 3219 311.
1136 3163 1215 3218 Hauc
1256 3161 1366 3218 tribum
1404 3162 1551 3218 benedixit
1593 3163 1706 3236 Moyses
1744 3163 1879 3222 dicenst‘

480 3272 596 3330 CAPUT
615 3271 673 3327 vll,
1002 3245 1023 3310 C
1046 3257 1134 3307 «Dan
1149 3251 1263 3308 catulus
1278 3250 1380 3320 leonis,
1402 3255 1431 3307 et
1459 3253 1578 3324 effugiet
1606 3269 1640 3309 ex
1666 3253 1761 3310 Basnn
1777 3255 1862 3322 (emt.

161 3376 204 3427 De
220 3366 405 3424 terredietione
418 3362 488 3428 lieni
505 3377 568 3434 qaae
582 3365 707 3429 lecturum
721 3377 756 3415 rc
770 3375 801 3414 eu
816 3359 888 3414 tritu
907 3358 986 3414 doti·
1041 3359 1141 3409 ΜΠ,
1157 3342 1215 3412 ῗῖ),
1234 3363 1248 3390 ”
1263 3341 1317 3396 ¹³⁰⁰
1332 3346 1386 3408 ³8¹.
1403 3357 1437 3396 ⁰1
1453 3342 1633 3398 conlusifflle.
1656 3342 1738 3398 Unde
1761 3359 1865 3399 secuu-

200 3441 335 3497 christum
347 3436 528 3509 prenuntiat
547 3431 906 3488 Exhortatioudvitiorum
916 3444 986 3484 som·
1042 3432 1112 3487 dom
1128 3430 1259 3485 Graecum
1276 3431 1370 3502 magis
1390 3430 1550 3503 intelligere
1570 3431 1720 3502 debemus,
1751 3449 1866 3505 exque

201 3527 270 3595 'illm
292 3505 486 3592 ssfflllfffldllm
506 3505 706 3576 sunjunqirum
731 3512 873 3574 dimitam
895 3499 988 3557 “illim
1044 3519 1166 3574 Latinus
1182 3518 1343 3585 transtulit,
1361 3521 1437 3590 quod
1455 3521 1516 3575 Dan
1539 3520 1602 3592 ipse
1626 3522 1717 3577 lactus
1741 3521 1780 3577 sit
1803 3538 1867 3578 ser·

201 3583 290 3639 mm
303 3579 467 3653 p'aedwuw'
482 3577 516 3633 “d
528 3575 610 3646 mmm
626 3591 778 3630 “cmm
1045 3625 1117 3682 pens
1133 3607 1161 3661 in
1177 3607 1223 3662 vin
1244 3607 1357 3663 sedens.
1389 3607 1451 3662 Dan
1474 3607 1620 3678 judicium
1649 3608 1866 3682 interpretatur.

202 3699 247 3752 32.
265 3718 279 3746 u
293 3695 353 3752 Dan
366 3692 513 3766 judicabit
527 3689 667 3764 populum
684 3705 770 3742 suum
797 3692 936 3758 tanquam
962 3689 990 3742 et
1044 3698 1079 3752 Et
1094 3695 1158 3751 ideo
1169 3712 1255 3767 graue
1266 3694 1369 3765 judicii
1386 3694 1546 3767 periculum
1563 3697 1659 3752 tribus
1680 3695 1737 3753 isto
1764 3700 1867 3767 subiit,

166 3781 504 3842 unstribuslsrnel.llt
523 3781 617 3836 iaetus
645 3782 689 3834 est
712 3777 772 3832 Dou
796 3777 850 3849 ipsi
871 3791 991 3848 serpens
1046 3785 1092 3841 cui
1108 3801 1228 3857 serpens
1242 3782 1365 3856 illapsus
1379 3783 1577 3841 Antichristus
1591 3773 1644 3854 est,
1670 3787 1720 3859 qui
1749 3804 1867 3843 cursen.

168 3875 245 3932 522
259 3873 290 3929 5¹¹
305 3872 351 3928 Via
365 3871 480 3940 sedens,
500 3873 529 3926 θῑ
555 3869 583 3924 ll¹
610 3868 715 3924 Sssfflllst
739 3867 876 3922 mordens
897 3863 990 3920 calci·
1047 3874 1180 3931 temsuis
1195 3873 1340 3929 sauciaret
1354 3874 1481 3930 venenis.
1498 3873 1553 3929 Sed
1570 3879 1668 3930 tamen
1688 3875 1752 3948 ipsa
1772 3875 1868 3931 tribus

168 3980 256 4020 neum
278 3962 356 4035 equi,
376 3965 404 4016 el
436 3959 521 4015 “fidel
547 3973 636 4030 eques
664 3959 836 4021 telmisum,
865 3953 991 4010 Salutem
1046 3962 1263 4020 liberabitura
1290 3963 1471 4029 confusione,
1506 3979 1573 4018 cum
1612 3963 1700 4018 suerit
1736 3962 1870 4018 consessa

169 4047 509 4124 ⁰¹³Pessl⁸⁰⁵²10⁰ffllfl0
529 4045 605 4118 (Gen.
635 4061 710 4111 llll,
740 4044 795 4115 16)·
824 4064 837 4092 ”
864 4041 993 4114 Simplex
1047 4057 1175 4126 equitem
1189 4052 1466 4126 resurgentemqui
1484 4052 1565 4108 uit:«
1581 4053 1633 4118 Qui
1650 4069 1696 4109 me
1716 4053 1869 4109 consessus
1954 4107 1958 4114 ,

169 4140 286 4212 quidem
308 4137 472 4194 lsslssllffllus
502 4135 556 4191 ¹¹⁰⁰
580 4134 679 4204 balmis
707 4133 785 4205 (100‘1
813 4132 901 4187 ellam
931 4132 993 4187 ⁰⁸11
1050 4142 1448 4209 fueritcoramhomiuibus,
1479 4142 1639 4198 confitebor
1668 4147 1697 4199 et
1718 4159 1772 4216 ego
1801 4158 1870 4197 eum

172 4228 404 4301 tribusjudicem
418 4224 531 4281 dederit
547 4223 576 4279 in
598 4222 694 4278 lsrael.
724 4221 835 4276 Etenim
858 4225 924 4292 post
945 4221 993 4276 Je·
1049 4249 1147 4288 comm
1163 4232 1246 4288 patre
1263 4249 1326 4287 meo
1342 4232 1392 4304 qui
1408 4235 1452 4288 εει
1466 4231 1495 4286 in
1506 4230 1603 4287 celis:
1625 4233 1675 4303 qui
1700 4236 1799 4288 autem
1823 4247 1871 4287 me

172 4334 235 4374 ³¹¹OE
250 4317 326 4373 Nave
338 4315 454 4387 llldissffl
469 4313 589 4368 suerunt
602 4309 696 4383 Pleblss
712 4309 747 4365 de
762 4309 886 4364 diversis
905 4308 995 4365 tribu·
1050 4321 1194 4377 confusus
1210 4319 1296 4375 luerit
1311 4338 1408 4376 corum
1433 4320 1616 4389 homiuibus,
1641 4321 1818 4378 contundam
1844 4324 1874 4376 et

173 4407 234 4462 bus·
251 4404 317 4461 Fuit
331 4407 431 4460 aulem
447 4407 475 4458 θῐ
489 4405 614 4456 SflmSffll
630 4400 666 4455 ‘³⁰
682 4397 758 4453 lllbu
777 4399 847 4464 [³⁰⁰¹
866 4402 895 4453 θῐ
913 4397 995 4469 ludi·
1050 4427 1103 4484 ego
1117 4426 1183 4466 eum
1201 4426 1298 4466 corum
1315 4409 1398 4465 Patre
1415 4425 1478 4465 mco
1494 4410 1543 4481 qui
1559 4410 1588 4466 in
1599 4409 1680 4466 omlis
1700 4415 1745 4466 est
1768 4409 1871 4483 (llattlc.

173 4496 245 4552 cavit
261 4493 349 4550 lsrael
363 4491 466 4565 viginti
482 4489 578 4547 annis.
602 4489 657 4544 Sed
688 4505 744 4542 non
769 4486 847 4542 hunc
872 4486 996 4562 prophe·
1050 4517 1078 4569 x,
1092 4500 1137 4567 32,
1153 4499 1208 4570 33),
1226 4521 1240 4547 „

175 4583 214 4638 tia
227 4583 383 4657 significat,
400 4583 431 4637 at
444 4577 654 4636 Antichristum
679 4576 729 4648 qui
758 4575 875 4632 iuturus
895 4579 940 4630 est
962 4591 996 4631 ex

177 4671 251 4727 tribu
275 4672 350 4736 Dan,
378 4685 472 4726 savus
496 4666 598 4738 judex,
625 4669 654 4721 et
680 4670 824 4737 tyrannus
846 4663 995 4732 immanis,

179 4782 190 4805 «ι
204 4759 346 4831 judicabit
361 4757 503 4832 populum
520 4771 618 4814 suum.
642 4755 795 4826 'l'unqunm
821 4769 940 4825 serpens
965 4752 995 4807 in

178 4847 228 4914 ria,
244 4849 351 4904 sedens
366 4847 395 4902 in
410 4844 525 4912 semila,
543 4867 557 4893 »
575 4842 699 4914 deiicere
726 4841 852 4897 tentabit
871 4858 920 4897 eos
946 4841 996 4915 qui
1480 4897 1486 4906 ⁴

179 4937 248 4992 vium
266 4936 419 4993 ambulant
432 4933 574 5001 veritatis,
589 4931 776 5004 supplantare
800 4931 922 5004 cupiens
950 4947 995 4986 ve·
1090 4928 1133 4982 35.
1150 4950 1164 4975 o
1180 4927 1241 4981 Gud
1257 4926 1389 4992 tentatio,
1402 4926 1523 4982 tentarit
1541 4942 1619 4989 eum,
1643 4927 1671 4979 et
1694 4923 1757 4994 ipss
1784 4922 1876 4975 tenta-

181 5025 299 5082 ritatem.
317 5022 527 5081 Honestenim
545 5021 675 5077 mordere
690 5019 756 5092 equi
768 5019 947 5090 calcaneum,
966 5022 998 5074 ut
1052 5015 1093 5070 vit
1108 5032 1157 5072 eos
1170 5031 1254 5070 secus
1269 5016 1358 5088 pedes
1381 5016 1456 5086 (Gen.
1485 5031 1561 5078 xcix.
1590 5013 1643 5082 19).
1671 5008 1804 5065 Tantalio
1832 5011 1877 5063 est

179 5115 275 5174 veneni
306 5112 468 5171 sullusioue
498 5127 592 5184 equus
621 5109 751 5175 saucius,
774 5113 802 5164 et
829 5109 997 5164 vnlneratus
1054 5105 1240 5178 congregatio
1259 5110 1288 5161 et
1313 5105 1421 5160 astutia
1435 5103 1491 5175 (ll)
1513 5102 1676 5157 scribarum
1697 5103 1726 5155 et
1741 5097 1878 5154 sacerdo·

179 5197 997 5278 denteserpentis,levetcalcaneumsuum‚sicutludas
1055 5199 1120 5250 tum
1160 5193 1210 5266 qui
1244 5194 1401 5250 Dominum
1432 5193 1535 5247 lesum
1558 5191 1594 5246 de
1621 5188 1730 5243 tributo
1758 5187 1879 5242 deseris

175 5292 306 5368 proditor
322 5296 450 5348 tentatus
465 5306 482 5346 a
497 5290 612 5345 diabolo
628 5305 716 5360 super
724 5288 880 5344 Dominum
897 5287 998 5342 lesum
1056 5285 1159 5356 (llottlr.
1176 5301 1245 5351 xxn,
1261 5284 1317 5353 17),
1334 5289 1362 5338 ct
1376 5283 1412 5336 de
1426 5278 1548 5335 loannis
1569 5277 1744 5350 baptismate
1772 5276 1877 5348 (dlottlr.

174 5381 280 5439 levavit
294 5380 466 5438 calcaneum
482 5395 580 5445 suum,
598 5381 629 5432 ut
644 5375 782 5449 dejiceret
796 5369 998 5447 equitem,qui
1054 5389 1123 5441 xxii,
1148 5375 1204 5441 25),
1234 5377 1267 5426 ut
1295 5371 1394 5426 docuit
1420 5369 1579 5438 Scriptura,
1609 5367 1780 5435 tentabunt;
1812 5365 1877 5437 qui-

173 5489 204 5529 se
223 5469 330 5540 dejecit
356 5473 389 5524 ut
416 5483 518 5524 omncs
543 5465 659 5522 levaret.
688 5463 797 5520 Cecidit
826 5464 915 5538 igitur
941 5482 998 5521 nou
1055 5460 1366 5519 busllominuslesus
1385 5458 1413 5513 in
1443 5474 1496 5513 sua
1520 5456 1637 5527 justitio
1662 5460 1876 5511 tentamentum

171 5563 341 5639 prostratus
354 5557 499 5635 infaciem
515 5554 599 5629 quusi
622 5553 795 5618 dormitans,
821 5553 871 5610 scd
893 5558 998 5611 retror·
1055 5551 1181 5611 retorsit.
1199 5575 1212 5601 «
1229 5549 1319 5606 Secus
1334 5550 1432 5622 pedes,
1453 5571 1467 5600 a
1489 5546 1543 5604 bor
1569 5551 1624 5616 est,
1647 5545 1784 5604 continuo
1814 5545 1877 5602 sine

1318 4633 1396 4689 52AE
1411 4633 1525 4688 CAPUT
1543 4633 1606 4688 Vlll

1054 4723 1244 4778 Berredictione
1259 4721 1314 4776 Gort
1329 4727 1479 4778 teununroc
1496 4723 1640 4778 llorninum
1657 4721 1773 4786 ledros,
1789 4727 1815 4773 et
1833 4718 1873 4772 ui·

1157 4796 1249 4849 cassim
1263 4793 1404 4849 tentandos
1418 4794 1451 4848 ol
1473 4794 1574 4864 cedern,
1594 4793 1765 4849 adcremari.

209 5701 267 5788 lli)
285 5701 354 5764 nar.
372 5699 514 5774 nonnulli,
529 5698 716 5780 cooperatori
730 5698 841 5771 mietio,
855 5700 909 5760 etr.
