4159 6184
835 357 957 426 elaea
977 357 1030 425 nu
1051 359 1180 427 roste.

1802 349 1879 426 ΒΜ

129 493 275 570 accipias.
293 479 347 548 Va}
368 487 452 548 enim
484 489 535 564 qui
565 489 799 552 scandalizaverit
826 514 919 551 unum
946 497 980 550 do
997 498 1019 562 ,t
1038 496 1177 551 honorem
1192 494 1437 554 abundantiorem
1456 493 1657 570 habent,quia
1678 512 1730 569 per
1750 495 1861 570 passio-

128 585 254 664 pusillis
270 580 359 641 istisl
379 578 410 638 Si
422 595 478 636 sua
488 577 615 639 stultitia
623 584 868 660 amiseritpignos
878 604 977 652 suum,

129 686 160 738 tu
179 693 241 748 nen
258 671 391 731 habebis
407 669 565 726 delictum.
584 671 612 727 Si
634 677 731 730 autem
747 692 857 749 pauper
880 674 977 740 luerit,

128 769 222 826 redde
235 765 351 840 pignus
370 763 441 818 ante
464 756 545 816 'solis
569 778 727 834 occasum;
744 765 851 839 pignus
880 767 978 821 autem

126 858 346 915 vestimentum
373 853 429 907 est.
462 848 493 904 Si
522 847 580 904 sibi
598 850 679 908 dives
701 853 827 920 videtur,
856 853 919 926 ipso
947 869 979 908 se

128 946 250 1020 decipit,
263 943 288 1000 si
305 943 420 1016 pignus
438 937 597 994 tradiderit
612 957 701 996 suum
716 960 722 997 :
740 943 764 997 si
791 947 889 999 autem
904 959 977 1014 pau·

128 1035 248 1111 purqui
275 1050 336 1088 nou
367 1031 477 1087 habeat
503 1026 623 1084 divitias
649 1031 783 1103 spiritus,
817 1032 905 1088 reddo
933 1031 977 1086 illi

130 1126 345 1184 vestimentum
363 1137 451 1178 suum
469 1121 538 1174 autc
554 1116 628 1173 solis
644 1136 793 1177 occasum.

165 1219 210 1271 72.
223 1213 252 1268 si
264 1213 301 1268 de
317 1209 462 1285 corporali
478 1209 617 1280 ageretur
632 1207 767 1280 pignore,
795 1210 898 1283 utique
914 1227 977 1265 rra·

133 1307 239 1381 gisper
263 1301 347 1358 dicm
376 1298 558 1357 reddendum
573 1295 645 1362 luit,
661 1313 696 1350 nc
722 1299 875 1369 turpitudo
906 1298 978 1354 nudi

133 1392 263 1468 eorporis
280 1391 390 1448 diurno
406 1388 517 1445 lumine
534 1385 715 1458 proderetur
733 1403 738 1440 :
757 1387 883 1442 tenebre
899 1387 978 1443 euim

133 1486 247 1543 nudum
264 1499 323 1538 uon
341 1479 479 1554 produnt.
496 1477 534 1534 ac
550 1475 574 1531 si
589 1475 655 1530 hoc
671 1479 801 1529 moveret
825 1475 904 1548 quod
920 1493 978 1532 nen

1036 603 1104 642 nem
1121 585 1238 641 Domini
1252 601 1375 662 regnum
1391 587 1476 645 nobis
1492 590 1784 661 paratureternum;
1803 601 1861 658 quo

1034 673 1192 746 enimquis
1213 674 1279 747 plus
1303 678 1473 749 peccaverit,
1500 694 1533 733 eo
1549 673 1617 751 plus
1633 675 1739 749 diligit.
1756 674 1863 732 Conse·
1919 734 1923 741 ,

1034 763 1182 837 peliamur
1197 763 1289 836 igitur
1312 765 1436 822 Domino
1461 765 1545 835 lesu,
1575 769 1607 823 ut
1632 765 1791 838 participes
1816 781 1860 820 re-

1033 853 1227 910 surrectionis
1260 855 1324 925 ejus
1357 872 1421 911 esse
1459 871 1635 921 recreamur,
1665 852 1863 927 exspoliemus

1033 941 1332 999 veteremhominem
1360 961 1427 1000 cum
1458 943 1571 1001 actibus
1597 945 1673 1016 ejus,
1703 943 1863 1000 induamus
1929 954 1932 962 ’

1034 1048 1152 1099 ιιοιιιιιι,
1167 1031 1196 1086 iu
1217 1037 1330 1104 quaest
1343 1034 1478 1090 remissio
1490 1039 1685 1107 pcccatorum.

1067 1121 1112 1174 75.
1130 1119 1228 1175 Bonus
1250 1139 1317 1194 ergo
1332 1123 1567 1196 amietuessatque
1586 1121 1719 1193 vestitus,
1741 1123 1863 1178 verbum

1034 1209 1096 1264 Dei.
1113 1209 1173 1265 lloc
1185 1209 1292 1266 vestitu
1317 1210 1370 1266 filit
1399 1212 1457 1268 Noe
1482 1211 1619 1284 pudenda
1635 1212 1728 1284 patris
1742 1227 1862 1284 operue-

1034 1302 1112 1366 runt,
1128 1299 1305 1373 accipientes
1320 1318 1410 1374 super
1424 1301 1563 1358 humeros
1592 1301 1813 1366 vestimentum,
1835 1304 1865 1356 et

1035 1389 1194 1444 retrorsum
1222 1395 1387 1474 pepgantes,
1412 1406 1449 1446 ne
1479 1391 1614 1446 viderant
1642 1389 1738 1445 virilia
1759 1389 1862 1462 patris,

1034 1475 1089 1531 boe
1105 1485 1160 1546 est,
1178 1495 1321 1551 corporea
1336 1497 1400 1550 que
1415 1478 1523 1535 habent
1543 1480 1685 1552 pudorem
1706 1478 1864 1551 quemdem

132 1564 621 1646 baberetpauper,qrrodormiens
642 1561 698 1634 tegi
730 1567 840 1636 posset,
877 1564 981 1636 utique
1038 1566 1243 1634 generationis
1258 1568 1456 1623 humanezet
1481 1567 1546 1624 ideo
1571 1567 1622 1640 qui
1648 1567 1747 1623 videre
1761 1567 1865 1635 voluit,

135 1660 367 1735 autstragulum
388 1663 439 1716 aut
459 1655 599 1714 amictum
615 1650 733 1707 diceret
758 1669 823 1708 esse
853 1653 979 1708 redden·
1037 1655 1216 1725 angustioris
1243 1655 1470 1729 auimidigoam
1500 1656 1663 1713 mercedem
1683 1656 1802 1728 recepit,
1833 1660 1865 1712 ut

135 1757 219 1811 dum.
237 1751 324 1809 Nune
340 1752 438 1805 autem
454 1742 576 1802 dicendo
593 1739 820 1808 vestimentum,
845 1740 982 1796 tunicam
1039 1757 1139 1798 servus
1156 1743 1255 1800 fieret:
1271 1744 1368 1800 orunis
1388 1745 1467 1801 enim
1483 1746 1534 1817 qui
1551 1745 1618 1801 lacit
1629 1751 1792 1817 peccatum,
1807 1761 1865 1800 ser·

136 1840 235 1914 magis
254 1837 406 1912 significat
433 1849 491 1906 quo
517 1829 674 1887 induimur
699 1833 788 1899 atquo
823 1828 981 1884 vestimur.
1038 1834 1285 1904 vuscstpcccati.
1312 1833 1394 1890 Unde
1424 1833 1473 1890 ille
1502 1835 1532 1890 in
1559 1833 1683 1890 terrenis
1713 1834 1864 1889 remansit.

137 1930 240 1988 Redde
268 1943 339 2000 ergo
369 1923 493 1998 pauperi
522 1919 768 1984 ennicameuam
793 1923 823 1972 ut
852 1916 987 1973 dormiat
1045 1919 1102 1976 ttoc
1118 1923 1239 1994 pauperi
1254 1940 1340 1979 nemo
1367 1921 1451 1980 tollat
1473 1921 1866 1992 vestimentum;autsitu·

138 2021 171 2078 in
188 2037 223 2076 ea
238 2021 340 2073 noctu,
1045 2007 1120 2076 ierit,
1136 2009 1179 2066 sol
1191 2029 1248 2067 non
1264 2012 1375 2068 occidat
1391 2030 1480 2086 super
1493 2012 1688 2086 despoliatum
1701 2031 1710 2069 ,·
1721 2028 1788 2067 eum
1800 2014 1867 2067 ante

177 2111 223 2164 73.
239 2105 344 2162 Nonne
358 2100 412 2158 tibi
422 2100 539 2154 videtur
554 2094 638 2150 illum
655 2109 813 2166 pauperem
831 2096 988 2168 signitica-
1045 2099 1190 2167 restituat,
1208 2119 1243 2156 ne
1258 2107 1408 2174 peccatum
1434 2103 1573 2177 pauperis
1597 2100 1752 2159 feneratori
1776 2099 1868 2174 possit

145 2196 340 2268 re‚quicum
360 2184 670 2257 tuuicaunajubetur
698 2199 828 2256 pergere,
859 2185 985 2240 alteram
1044 2188 1170 2257 ascribi;
1188 2190 1396 2247 otacusolom
1415 2209 1479 2260 suo,
1509 2193 1559 2250 aad
1587 2192 1676 2249 etiam
1700 2191 1794 2248 alieno
1823 2190 1867 2246 in·

142 2303 204 2343 nou
228 2282 391 2355 requirere,
407 2278 569 2334 emissura
596 2271 710 2327 Christo
734 2273 769 2326 ad
793 2273 986 2347 Evangelium
1044 2275 1134 2348 cipiet
1147 2277 1279 2335 laborare
1295 2285 1421 2352 peccato.
1439 2283 1499 2339 lloc
1519 2281 1627 2356 pignus
1654 2281 1684 2337 in
1700 2284 1755 2337 bac
1770 2277 1868 2336 seculi

148 2371 377 2450 predicandum
393 2365 499 2436 (dlettlr.
516 2379 544 2429 x,
561 2361 603 2432 tlt)
617 2359 762 2432 ‘llpseest
777 2362 857 2416 enim
873 2378 989 2435 pauper
1044 2371 1128 2421 nocte
1149 2368 1298 2436 reddatur,
1324 2369 1378 2425 hoc
1392 2371 1565 2428 vestimento
1593 2370 1621 2427 in
1638 2371 1685 2428 his
1700 2369 1802 2427 mundi
1826 2371 1870 2426 te·

142 2463 265 2537 spiritu,
281 2459 334 2532 qui
350 2456 481 2512 dormire
510 2450 620 2525 possit:
639 2465 707 2504 nani
722 2448 829 2505 satiato
860 2451 985 2520 divitiis,

144 2569 207 2609 nou
217 2553 264 2607 est
274 2547 325 2621 qui
338 2545 417 2601 sinat
428 2559 496 2599 eum
508 2538 646 2596 dormire.
658 2537 771 2594 Dormit
781 2539 862 2595 enim
874 2557 988 2614 pauper

149 2653 294 2698 somnum
311 2629 550 2698 resurrectionis,
584 2643 670 2698 quem
687 2626 767 2682 dives
784 2629 913 2686 dormire
929 2646 987 2685 non

150 2729 260 2803 potest,
278 2725 355 2782 eea
372 2721 443 2794 quia
458 2717 570 2776 divitiis
585 2720 614 2772 et
642 2714 840 2788 voluptatibus
862 2719 988 2777 suttona·

150 2824 212 2876 tur.
230 2813 344 2871 Dormit
359 2809 467 2866 Christi
482 2806 621 2880 quietem,
639 2803 763 2861 dicentis
779 2823 786 2861 :
805 2828 819 2858 o
844 2808 902 2880 Ego
925 2808 989 2863 dos.

154 2903 229 2963 mivi
243 2909 273 2960 et
287 2901 395 2976 quievi,
411 2902 440 2955 et
468 2895 592 2961 surrexi,
605 2894 689 2965 (Prot.
708 2911 750 2964 111,
766 2897 804 2968 6).
822 2918 836 2946 n
866 2896 984 2954 Haeoest

157 2994 264 3052 tunica
274 2990 324 3048 ille
339 2989 554 3060 desupertexta
566 2999 625 3056 qua
635 2987 697 3038 erat
712 2983 833 3040 indutus
843 2985 988 3052 Christus,

1043 2454 1306 2513 nebrisinduatur.

1079 2543 1125 2598 76.
1142 2544 1201 2600 Hoc
1217 2545 1326 2618 pignus
1348 2545 1427 2603 illius
1456 2548 1615 2607 Dominira‘
1630 2551 1717 2607 sortis
1741 2555 1796 2618 est,
1812 2566 1869 2606 non

1042 2627 1124 2687 illius
1139 2633 1301 2689 rorrtrarie.
1320 2635 1458 2709 Legimus
1477 2639 1558 2694 enim
1573 2640 1646 2697 duas
1661 2643 1755 2696 sortes
1771 2640 1801 2694 in
1821 2639 1873 2696 La·

1043 2717 1141 2785 vitica,
1156 2723 1191 2776 de
1207 2723 1317 2794 quibus
1333 2725 1524 2785 dictumest:
1556 2752 1569 2779 ι
1582 2729 1676 2787 Unam
1692 2730 1748 2786 Deo
1771 2729 1870 2796 l'acies,

1044 2805 1168 2865 alteram
1186 2813 1389 2871 transmissori
1405 2815 1502 2886 (terit.
1519 2836 1576 2887 xvi,
1588 2819 1657 2893 18).»
1672 2818 1872 2876 transmissor

1043 2901 1155 2954 sortem
1175 2917 1260 2955 sunm
1289 2903 1326 2957 ad
1354 2903 1546 2965 loerrerutores
1575 2909 1766 2967 transmittit:
1796 2908 1871 2967 servi

1044 2983 1161 3042 Domini
1175 2987 1205 3042 in
1217 2993 1295 3046 sorte
1306 2995 1377 3048 sunt
1391 2991 1511 3051 Christi.
1531 2998 1562 3053 ln
1591 2997 1646 3055 hac
1661 3003 1738 3056 sorte
1759 2998 1871 3056 consti·

156 3099 248 3156 quam
260 3079 462 3136 scinderenon
474 3075 634 3147 potuerunt
647 3070 688 3127 illi
699 3071 887 3148 militesquos
903 3091 991 3148 agno·
1045 3077 1128 3131 tutus
1143 3083 1252 3144 Aaron,
1270 3080 1422 3136 contraria
1439 3085 1528 3141 sortis
1548 3087 1672 3146 exclusit
1698 3106 1870 3158 aerumnam,

155 3172 227 3229 scis.
254 3168 360 3225 Nullus
392 3166 471 3221 enim
507 3179 609 3220 eorum
647 3161 855 3219 vestimentum
881 3162 988 3220 Christi
1045 3165 1725 3247 cuminterduaspartespopuliconstitutus,
1746 3185 1870 3237 mortem

155 3259 276 3326 scindit,
293 3257 345 3314 sed
361 3255 488 3321 dividit;
519 3251 597 3307 sicut
616 3250 838 3322 scriptumest:
870 3277 883 3304 ι
916 3231 1222 3309 Diri-Cadel'unctis
1238 3273 1354 3328 serpere
1369 3260 1442 3316 etr
1471 3262 1499 3318 in
1529 3273 1639 3324 sortem
1668 3269 1799 3326 virerum
1826 3269 1871 3326 sui

154 3352 260 3406 serunt
275 3346 449 3402 vestimenta
466 3358 531 3398 mea
546 3341 611 3404 sibi,
628 3345 656 3394 et
671 3355 760 3412 super
769 3345 879 3397 vestem
888 3357 984 3398 meam
1040 3341 1170 3413 corporis
1186 3360 1243 3398 oon
1260 3347 1532 3422 permisitobjectu.
1545 3355 1640 3428 liujus
1653 3358 1741 3415 sortis
1760 3359 1870 3415 honum

154 3437 430 3495 miseruutsortem
454 3432 528 3487 l'eut.
558 3447 615 3496 xxv,
636 3429 705 3502 9l·”
739 3428 903 3486 Diviserunt
928 3429 984 3487 sibi
1041 3429 1149 3502 pignus
1164 3439 1208 3485 est
1232 3431 1320 3487 Verbi
1348 3431 1492 3496 amictus.
1522 3443 1603 3502 Hanc
1630 3448 1712 3504 vobis
1740 3447 1870 3507 tunicam

149 3522 341 3598 evangeliste
360 3520 536 3578 vestimenta
547 3517 621 3590 ejus,
638 3521 666 3573 et
680 3534 769 3590 super
782 3523 892 3576 vestem
908 3522 982 3591 ejus,

150 3617 212 3671 hoe
228 3617 285 3679 est,
314 3627 404 3684 super
427 3607 664 3684 praedicationem
684 3605 829 3680 Evangelii
854 3624 912 3680 qua
936 3623 983 3663 ve·

150 3703 247 3762 stitur
261 3699 405 3772 hodieque
420 3697 564 3755 Dominus
579 3696 676 3762 tosus,
701 3697 847 3752 miserunt
861 3700 981 3753 sortem.

150 3791 242 3850 illem
258 3789 492 3862 utiquesortem,
509 3803 573 3858 que
588 3783 694 3841 cecidit
713 3801 801 3858 super
817 3784 983 3852 lttattbiam,

149 3885 188 3940 ut
198 3876 603 3953 apostolorumdoodeeimus
631 3891 763 3942 numero,
791 3873 907 3931 excluso
935 3891 984 3930 uo·

150 3967 238 4027 mine
261 3963 428 4039 proditoris,
463 3965 682 4038 adjungeretur.
715 3963 790 4020 Bene
818 3965 917 4019 eutem
946 3967 982 4017 uo

150 4053 344 4130 evangelistis
360 4053 472 4110 dietum
488 4052 611 4124 estquia
623 4052 767 4108 miserunt
776 4056 885 4110 sortem
897 4070 904 4120 ;
917 4067 982 4110 sors

149 4142 336 4206 enimveluti
351 4141 448 4198 divino
474 4142 581 4213 pendet
610 4141 751 4196 examine.
781 4140 816 4195 ut
830 4140 893 4196 ideo
913 4139 983 4213 quia

149 4253 213 4293 non
231 4235 376 4306 potestate
393 4231 512 4304 propria
533 4233 602 4286 sunt
630 4228 729 4300 locuti,
759 4245 853 4301 neque
879 4246 982 4286 omnes

146 4325 257 4383 eadem
275 4319 382 4377 omnia.
400 4319 450 4375 sed
466 4317 596 4391 plerique
613 4317 746 4373 dixerunt
769 4317 893 4388 diversa,
918 4333 982 4390 qum

143 4413 307 4471 aliusnon
336 4407 464 4463 dixerat:
491 4406 584 4463 sancti
607 4405 733 4478 Spiritus
757 4405 881 4478 gretiam
904 4405 982 4461 velut

144 4501 260 4560 sortito
275 4497 334 4554 illis
349 4513 381 4553 eo
395 4495 535 4552 tribuisse
557 4495 772 4568 cognoscimus,
796 4510 858 4566 que
878 4493 981 4567 loque·

142 4593 259 4648 rentur
274 4583 381 4662 singuli
396 4585 583 4658 deoperibus
610 4583 725 4639 Domini
750 4581 831 4650 iesu,
863 4587 894 4638 ut
917 4583 981 4656 ejus

144 4681 244 4756 gesta
259 4673 514 4733 sibldeseribenda
530 4679 581 4748 p'ro
596 4673 660 4745 ejus
676 4676 749 4729 nutu
760 4671 933 4729 dividerent.

187 4767 236 4823 tt.
254 4763 304 4822 Est
315 4769 344 4822 et
353 4763 405 4820 illa
414 4763 515 4820 tunice
526 4762 805 4836 quemdemonstrat
813 4760 981 4834 Apostolus,

136 4859 274 4917 dicens:
289 4876 304 4904 «
321 4853 434 4910 induite
445 4853 602 4909 Dominum
617 4849 719 4906 iesum
735 4851 822 4919 (Rom.
833 4852 955 4922 noan.
966 4874 981 4901 »

135 4949 220 5006 Hes
236 4946 282 4999 est
294 4941 393 5000 tunica
408 4959 470 5015 quae
486 4941 638 4997 inhonesta
651 4941 744 5012 operit
764 4946 873 5010 nostra,
897 4945 925 4997 ot
949 4942 980 4997 in

132 5039 189 5094 iis
207 5031 453 5088 abundantiorem
468 5029 650 5085 honestatam
661 5027 824 5085 circumdat
847 5029 876 5086 in
892 5029 978 5085 Chri-

131 5130 211 5184 sto.
243 5118 397 5176 loduimus
425 5118 537 5174 viscera
565 5115 770 5172 misericordiae
792 5116 822 5172 in
851 5117 976 5186 Christo,

129 5211 308 5275 induimus
318 5205 413 5263 crucia
427 5205 560 5278 gloriam,
577 5221 639 5276 que
658 5204 766 5260 ludaris
792 5205 976 5272 scandalum,

128 5297 262 5364 Graecis
277 5295 388 5353 sultitio
401 5295 562 5351 videbatur.
585 5291 627 5348 llli
643 5293 829 5358 erubeseunt,
845 5294 895 5365 qui
911 5311 978 5350 eam

130 5385 385 5453 erubescendam
404 5388 527 5458 potant:
545 5380 627 5438 nobis
643 5387 739 5437 autem
755 5381 831 5436 obsit
846 5381 976 5456 gloriari,

130 5475 217 5542 nisi
233 5475 263 5532 in
279 5489 363 5530 eruce
383 5471 496 5529 Domini
518 5471 597 5527 lesu.
618 5469 683 5526 llaec
705 5469 847 5542 ignobilia
875 5475 975 5527 nostro

1040 3516 1112 3572 nulli
1139 3535 1230 3574 neore
1258 3521 1384 3586 auterat.
1421 3525 1595 3603 debitores;
1621 3536 1697 3592 hanc
1738 3536 1868 3592 tunicam

1039 3603 1249 3678 oppignoratis,
1279 3609 1305 3665 si
1335 3610 1426 3668 rolris
1460 3633 1615 3690 nunquam
1653 3624 1868 3696 turpitudinem

1039 3693 1196 3760 sustinere,
1214 3699 1246 3750 ut
1264 3696 1418 3754 dormiatis
1433 3701 1513 3758 inter
1533 3707 1628 3766 eleros
1657 3712 1734 3766 sieut
1759 3717 1867 3779 Aaron,

1038 3781 1191 3838 dormiatis
1203 3783 1347 3842 interduo
1361 3788 1560 3863 Testamenta,
1574 3801 1605 3852 ut
1616 3798 1770 3855 dormiatis
1786 3817 1868 3856 som-

1037 3887 1109 3926 num
1124 3873 1359 3944 resurrectionis,
1374 3881 1403 3932 et
1416 3894 1467 3934 vos
1485 3897 1621 3954 reparare
1650 3885 1778 3956 possitis.
1806 3882 1868 3943 lloc

1037 3960 1081 4015 est
1097 3959 1305 4019 vestimentum
1322 3965 1400 4036 quod
1412 3967 1529 4026 etiamsi
1553 3974 1802 4047 oppigneraveris,
1822 3991 1868 4030 re·

1038 4047 1208 4120 cipieodum
1227 4049 1257 4105 io
1273 4051 1436 4112 Proverbiis
1452 4064 1575 4117 sanctus
1589 4061 1727 4119 Salomon
1750 4064 1864 4131 suadet,

1009 4193 1017 4202 ,
1037 4136 1154 4192 dicens:
1171 4162 1184 4186 «
1198 4140 1287 4195 Auser
1301 4141 1509 4202 vestimentum
1525 4153 1630 4207 tuum:
1647 4151 1774 4224 praeterit
1787 4153 1866 4208 enim

1036 4226 1199 4298 injuriosus
1211 4232 1221 4298 (
1231 4231 1313 4284 Prae.
1329 4249 1417 4302 xxva,
1432 4233 1486 4306 13).
1504 4258 1518 4287 n

1070 4318 1114 4370 77.
1133 4316 1289 4389 Sapientia
1304 4320 1512 4379 vestimentum
1529 4331 1574 4382 ast
1588 4345 1620 4383 es
1641 4325 1876 4387 illisiodomen-⁴

1036 4404 1074 4460 tis
1090 4422 1153 4477 quor
1170 4423 1204 4462 aa
1219 4407 1307 4480 bysso
1328 4414 1356 4464 et
1372 4427 1502 4484 purpura
1526 4417 1671 4489 sapientia
1696 4419 1752 4475 sibi
1777 4420 1863 4478 lecit:

1036 4493 1091 4550 hoc
1108 4497 1161 4562 cst,
1178 4493 1464 4556 indumentumlldei
1479 4508 1595 4560 constat
1609 4522 1644 4562 ex
1660 4509 1865 4579 predicatione

998 4605 1022 4670 D
1037 4582 1212 4651 celestium,
1225 4590 1252 4640 et
1268 4585 1424 4644 Dominicae
1440 4592 1585 4664 sanguine
1601 4597 1746 4667 passionis
1759 4598 1864 4670 :bysso

1039 4671 1164 4728 ethereo
1180 4673 1356 4746 figurantur,
1372 4694 1510 4750 purpure
1521 4683 1617 4754 sperio
1632 4685 1803 4758 mysterium
1819 4703 1865 4740 sa-

1037 4760 1078 4816 cri
1094 4761 1247 4834 sanguinis
1266 4763 1441 4832 declaretur,
1458 4785 1517 4839 quo
1534 4787 1656 4844 regnum
1668 4772 1782 4828 coeleste
1798 4788 1864 4827 cou-

1038 4849 1140 4906 lertur.
1158 4849 1290 4921 Denique
1304 4853 1512 4912 vestimentum
1533 4858 1683 4932 sapientie
1704 4858 1862 4932 significari

1038 4938 1192 5011 superiora
1213 4939 1345 4996 indicant
1375 4944 1456 5016 (60):
1481 4947 1624 5018 premisit
1641 4947 1718 5002 enim
1743 4946 1861 5006 dicens:

1037 5050 1051 5081 ιι
1068 5027 1191 5100 Sapiens
1217 5033 1289 5097 esto,
1312 5029 1364 5097 fili,
1389 5035 1423 5086 ut
1445 5031 1559 5089 letetur
1585 5051 1635 5089 eor
1662 5037 1746 5089 tuum
1771 5035 1861 5107 (Pron.
1955 5092 1959 5098 ,

1034 5136 1123 5187 xxvu,
1152 5119 1205 5191 tl).
1225 5141 1238 5166 n
1255 5119 1290 5174 ut
1311 5120 1386 5175 inira
1402 5120 1475 5176 duos
1508 5138 1609 5177 vorsus
1635 5121 1696 5178 ait:
1718 5125 1862 5196 nlmpru-

1034 5208 1137 5263 dentes
1162 5211 1261 5263 autem
1296 5209 1536 5280 supervenientes
1566 5209 1706 5265 damnum
1734 5211 1865 5284 pendent

1033 5297 1114 5365 (ltiet.
1129 5298 1183 5367 12„
1199 5319 1212 5344 n
1240 5299 1329 5350 enter
1355 5297 1562 5353 vestimentum
1588 5303 1683 5355 tuum.
1697 5301 1784 5357 Auter
1807 5286 1862 5375 igi-

1033 5390 1093 5448 tur,
1110 5401 1145 5440 nc
1161 5385 1304 5440 damnum
1321 5382 1450 5455 excipias
1463 5387 1669 5460 imprudentia
1682 5407 1689 5459 3
1704 5394 1732 5447 et
1746 5407 1782 5447 nr
1797 5407 1863 5447 exu-

1032 5477 1096 5530 tum
1115 5476 1141 5529 te
1159 5474 1278 5546 proprio
1292 5472 1466 5526 vestimento
1489 5477 1689 5549 oequissimus
1709 5478 1758 5536 illo
1780 5495 1862 5537 rom-

204 5705 259 5778 (no)
277 5703 344 5759 cod.
362 5703 454 5767 Dion,
469 5702 563 5774 pejora
581 5701 702 5770 indicem
719 5699 767 5758 elii
800 5716 911 5776 omnes,
938 5706 1085 5776 superiora
1100 5705 1225 5770 indicat,·
1240 5701 1298 5761 edit
1303 5743 1355 5759 .....
1370 5703 1504 5763 iraticaot.
