4159 6184
235 334 293 405 ll'l
966 326 999 393 S.
1021 324 1211 392 suanosn
1880 329 1940 397 m

230 468 358 535 mann
373 468 471 549 potius
486 482 575 547 qaam
588 462 799 541 creaturrs‚qul
812 468 857 525 est
871 464 948 525 Dens
963 456 1256 531 bene-Ahabemns
1270 467 1433 544 seriptum:
1450 466 1551 529 ltebcc
1570 464 1673 528 mam
1697 484 1755 527 non
1776 476 1853 539 wat,
1866 468 1941 527 snat

229 564 367 623 diotusin
382 564 498 623 saaula
1106 566 1195 633 stepo
1209 560 1502 619 mnsamdemanda
1516 561 1608 634 (ioan.
1624 561 1764 633 mnas).

441 680 559 741 CAPUT
577 677 637 733 Vll.
662 676 775 734 lSermo
791 676 840 749 11.)
1142 656 1188 709 26.
1204 652 1457 717 Quemadmodum
1470 667 1540 723 ergo
1551 648 1713 708 invisibilia
1724 648 1937 719 visibilibus,et

226 769 387 830 Occurritur
401 775 437 829 iis
452 772 500 844 quei
517 768 639 824 materia
659 724 840 821 sibenlinten
863 782 877 822 e
902 764 1055 835 Scriptura
1108 742 1135 799 ⁰i
1150 742 1199 813 qui
1215 743 1350 799 ⁰idl¹¹⁰¹¹¹
1375 758 1409 798 ³⁰
1431 742 1566 798 d⁰⁰⁰⁹⁰m
1590 741 1710 797 ‘mavit
1723 740 1875 807 Μίδων
1890 740 1936 797 in·

259 844 507 901 indissonanter
541 847 673 895 astruere.
696 840 807 893 Terram
830 852 860 893 ao
884 837 1055 893 invisibilem
1108 831 1272 903 composita
1297 829 1533 903 copulabantur?
1557 828 1615 886 uisi
1642 830 1717 887 torte
1753 829 1826 901 quia
1854 829 1938 896 dixit,

260 915 326 981 diti·
343 915 413 985 iuml
435 914 513 983 “llll
536 914 660 981 ⁶⁰⁰Wl⁰
674 914 751 966 0⁸⁵⁶&
770 909 825 965 ΟΨ·
839 924 870 965 ‘3⁰
884 911 1054 980 limiam
1109 922 1190 976 Terra
1212 925 1307 977 naum
1334 925 1393 977 erut
1415 920 1575 985 invisibiles,
1610 923 1640 975 et
1666 917 1846 975 invisibilem
1874 936 1939 977 eam

259 986 438 1059 ”inillam
454 999 537 1055 luam
546 986 658 1038 mm·
1108 1025 1160 1081 per
1174 1009 1372 1065 substantiam
1387 1009 1508 1065 credant
1519 1024 1526 1075 ;
1538 1012 1567 1064 at
1577 1006 1642 1065 ideo
1652 988 1938 1080 qulaaquisoperta,

260 1102 306 1157 25.
335 1102 416 1155 Terra
443 1102 536 1155 cunm
563 1105 623 1154 erat
651 1098 802 1155 inuisibilis
825 1102 851 1153 st
874 1098 1055 1169 incomposita
1107 1096 1234 1155 visibilis
1248 1097 1397 1170 corporeis
1411 1096 1507 1154 oculis
1531 1113 1597 1153 esse
1621 1112 1679 1152 uon
1696 1100 1820 1170 poterat,
1835 1112 1939 1170 quam·

227 1188 303 1263 (den.
332 1204 353 1252 1,
380 1187 421 1257 2).
451 1188 548 1243 Bnuus
572 1186 675 1243 artifex
712 1188 794 1259 prius
826 1186 1053 1243 tundamentum
1108 1187 1267 1243 admodum
1294 1185 1434 1259 pleraque
1460 1185 1491 1241 iu
1523 1186 1669 1258 profundo
1697 1201 1843 1257 aquarum
1871 1187 1939 1252 sits,

226 1276 327 1351 pouit:
354 1280 466 1349 postea,
491 1276 682 1332 laudamento
716 1275 822 1347 posito,
851 1274 1054 1331 edificationis
1108 1275 1204 1331 visum
1219 1274 1383 1339 oculorum,
1398 1274 1552 1346 aciemque
1576 1276 1759 1345 praetereant.
1784 1272 1940 1329 Noneuim

227 1366 363 1421 membra
389 1364 555 1437 distinguit,
580 1368 609 1421 et
634 1363 769 1432 adiungit
790 1367 938 1419 ornatum.
957 1362 1055 1419 Posito
1108 1363 1168 1419 Deo
1179 1362 1292 1436 aliquid
1305 1362 1516 1430 invisibileteed
1540 1360 1940 1419 creaturamundioreatura

227 1452 320 1527 igitur
336 1453 524 1509 fundamento
540 1456 634 1517 terra,
658 1458 687 1508 et
712 1451 963 1509 confirmatacoeli
983 1453 1055 1507 sub·
1110 1452 1212 1524 utique
1241 1452 1435 1508 estimatione
1469 1456 1616 1508 censetur.
1658 1449 1820 1507 Invisibilis
1848 1453 1939 1507 etiam

228 1541 347 1607 stantia,
364 1543 422 1599 duo
437 1541 516 1597 euim
532 1543 589 1598 ista
608 1546 678 1598 sunt
700 1541 779 1598 velut
793 1542 929 1599 cardines
943 1557 1055 1605 rerum,
1108 1545 1197 1606 terra,
1213 1541 1284 1614 quia
1298 1542 1429 1599 noudum
1446 1540 1496 1597 lux
1510 1557 1575 1612 qua
1590 1538 1771 1595 illuminaret
1781 1539 1938 1605 muudum,

229 1630 395 1688 subtexuit:
411 1632 492 1686 Terra
516 1640 609 1687 uatem
631 1636 691 1687 erat
705 1631 855 1688 inuisibilis
870 1638 896 1686 ct
914 1632 1054 1700 incompo-
1109 1630 1241 1685 nondum
1264 1627 1325 1686 sol:
1358 1635 1461 1700 postea
1485 1629 1565 1686 euim
1591 1627 1750 1685 luminaria
1769 1629 1847 1684 iacta
1868 1632 1941 1684 suut

227 1721 293 1777 soc.
308 1719 382 1787 Quid
405 1723 459 1787 est,
482 1723 552 1783 erut,
577 1720 636 1775 nisi
660 1737 697 1776 ne
714 1720 785 1775 forte
808 1720 837 1775 in
859 1719 1009 1775 infinitum
1026 1722 1057 1774 et
1109 1718 1184 1774 coeli.
1200 1719 1281 1783 Ouod
1297 1718 1321 1774 si
1337 1717 1523 1775 solisradius
1538 1716 1712 1790 plerumque
1738 1718 1830 1773 etiam
1853 1718 1939 1789 aquis

229 1808 293 1864 siue
308 1807 450 1880 principio
477 1808 634 1865 extendant
655 1808 823 1879 opinionem
846 1824 943 1871 suam,
966 1807 1053 1863 etdi·
1070 1830 1095 1895 B
1111 1814 1211 1880 operta
1233 1806 1392 1872 illuminat,
1428 1813 1457 1864 at
1489 1806 1634 1879 probando
1657 1822 1756 1862 mersa
1783 1806 1941 1879 splendore

229 1900 316 1953 cant:
332 1898 405 1953 Ecce
429 1897 498 1969 quia
522 1897 653 1965 materia,
678 1897 707 1953 id
737 1902 782 1953 est
807 1896 880 1969 hyle,
906 1896 983 1953 sicut
995 1895 1058 1967 phi·
1110 1895 1294 1953 luminiasui
1313 1896 1429 1969 prodit;
1453 1896 1520 1968 quis
1546 1894 1661 1951 dubitet
1686 1894 1745 1951 Deo
1766 1912 1811 1959 aa,
1828 1912 1893 1967 qun
1909 1896 1940 1952 in

229 1982 470 2057 losophidicunt,
486 1986 574 2043 etiam
590 1986 755 2042 secundum
776 1986 958 2057 scripturam
983 1984 1056 2041 divi·
1111 1986 1257 2057 profundo
1278 1990 1358 2053 suut,
1391 1984 1550 2041 invisibilia
1572 2000 1638 2041 essa
1664 2000 1723 2041 non
1749 2000 1855 2056 posse;
1880 1984 1941 2041 nisi

231 2088 301 2131 nam
317 2090 376 2130 uon
400 2074 504 2130 habuit
525 2074 652 2131 initium.
677 2076 788 2131 Verum
812 2074 866 2130 hou
890 2074 1057 2130 dicentibus
1112 2074 1185 2131 forte
1213 2075 1255 2130 sic
1283 2074 1463 2148 accipiamus
1496 2071 1676 2131 invisibilem
1711 2076 1831 2139 terram,
1860 2074 1940 2147 quod

232 2163 434 2235 respondebis,
447 2163 516 2234 quia
535 2163 676 2236 scriptum
701 2168 765 2221 est:
783 2166 851 2219 brut
872 2168 963 2219 cirtem
989 2162 1059 2219 Cain
1113 2164 1245 2220 nondum
1259 2164 1347 2221 verbo
1362 2163 1413 2219 Dei
1427 2167 1458 2218 et
1476 2162 1655 2233 protectione
1676 2162 1862 2232 visitabatur,
1875 2180 1940 2236 qua

233 2252 376 2323 opuntius
403 2255 483 2308 tene
512 2252 590 2319 (Gen.
619 2269 658 2321 iv,
688 2255 727 2317 2).
756 2253 790 2307 ut
816 2254 866 2308 u
892 2253 929 2308 de
957 2251 1058 2323 ecqui
1112 2250 1263 2308 hominem
1283 2268 1341 2307 non
1364 2250 1502 2319 babebat,
1537 2256 1768 2323 propterquam
1796 2251 1940 2309 Dominus

234 2340 321 2399 iubal
346 2340 444 2397 dictus
467 2346 521 2409 ast,
547 2342 635 2398 habet
657 2341 825 2413 Scriptura:
846 2343 1060 2413 lliceratpcter
1113 2340 1271 2411 respiceret
1281 2340 1312 2396 in
1324 2345 1445 2409 terram,
1460 2340 1538 2397 sicut
1551 2339 1696 2412 scriptum
1720 2346 1783 2396 ests
1808 2340 1941 2397 sensnm

234 2432 284 2502 qui
294 2429 488 2487 decimauit
502 2431 665 2501 psalterium
686 2439 712 2487 et
734 2432 870 2487 citburnm
893 2430 972 2501 (ibid.
999 2429 1057 2499 2l).
1113 2431 1233 2501 respexit
1245 2444 1327 2501 saper
1341 2430 1413 2499 fitius
1427 2428 1582 2497 bominum,
1598 2436 1629 2485 at
1649 2428 1754 2485 vianet
1767 2430 1792 2485 si
1804 2432 1844 2484 est
1856 2429 1942 2483 intet-

233 2517 278 2586 tot,
294 2520 378 2575 llonsc
401 2520 511 2576 eratin
532 2518 656 2575 Ambitio
679 2522 797 2589 racione,
824 2520 869 2575 act
891 2535 989 2575 nomen
1010 2519 1059 2576 lob
1114 2517 1279 2589 tipensl32),
1295 2521 1344 2573 out
1367 2519 1510 2589 requirens
1532 2518 1619 2573 ileum
1642 2517 1728 2588 (Psoi.
1751 2534 1813 2581 mu,
1840 2515 1892 2585 2)(
1906 2521 1942 2573 at

235 2606 329 2679 (tobi,
355 2607 394 2679 l).
421 2607 562 2665 Desinant
591 2624 660 2681 ergo
688 2608 725 2663 be
750 2609 837 2665 verbo
867 2608 1059 2681 questionem
1115 2606 1186 2661 aiibi
1213 2607 1274 2662 ait:
1306 2611 1345 2663 Dc
1371 2607 1438 2662 coelo
1461 2606 1602 2679 jamdictas
1631 2610 1671 2662 est
1689 2605 1941 2678 judaismum»

233 2710 360 2760 movere,
375 2712 443 2752 oum
459 2698 621 2769 presertim
645 2697 820 2769 premiserit
847 2696 969 2769 Moyses,
990 2696 1061 2768 quia
1114 2696 1227 2750 tremuit
1240 2696 1380 2766 etquieta't
1399 2695 1487 2766 (Prot.
1517 2712 1600 2761 ων,
1623 2695 1662 2767 9).
1686 2694 1721 2750 et
1735 2694 1840 2749 manto
1865 2693 1942 2750 iuvi·

235 2784 304 2841 lecit
325 2788 401 2840 Daue
425 2789 544 2842 terram.
572 2788 641 2842 Erat
660 2802 739 2859 ergo,
760 2802 795 2841 ex
819 2801 877 2857 quo
902 2786 977 2842 taeta
1004 2790 1060 2842 est.
1115 2782 1222 2848 sibilis,
1237 2783 1525 2855 quiainaomposita,
1540 2800 1605 2856 qua
1627 2784 1751 2855 figuram
1766 2788 1797 2839 et
1810 2781 1941 2854 speciem

232 2873 307 2931 Nam
323 2873 348 2931 si
376 2874 440 2930 sine
455 2874 600 2947 principio
620 2890 684 2930 eam
705 2873 804 2930 dicant
826 2890 901 2937 esse,
923 2876 1060 2945 jamnon
1116 2876 1322 2945 congruentem
1345 2872 1395 2929 eb
1418 2872 1516 2929 adbuc
1537 2867 1771 2944 non-'acceperat
1791 2872 1942 2945 aproprio

234 2960 330 3019 solum
349 2961 454 3027 Deum,
471 2964 521 3019 sed
546 2963 634 3019 etiam
660 2961 747 3035 hylen
767 2963 831 3019 sine
846 2962 989 3035 principio
1015 2962 1062 3017 di·
1116 2961 1276 3018 conditore.

234 3054 344 3119 centes,
373 3051 516 3108 deliniant
545 3051 667 3107 ubinam
688 3054 759 3106 erat.
788 3051 816 3107 Si
853 3051 882 3107 in
904 3049 977 3117 loco,
993 3067 1062 3123 ergo
1150 3050 1196 3105 27.
1223 3050 1259 3105 lbt
1282 3049 1405 3107 fortasse
1428 3050 1546 3119 dicant;
1569 3051 1628 3107 Gur
1648 3049 1726 3106 euim
1752 3050 1842 3117 Deus,
1867 3048 1944 3106 sicut

235 3138 323 3195 etiam
340 3138 423 3195 locus
436 3138 501 3195 sina
514 3139 658 3211 principio
675 3138 765 3194 luisse
787 3138 940 3206 astruitur,
958 3137 987 3193 in
1003 3155 1061 3211 quo
1119 3138 1194 3195 dixit
1216 3142 1246 3194 et
1264 3140 1342 3195 iacta
1361 3143 1442 3204 sunt,
1465 3156 1524 3195 non
1548 3138 1637 3196 simul
1659 3143 1781 3195 ornatus
1797 3154 1944 3211 congruos

238 3232 302 3285 erat
316 3227 440 3283 materia
454 3244 562 3295 rerum,
579 3244 643 3299 qua
659 3226 836 3299 principium
852 3244 909 3283 nou
926 3226 1061 3283 babebat.
1077 3192 1100 3260 c
1118 3227 1466 3300 assurgentibusdonavit
1475 3226 1728 3299 elementia,qussi
1735 3243 1794 3283 non
1802 3226 1942 3299 potuerit,

241 3316 365 3382 Quodsi
384 3317 546 3373 absurdum
563 3316 680 3371 videtur
702 3316 738 3371 de
752 3315 953 3383 lococredero,
969 3314 1065 3372 videte
1117 3314 1224 3371 ooelum
1248 3314 1422 3387 insignitum
1446 3314 1541 3371 stellis
1561 3316 1660 3372 subito
1683 3321 1718 3371 ut
1739 3319 1871 3372 creatum
1886 3322 1941 3383 est,

240 3421 278 3462 na
305 3406 379 3462 torte
402 3404 549 3461 volatilem
575 3409 682 3461 terram
719 3405 879 3461 debeamus
907 3404 1062 3470 neumare,
1118 3403 1272 3475 refulgere,
1294 3407 1324 3461 et
1346 3405 1468 3461 lloribus
1488 3420 1523 3460 ao
1546 3405 1691 3461 fructibus
1715 3409 1794 3461 tarra
1816 3403 1944 3460 vestiri?

241 3509 305 3564 qua
326 3509 384 3549 non
411 3492 522 3549 babens
538 3492 773 3562 tundamentum,
798 3492 910 3549 alarum
933 3492 1064 3566 remigiis
1117 3491 1216 3548 Potuit
1228 3492 1340 3564 utique,
1365 3493 1417 3549 aad
1433 3493 1498 3549 ideo
1513 3492 1609 3564 primo
1634 3493 1719 3559 iacta,
1742 3496 1845 3563 postea
1862 3508 1941 3549 com·

239 3580 485 3653 suspendebatur.
502 3581 584 3638 Unde
598 3596 666 3653 ergo
686 3581 712 3637 ei
735 3581 797 3638 alas
815 3598 978 3647 sumemus,
1004 3582 1062 3638 nisi
1117 3581 1214 3652 posita
1228 3580 1425 3648 declarantur,
1440 3598 1477 3637 ue
1499 3597 1566 3637 vere
1587 3580 1718 3637 increata
1741 3588 1771 3636 et
1784 3582 1849 3636 sine
1865 3580 1946 3653 priu-

238 3667 312 3724 iorte
336 3668 399 3725 buc
419 3669 584 3726 derivemus
613 3670 773 3743 prophetici
797 3670 942 3726 sermonis
970 3670 1062 3726 inter·
1118 3669 1194 3739 cipio
1209 3670 1408 3735 crederentur,
1432 3670 1458 3726 si
1483 3670 1597 3743 speeies
1617 3686 1714 3727 rerum
1732 3668 1949 3742 velutiugene·

237 3758 452 3830 pretationem:
475 3760 493 3815 A
519 3761 617 3831 pennis
645 3763 730 3816 terre
750 3759 877 3830 prodipio
906 3759 1062 3815 andivimus
1117 3763 1187 3813 rata
1212 3758 1249 3813 ab
1275 3755 1370 3827 initio,
1401 3774 1460 3813 uon
1488 3763 1592 3831 postea
1633 3758 1739 3816 addita
1768 3759 1948 3815 viderentur.

235 3844 298 3913 (isa.
314 3863 391 3911 xxiv,
407 3847 477 3919 loll
500 3848 535 3903 ut
556 3838 654 3904 illud:
684 3849 728 3905 Vae
751 3848 971 3904 terraneolam
993 3864 1061 3918 pen-
1117 3845 1412 3918 lncompositaterra
1427 3846 1545 3919 legitur,
1560 3852 1590 3903 st
1613 3845 1950 3919 iisdemaphilosopbis

231 3951 275 3993 aa
288 3935 345 4007 (31)
361 3936 425 4008 (leo.
445 3936 595 4005 xv111,1)‘l
619 3935 675 3991 Sed
701 3935 756 3989 boc
777 3934 802 3991 ei
826 3935 1061 4005 accipiendam
1118 3934 1679 4008 aeternitatis‚quibusDeus,privilcgiis
1693 3935 1950 4007 honoratur3quid

232 4039 370 4096 quesere
384 4025 501 4081 volabat
517 4024 617 4079 terra?
632 4023 701 4079 Sine
715 4038 781 4078 aere
794 4023 873 4078 enirn
889 4022 986 4079 volare
1001 4041 1060 4079 nou
1117 4024 1249 4079 dicerent
1271 4023 1297 4078 si
1321 4025 1358 4079 ab
1380 4022 1465 4080 initio
1492 4026 1557 4095 eius
1572 4025 1767 4098 pulchritudo
1777 4028 1952 4081 vernasset?

232 4116 355 4185 poterat,
371 4114 421 4168 sed
439 4112 592 4169 aeradhue
613 4126 678 4167 esse
700 4127 759 4166 non
775 4114 898 4183 poterat,
916 4113 1059 4182 quianon
1117 4111 1259 4167 Demersa
1283 4112 1369 4183 aquis
1392 4112 1581 4181 describitur,
1607 4112 1687 4169 velut
1708 4114 1826 4169 cuidam
1839 4113 1949 4185 priuci-

233 4204 295 4257 crat
309 4200 373 4257 sine
387 4216 487 4255 rerum
503 4198 627 4255 materia
640 4198 852 4255 elementorum
866 4198 941 4256 laete
956 4200 1060 4257 dietin-
1117 4200 1234 4271 piorum
1252 4216 1375 4257 auorum
1390 4200 1507 4259 addicta
1524 4201 1859 4274 naufragio,etadhuca
1873 4218 1950 4257 non·

231 4288 301 4357 otio,
314 4305 383 4345 cum
398 4289 464 4361 ipsa
477 4287 574 4344 adhuc
596 4288 740 4345 elementa
764 4288 840 4343 lecta
864 4304 922 4344 non
947 4295 1056 4346 essent.
1113 4288 1205 4343 uultis
1221 4290 1295 4343 iacta
1314 4306 1372 4345 uon
1387 4290 1534 4358 creditur;
1556 4292 1626 4362 quid
1643 4290 1668 4347 si
1684 4290 1819 4347 decorem
1835 4290 1947 4363 prirno-

230 4375 285 4433 Ubi
299 4392 368 4450 ergo
382 4381 446 4433 erat
460 4377 583 4433 materia
610 4376 666 4433 ieta
695 4376 808 4432 alarum
836 4375 957 4432 suffulta
971 4379 1059 4433 remi·
1112 4375 1249 4447 genitum
1266 4376 1948 4450 vindicaret?Acceditillud,quodimitatores

229 4463 309 4537 giis‘l
324 4466 355 4521 ln
365 4480 431 4521 aere
446 4481 505 4521 non
520 4469 591 4531 erat,
608 4465 679 4538 quia
694 4480 744 4521 aer
758 4481 865 4535 corpus
881 4466 1055 4524 entmundi:
1111 4482 1166 4521 nos
1181 4465 1227 4521 sni
1242 4465 1319 4521 Deua
1331 4483 1396 4522 esse
1412 4465 1551 4538 voluit,nt
1564 4467 1659 4539 primo
1676 4466 1820 4523 iaciamus
1833 4466 1944 4541 aliqua,

229 4567 337 4625 corpus
351 4558 451 4609 autem
466 4570 531 4609 esse
541 4570 636 4610 aerem
657 4554 741 4609 docet
751 4551 836 4609 lectio
860 4553 936 4624 (Sap.
952 4570 980 4624 v,
996 4553 1053 4623 42),
1069 4559 1093 4625 Ῑ)
1109 4559 1210 4625 postea
1225 4561 1432 4623 venustemus3
1448 4573 1484 4612 ne
1499 4557 1571 4612 dum
1586 4556 1677 4612 simul
1691 4561 1855 4629 utrumque
1871 4555 1947 4613 ado·

229 4640 309 4714 quia,
326 4642 435 4698 emissa
459 4641 568 4713 sagitta
591 4643 620 4697 in
644 4641 741 4697 liceum
757 4656 844 4710 quem
858 4641 1059 4711 jaculatoria·
1115 4642 1218 4709 rimur,
1235 4648 1372 4698 neutrum
1402 4645 1554 4715 possimus
1579 4645 1712 4718 implere.
1737 4645 1821 4702 tides
1843 4649 1945 4701 autam

226 4729 331 4797 tendit,
360 4730 473 4787 incisus
494 4748 544 4787 aer
570 4731 670 4786 statim
696 4729 725 4785 in
749 4727 880 4800 seipsum
904 4730 1053 4787 resolutus
1108 4734 1207 4785 nostra
1235 4730 1363 4801 quodam
1392 4731 1485 4801 gradu
1513 4732 1629 4789 crescit.
1660 4732 1729 4789 ldeo
1757 4734 1852 4806 primo
1879 4731 1949 4788 iecit

226 4822 281 4875 cst.
297 4818 352 4875 Ubi
366 4834 436 4892 ergo
450 4824 513 4875 erat
528 4818 603 4892 hyla,
629 4816 685 4874 nisi
710 4818 783 4873 torte
797 4816 912 4872 dicatur
926 4812 1054 4889 quadam
1110 4818 1199 4885 Deus,
1215 4824 1316 4890 postea
1330 4820 1505 4884 venustavit,
1519 4825 1552 4876 ut
1575 4823 1712 4878 eumdem
1726 4823 1881 4878 credamus
1895 4837 1945 4877 or·

226 4906 354 4965 dementi
369 4908 542 4971 intentione,
560 4907 630 4979 quia
645 4906 674 4960 in
690 4906 748 4961 Deo
763 4909 848 4960 erat?
869 4906 942 4977 llrgo
964 4906 1055 4973 Deus,
1110 4923 1197 4963 nasso
1211 4907 1261 4977 qui
1278 4907 1399 4973 iecit,·et
1422 4906 1525 4963 t'ecisse
1547 4910 1597 4983 qui
1613 4910 1748 4967 ornavit:
1764 4926 1801 4966 ne
1816 4909 1944 4966 alterum

227 4994 277 5066 qui
292 5001 338 5053 eet
365 4996 522 5052 invisibilis
547 5000 659 5051 uaturae
682 4999 769 5065 atquo
792 4992 980 5061 inviolabilis,
1004 4996 1055 5066 qui
1110 5002 1248 5067 putemne
1262 5011 1394 5062 ornasse,
1410 4994 1539 5052 alterum
1555 4998 1710 5065 creavisse
1736 4997 1787 5055 sad
1803 4998 1943 5053 eumdem

225 5081 323 5141 lucam
339 5084 452 5141 habitat
476 5082 720 5147 inaccessibilem,
745 5080 1055 5152 incomprehensibilis
1111 5089 1269 5154 utrumqne
1284 5099 1348 5139 esse
1362 5089 1516 5154 operatum
1530 5103 1536 5146 :
1552 5090 1585 5142 ut
1601 5087 1702 5157 primo
1712 5087 1830 5150 iaceret,
1841 5089 1943 5157 postea

227 5175 257 5227 et
271 5171 449 5242 purissimus
463 5172 595 5243 spiritus,
619 5169 702 5227 locus
726 5176 788 5224 erat
814 5170 943 5225 materie
972 5188 1057 5227 mun·
1110 5177 1307 5243 componeret,
1324 5176 1357 5226 ut
1372 5172 1498 5229 alterum
1514 5175 1607 5232 altero
1621 5175 1679 5246 (33)
1693 5174 1870 5230 crederetur.
1881 5172 1940 5229 lla·

227 5258 325 5329 dialis,
341 5265 371 5316 et
385 5267 447 5317 erat
462 5261 492 5317 iu
507 5262 566 5317 Deo
594 5259 698 5316 muudi
721 5260 826 5331 portio,
852 5275 919 5314 cum
944 5259 980 5315 de
1000 5258 1056 5315 hoe
1110 5259 1366 5331 besinEcaugelio
1378 5260 1939 5333 bujmreleviueustessimoniumbtnm

228 5348 339 5405 mundo
357 5365 414 5404 non
440 5349 479 5406 eit
502 5366 554 5407 nec
575 5365 658 5406 mens
678 5347 860 5405 servulorum
882 5348 957 5419 ejus,
979 5348 1057 5405 sicut
1110 5347 1307 5405 suscitaturus
1320 5349 1462 5407 Luscum
1485 5350 1639 5417 Dominus,
1663 5350 1758 5423 jussit
1785 5353 1818 5407 ut
1842 5348 1941 5415 ludaei

263 5471 319 5540 (3))
334 5472 446 5527 (lomet.
463 5478 491 5527 et
505 5473 596 5540 (luen,
614 5474 751 5529 interra
766 5474 982 5599 crircmfienna.
1145 5471 1202 5546 (33)
1217 5472 1287 5528 Mes.
1303 5474 1386 5531 Gom.
1413 5475 1465 5531 sad
1494 5474 1553 5532 alia
1580 5492 1681 5542 manu,
1706 5472 1778 5531 item
1795 5473 1938 5531 Victoria.

263 5542 319 5611 (32)
337 5542 443 5599 Ducem
460 5561 532 5600 mss.
551 5551 579 5601 rt
594 5546 664 5600 edit.
682 5553 757 5607 arn..
774 5544 849 5611 Psi,
898 5560 951 5611 ra,
968 5542 1054 5598 omit·
1109 5560 1188 5599 uuus
1202 5550 1231 5599 et
1245 5545 1424 5603 edit.Gill.ac
1439 5547 1535 5603 Rom..
1549 5561 1585 5602 ns
1605 5548 1726 5602 uturum
1738 5546 1821 5603 atteri
1835 5545 1938 5603 ἀοοοκ.

227 5612 294 5670 tunt
309 5612 369 5671 bac
385 5616 484 5691 verba,
497 5624 529 5674 ut
541 5617 654 5674 videret.
678 5616 753 5673 Edit.
779 5615 876 5687 llum,
895 5618 926 5671 nt
940 5614 1054 5672 diceret.
1109 5614 1186 5672 uuit.
1202 5617 1268 5673 Am.
1284 5617 1357 5687 Pen,
1374 5618 1451 5689 Era,
1466 5634 1502 5677 ne
1515 5618 1636 5676 uturum
1648 5619 1712 5675 sine
1731 5618 1829 5686 abac,
1843 5620 1900 5673 etc.
