4159 6184
132 353 176 433 fl
671 353 722 420 nx
744 341 1310 420 emt-missiliumscalrrts.
1797 336 1840 412 OG

135 509 195 567 quo
209 489 266 551 rix·
277 488 348 552 alibi
368 492 502 550 occurrat
524 488 720 564 prestantius.
744 489 864 555 indicia,
879 487 960 561 virgo
975 485 1003 552 Α
1017 483 1101 544 Febr.
1116 487 1176 544 vita
1189 483 1336 556 defuncto,
1352 483 1461 560 publici
1473 483 1551 561 Juris
1571 486 1647 556 iecit,
1663 486 1766 546 Generi
1783 489 1837 545 mi-

135 588 318 651 ccusecrats,
333 582 412 654 apud
427 579 582 655 Syagrium
597 578 710 637 viciata
727 579 963 653 virginitatisex-
1016 577 1064 634 sit.
1082 577 1114 632 ln
1129 576 1176 632 his
1198 581 1294 632 autem
1319 576 1526 634 elucubrandis
1555 577 1678 635 feliciter
1701 595 1773 636 usus
1794 581 1841 636 est

135 672 300 744 mentique
313 674 390 728 latas
400 669 574 728 insimulata
595 669 700 726 iuerat.
723 669 794 725 llam
819 667 963 724 detulerat
1017 665 1135 738 scriptis
1146 665 1261 738 Didymi
1272 666 1423 734 antiosilii,
1440 683 1497 723 non
1515 669 1632 740 quidem
1658 673 1699 738 ut,
1716 669 1839 741 AEsopis

136 761 296 820 Marcellus
319 761 452 832 quidem,
469 759 519 831 qni
542 774 673 815 sororem
697 759 762 830 ejus
784 758 912 813 babebat
931 757 962 812 in
1017 753 1171 811 cornicula
1187 755 1289 822 instar,
1306 755 1409 812 alicnis
1434 755 1543 828 plumis
1556 773 1587 813 se
1601 760 1771 826 ostentaret,
1787 760 1837 814 aed

136 849 342 917 matrimonio;
367 854 408 915 et,
429 847 511 904 nulla
538 846 691 903 allinitatis
718 846 830 903 ratione
850 845 961 911 habita,
1018 843 1082 916 apia
1096 843 1249 898 industria
1265 859 1298 899 ex
1314 844 1434 900 lloribus
1455 845 1577 901 diversis
1602 847 1681 903 lavos
1696 847 1838 904 condiret.

137 940 227 997 malis
238 937 353 996 artibus
364 953 400 994 ac
417 937 523 994 sutelis
545 934 609 992 suis
631 939 746 991 tantum
771 935 915 1000 effecerat,
931 937 965 990 ut
1054 933 1071 988 l
1092 977 1098 988 .
1116 932 1254 998 Quamvis
1269 937 1407 1006 appareat
1423 933 1593 990 Gratianum
1621 935 1720 991 Sirmii
1745 936 1840 994 adhuc

138 1027 331 1085 obstetricum
346 1025 523 1098 inspectioni
536 1023 727 1079 addiceretur.
740 1023 906 1079 Provocarit
920 1024 965 1078 ln·
1017 1024 1248 1078 commorantem
1269 1020 1397 1078 Palladio
1420 1026 1448 1078 st
1470 1024 1654 1081 secundiano
1675 1025 1783 1081 Amano
1799 1027 1840 1083 la·

138 1116 262 1173 diciaad
278 1113 410 1170 tribunal
424 1112 622 1184 Ambrosii,ad
637 1129 725 1186 quem
735 1113 823 1168 etiam
834 1112 964 1170 scriben-
1019 1110 1125 1168 ationis
1149 1109 1294 1183 episcopis
1315 1111 1370 1182 ipsi
1388 1111 1595 1170 molestissime
1609 1115 1840 1173 obtundentibus

137 1205 211 1262 dnm
226 1203 341 1276 putavit
357 1202 507 1276 syagrius,
523 1206 556 1258 nt
566 1201 713 1274 judicium
738 1202 793 1258 boe
817 1218 905 1259 sunm
917 1202 966 1257 de
1018 1200 1144 1256 invitum
1160 1199 1349 1268 concessisse,
1366 1204 1398 1256 ut
1411 1200 1548 1272 Aquileia
1574 1203 1703 1276 synodus
1725 1219 1840 1276 cogere·

135 1291 472 1352 tenderetrtmbrosius
494 1290 570 1347 hanc
594 1307 714 1347 causam
735 1308 796 1347 nna
816 1290 966 1348 cumaliis
1018 1294 1088 1357 tur:
1104 1305 1161 1345 non
1182 1293 1279 1345 tamen
1303 1305 1367 1346 eam
1396 1293 1463 1346 ante
1487 1307 1616 1348 mensem
1640 1293 1840 1364 Septembrem

135 1380 412 1454 sliquotepisccpis
425 1379 612 1447 examinarit,
627 1385 666 1448 et,
682 1381 782 1452 agnita
792 1381 907 1436 Indicia
922 1382 966 1436 in·
1018 1376 1107 1434 istius
1122 1379 1190 1432 anni
1206 1376 1382 1434 celebratam
1404 1393 1469 1434 esse
1493 1381 1610 1435 concedi
1637 1387 1740 1452 potest.
1757 1381 1840 1439 Vola-

136 1470 278 1528 noccutis
292 1469 469 1526 Veronensis
494 1470 623 1540 episcopi
645 1470 822 1525 senentiam
850 1468 965 1526 irritam
1018 1467 1091 1522 bant
1105 1465 1145 1521 illi
1158 1467 1372 1522 oeonmeoicum
1387 1483 1451 1523 esse
1466 1467 1521 1524 hoc
1548 1469 1714 1538 concilium,
1729 1472 1842 1528 nniver-

137 1558 218 1627 lccit,
234 1575 270 1616 ac
285 1563 425 1632 preterea
436 1557 559 1629 virginis
572 1557 799 1614 calumniatores
815 1557 910 1613 etieoit
922 1557 966 1614 sis
1020 1571 1128 1626 sosque
1141 1556 1292 1628 episcopos
1308 1555 1431 1611 desertis
1448 1556 1511 1612 suis
1525 1557 1663 1630 gregibus
1686 1575 1719 1615 eo
1740 1575 1842 1616 conve-

137 1647 236 1721 poenis
252 1646 481 1719 qaasexigebat
503 1644 637 1702 criminis
661 1645 809 1702 atrocitas.
831 1646 912 1710 Quod
934 1645 965 1700 in
1020 1644 1100 1700 nire:
1117 1643 1166 1699 sed
1190 1660 1257 1699 oum
1281 1643 1463 1715 superfluum
1492 1645 1551 1702 iore
1574 1649 1689 1702 tanturn
1713 1646 1841 1705 laborem

136 1736 194 1794 bac
209 1752 303 1793 cansa
313 1739 456 1792 mausum
473 1735 526 1790 abs
547 1750 579 1790 sc
599 1733 704 1798 iuerat,
718 1735 838 1807 Syagrio
854 1734 966 1807 signiti-
1019 1732 1192 1788 Ambrosius
1206 1733 1400 1806 persuasisset
1410 1733 1629 1806 imperatorias
1642 1737 1707 1808 ejus
1722 1737 1842 1794 oonsilio

136 1826 215 1882 cavit
230 1840 283 1896 per
296 1822 450 1896 epistelam
473 1821 571 1895 (epist.
593 1822 632 1894 5),
648 1839 707 1894 qus
733 1822 862 1879 deiectus
878 1826 966 1895 atque
982 1855 1006 1920 B
1020 1821 1098 1877 idem
1112 1821 1267 1878 Gratianus
1283 1822 1413 1878 seniores
1437 1822 1589 1896 episcopos
1614 1829 1665 1880 aut
1688 1825 1844 1883 debiliores

134 1914 209 1972 vitia
223 1913 379 1969 sententie
399 1911 436 1966 ab
458 1927 491 1966 eo
515 1909 582 1966 latae
605 1911 833 1982 exponebantur.
849 1911 967 1968 Veritus
1022 1911 1059 1966 ab
1075 1909 1130 1966 hac
1145 1911 1301 1968 subeunda
1312 1911 1481 1984 latigatione
1493 1913 1640 1970 immunes
1651 1913 1765 1972 lecitllt
1774 1913 1844 1972 illuc

135 2009 240 2064 umen
255 2018 293 2058 ns
304 1999 387 2056 illum
397 1999 569 2073 episcopum
580 1999 890 2072 abalienasaet,paueis
900 2003 968 2072 post
1022 2014 1122 2055 revera
1136 1999 1240 2072 exiguo
1255 2015 1378 2056 numero
1393 2001 1531 2073 presules
1551 2018 1720 2068 convenere,
1736 2005 1786 2061 sed
1801 2004 1844 2060 vi·

137 2092 246 2149 diebus
264 2089 355 2147 aliam
373 2087 527 2162 epistelam
547 2088 583 2144 ad
611 2105 680 2145 eum
709 2088 789 2145 misit
814 2089 910 2162 (epist.
926 2090 966 2160 d),
1021 2092 1058 2143 ta
1075 2089 1177 2144 merito
1193 2093 1221 2146 st
1237 2089 1374 2146 doctrina
1390 2091 1559 2163 prestantia
1573 2089 1711 2150 celebres.
1722 2093 1845 2152 Abunde

138 2197 198 2252 qna
210 2179 339 2238 illicem
352 2176 513 2250 singularis
536 2174 742 2234 benevolentia
761 2177 968 2234 testificatione
1022 2177 1139 2234 anobis
1154 2175 1216 2234 loco
1232 2195 1286 2235 suo
1301 2182 1398 2235 actum
1426 2183 1470 2235 est
1491 2180 1527 2236 ds
1542 2179 1597 2237 hoc
1621 2185 1764 2238 conventu
1781 2181 1844 2252 (ld-

139 2269 225 2342 ponit
236 2269 275 2325 ob
290 2265 402 2334 oculos,
417 2271 559 2338 quautam
573 2265 714 2336 iniuriam
729 2266 865 2323 universo
882 2267 968 2340 uirgi-
1021 2279 1095 2320 men.
1111 2267 1141 2320 in
1156 2267 1301 2338 Epictetus)
1311 2285 1318 2333 ;
1330 2267 1402 2324 illud
1418 2283 1486 2340 ergo
1497 2271 1610 2324 tantum
1628 2269 1674 2324 bie
1689 2270 1845 2342 adjicimus

137 2374 213 2416 nnm
227 2373 383 2416 neruum
398 2355 496 2412 ordini
512 2354 970 2424 voluissetinllictam,cumindi·
1023 2354 1131 2409 ibidem
1147 2355 1334 2411 Ambrosium
1347 2357 1464 2411 Petrum
1477 2355 1602 2413 aliorum
1614 2360 1845 2432 propaomnium

138 2450 289 2504 ciamtam
301 2444 485 2517 propudiosae
492 2443 683 2514 inspectionis
693 2461 778 2516 pinna
787 2445 966 2500 damnasset.
1023 2459 1089 2497 cum
1102 2439 1132 2497 in
1149 2443 1327 2514 disputando
1343 2447 1443 2500 contra
1457 2445 1550 2501 dictos
1572 2443 1799 2514 hereticos,tum
1815 2447 1844 2504 in

175 2535 416 2606 seatiaquoque
427 2533 816 2604 ccotmversianequaqnam
824 2533 968 2590 leviorsu-
1022 2546 1124 2586 ecrom
1140 2530 1329 2586 damnatione
1341 2548 1393 2604 per
1406 2531 1560 2604 synodicas
1571 2533 1710 2605 epistolas
1721 2537 1848 2592 absenti·

138 2625 258 2699 petiam
271 2619 551 2680 Ambrosiuminter'
563 2625 652 2692 atque
675 2621 823 2678 destinam
851 2627 970 2694 propter
1023 2620 1079 2674 bus
1095 2618 1240 2692 episcopis
1261 2622 1312 2675 aut
1336 2619 1518 2694 principibus
1546 2621 1747 2680 denuntianda
1768 2625 1846 2682 vices

137 2714 300 2772 Anemium
317 2710 426 2784 agitata
449 2713 503 2765 eat.
517 2708 646 2764 Vacabat
671 2724 705 2765 co
734 2713 867 2781 tempore
887 2710 969 2766 urbis
1024 2705 1159 2765 abivisse.

139 2802 257 2870 Sirmii,
272 2818 339 2873 que
363 2799 456 2856 totius
483 2801 528 2855 est
544 2796 645 2871 illyria
673 2801 772 2869 caput,
795 2798 969 2871 episcopalis
1059 2796 1104 2852 50.
1120 2797 1184 2869 (An.
1202 2797 1278 2867 382.)
1293 2797 1652 2870 Opinanturnonnnlliad
1669 2799 1747 2857 idem
1761 2802 1847 2874 Aqui·

137 2892 237 2958 mdes,
255 2906 346 2963 quam
361 2886 474 2944 diutius
487 2886 628 2944 Photinus
643 2890 672 2942 et
686 2885 856 2943 Germinius
869 2887 970 2943 Ariani
1024 2884 1134 2942 iciense
1150 2886 1306 2942 concilium
1323 2887 1468 2959 pertinere
1483 2886 1562 2942 illam
1578 2887 1733 2960 epistolam
1749 2889 1845 2962 (epist.

138 2978 276 3054 episcopi
289 2981 513 3050 occupaverant.
527 2975 700 3048 imperatrix
714 2980 832 3045 toneat
843 2976 968 3044 videtur,
1042 2973 1081 3045 3),
1097 2989 1162 3046 qus
1177 2975 1220 3031 sio
1239 2975 1426 3032 inscribitur:
1442 2975 1602 3032 Ambrosias
1625 2982 1652 3033 et
1673 2980 1767 3036 caere
1789 2981 1847 3052 epi·

138 3070 208 3126 illic
219 3068 365 3134 insidens,
393 3081 512 3122 omnem
536 3064 664 3136 lapidem
683 3066 828 3135 merebat,
839 3069 872 3120 ut
891 3065 971 3122 lutu-
1023 3066 1098 3136 scopi
1110 3064 1274 3126 ltoiiaetsed
1291 3065 1473 3120 contendunt
1487 3061 1536 3119 alii
1551 3081 1615 3120 eam
1632 3067 1846 3123 attribuendam

139 3158 365 3230 rusepiscopus
377 3172 413 3212 ex
426 3153 542 3210 Arianis
554 3159 751 3224 coaptaretur.
770 3153 921 3210 Advolavit
936 3171 970 3209 eo
1024 3171 1090 3210 essa
1105 3153 1186 3210 alteri
1203 3153 1414 3224 coneilio,quod
1429 3153 1457 3208 in
1475 3154 1612 3228 quapiam
1629 3157 1746 3212 urbium
1760 3157 1847 3214 ltalia

141 3253 270 3305 sanctus
289 3245 518 3309 ambrosiana
538 3245 672 3314 quamvis
695 3242 815 3298 lustina
829 3242 969 3299 heretica
984 3221 1007 3288 C
1025 3244 1082 3299 snb
1097 3242 1214 3298 initium
1230 3243 1353 3309 hujusce
1375 3242 1443 3298 anni
1466 3242 1644 3300 celebratum
1668 3251 1721 3301 est.
1737 3245 1846 3319 Synodi

142 3333 374 3408 conspirationis
388 3331 623 3402 septaprssiaiis
637 3335 739 3387 contra
762 3330 969 3397 obluctaretur,
1026 3336 1127 3388 Patres
1141 3332 1176 3386 ad
1187 3330 1387 3387 Theodosium
1402 3332 1530 3388 detulere
1542 3333 1676 3406 querelas
1687 3335 1847 3408 suas,quod

142 3430 177 3480 nt
194 3429 294 3478 tamen
310 3417 972 3491 assumereturpresulcatholicos,censtantia
1027 3425 1142 3477 mortno
1158 3419 1283 3483 llelctio,
1299 3421 1491 3477 successoria
1508 3423 1571 3493 ojus
1595 3421 1693 3480 locum
1708 3423 1849 3482 collectus

142 3506 539 3586 pervicit-liujuselectionis
554 3507 765 3573 modum,sicut
779 3510 808 3563 et
824 3513 971 3581 patratum
1026 3513 1114 3576 esset,
1131 3525 1197 3564 eum
1213 3525 1246 3563 ex
1261 3507 1334 3564 inita
1349 3510 1540 3567 conventione
1564 3512 1648 3568 sedes
1670 3512 1850 3569 Antiocheno

140 3596 746 3667 ineamiraeulumnarratPaulinus(in
775 3598 826 3654 Vit.
850 3597 971 3654 imbros.
1026 3598 1182 3655 deberetur
1197 3595 1248 3652 uni
1272 3596 1573 3671 Paulino.Gonqucsti
1600 3605 1670 3656 sunt
1699 3601 1786 3657 etiam
1814 3602 1849 3657 de

141 3689 246 3760 mli),
264 3688 316 3760 qui
342 3703 416 3744 novo
439 3686 574 3760 episcopo
602 3684 724 3742 anemio
749 3702 856 3742 nomen
881 3687 972 3744 luisse
1026 3686 1151 3744 Nectarii
1166 3683 1304 3741 electione
1320 3687 1356 3742 ad
1372 3685 1848 3764 constantinopolitanumepiseo-

132 3778 329 3837 tcstiiicatur.
346 3782 434 3832 Porro
447 3791 514 3832 cum
529 3775 607 3832 idem
622 3773 670 3830 bio
683 3774 823 3830 anemius
838 3776 971 3848 sequenti
1026 3781 1147 3849 patum;
1163 3791 1230 3830 eum
1246 3775 1324 3830 enim
1339 3775 1483 3832 Maximus
1503 3775 1579 3832 Petri
1600 3776 1785 3833 Alexandrini
1801 3777 1847 3834 lit·

143 3884 222 3924 anno
236 3865 362 3923 concilio
375 3863 554 3936 Aquileiensi
571 3879 701 3934 presens
720 3862 818 3931 luerit,
834 3865 899 3934 ejus
913 3863 971 3919 ele·
1024 3869 1103 3920 teras
1118 3866 1154 3918 ad
1170 3879 1220 3918 eos
1235 3863 1497 3934 attulisset‚ipsum
1510 3881 1574 3920 vere
1588 3867 1616 3920 et
1628 3881 1662 3920 er
1686 3867 1848 3922 canonibus

142 3958 202 4013 ctio
219 3953 404 4028 probabilius
417 3952 563 4024 assignari
588 3969 648 4008 non
671 3956 778 4023 potest,
793 3969 883 4025 qaam
902 3969 972 4025 pras-
1026 3953 1151 4009 electum
1166 3968 1232 4008 ease
1247 3951 1474 4007 arbitrabantur.
1491 3953 1710 4009 Humanissime
1726 3952 1847 4011 concilia

143 4046 322 4103 mntiaaoo.
1025 4041 1176 4112 rescripsit
1189 4039 1357 4113 imperator,
1375 4039 1460 4114 eique
1474 4041 1592 4097 Maximi
1616 4041 1713 4114 Cynici
1730 4043 1847 4099 traudes

177 4136 223 4191 ti.
239 4131 372 4190 Concilio
384 4129 562 4202 Aquileiensi
586 4145 656 4185 enm
678 4130 801 4185 anemio
825 4129 914 4186 etiam
929 4130 972 4186 in·
1026 4129 1149 4202 aperuit.
1165 4129 1304 4194 Quocirca
1319 4129 1412 4186 eidem
1429 4129 1553 4204 principi
1581 4129 1669 4187 aliam
1693 4131 1847 4204 epistolam

143 4222 250 4280 tersnit
264 4221 369 4279 iustus
384 4218 600 4292 Lugdunensis,
616 4217 664 4274 cui
680 4218 804 4274 antistiti
820 4235 888 4274 cnm
903 4221 971 4276 Am·
1025 4221 1157 4293 synodus
1173 4217 1254 4275 misit
1268 4217 1364 4291 (epist.
1382 4219 1437 4289 tl),
1452 4217 1553 4293 illique
1565 4219 1693 4293 primum
1704 4221 1846 4278 rationem

143 4311 245 4370 brosio
266 4308 466 4366 intercedebat
489 4307 624 4364 amicitie
648 4321 766 4363 summa
789 4307 969 4379 conjunctio.
1025 4303 1163 4371 reddidit,
1179 4321 1232 4360 cur
1245 4319 1312 4361 cum
1331 4305 1456 4362 Maximo
1476 4311 1505 4362 et
1518 4307 1651 4364 Nectario
1673 4307 1712 4364 its
1738 4325 1768 4364 sc
1782 4325 1847 4382 ges-

145 4401 309 4473 Pcstqncm
323 4397 439 4454 solutus
454 4400 499 4453 est
512 4395 632 4452 Petrum
656 4399 827 4463 conventus,
843 4397 873 4450 in
886 4396 969 4470 AErgy·
1026 4392 1132 4450 sisset:
1149 4398 1212 4450 tum
1229 4399 1367 4465 preterea
1382 4395 1491 4457 matins
1513 4395 1580 4470 egit,
1597 4397 1673 4469 quod
1690 4395 1783 4468 ipsius
1799 4397 1848 4454 bc·

144 4484 970 4558 tiisolitudineslustusrecassit.ladecognoscitnrrtm-
1027 4481 1131 4537 reficio
1155 4479 1288 4538 Ecclesia
1314 4481 1472 4540 orientales
1500 4484 1753 4557 occidentalesque
1779 4501 1850 4558 pace

144 4577 281 4636 brasium
296 4579 441 4640 nostrum,
457 4573 631 4645 priusquam
646 4571 694 4628 ille
708 4573 851 4645 lugduno
861 4572 918 4630 iter
926 4590 972 4630 ca·
986 4569 1206 4659 Diruerentnr:
1220 4575 1367 4643 pestremo
1377 4573 1519 4629 lentorem
1533 4575 1691 4646 quemdam
1702 4573 1849 4647 Apollina-

144 4669 278 4737 peeseret
291 4663 414 4720 adhaec
431 4660 695 4734 syncdnmcidem
709 4659 866 4732 scripsisse
888 4660 969 4719 illam
1025 4659 1165 4715 ristarum
1178 4661 1260 4730 justa
1285 4659 1474 4718 damnatione
1503 4681 1520 4718 a
1548 4681 1579 4719 se
1607 4655 1764 4720 coercitum
1786 4679 1849 4720 esse

144 4753 302 4827 epistolem
317 4751 413 4825 (epist.
426 4751 467 4821 7),
478 4767 538 4822 qua
550 4750 640 4807 Exodi
654 4749 751 4806 locum
766 4749 871 4820 dequo
886 4750 922 4806 ab
937 4767 972 4806 eo
1027 4747 1183 4804 nuntiavit.

144 4841 416 4908 coasultusloerat,
431 4838 559 4911 exponit.
574 4838 637 4894 Non
663 4838 705 4896 ita
728 4837 821 4893 multa
832 4841 899 4910 pest
912 4837 971 4894 alia
1061 4836 1392 4894 sincerrimam
1417 4839 1567 4910 tribuitur,
1586 4841 1661 4913 qnod
1686 4857 1703 4896 a
1726 4836 1848 4893 Paulino

143 4928 271 5003 epistola
284 4929 322 4984 ad
336 4927 419 4983 illum
434 4927 507 4984 data
519 4927 615 4998 (epist.
630 4926 669 4997 8),
689 4925 798 4983 iterum
819 4927 971 4998 respondit
1025 4932 1205 4982 memoratur
1219 4927 1367 4983 accedenti
1383 4929 1418 4983 ad
1440 4928 1582 5001 palatium
1605 4932 1704 4985 sancto
1719 4923 1847 5000 praesuli,

143 5019 212 5076 hnic
227 5021 296 5090 ejus
308 5017 474 5091 questioni,
490 5033 562 5071 num
585 5031 620 5071 ex
642 5015 715 5071 artis
732 5015 882 5072 rhetorice
897 5015 969 5088 legi·
1024 5020 1058 5070 ut
1072 5015 1187 5070 cuidam
1205 5033 1221 5070 a
1236 5015 1374 5073 Gratiano
1389 5018 1504 5073 veniam
1522 5017 1692 5090 postularet,
1711 5019 1848 5087 negatum

145 5109 202 5166 bns
214 5107 348 5165 scribere
358 5109 513 5163 cumaeni
526 5110 661 5160 auctores
676 5103 761 5160 soen.
1025 5103 1117 5159 inisse
1133 5103 1245 5160 aditum
1259 5121 1276 5160 a
1292 5105 1461 5163 Macedonio
1477 5106 1617 5176 magistro
1632 5103 1848 5171 officiorumei·

177 5198 214 5252 48
228 5197 296 5268 (Aa.
310 5195 386 5267 381.)
396 5193 535 5252 *Diximus
550 5192 737 5248 Anrbrosium
756 5193 896 5250 Gratiano
911 5192 970 5264 pol·
1025 5209 1082 5266 que
1096 5193 1283 5249 Ambrosium
1307 5195 1435 5251 divinam
1453 5193 1593 5250 ultionem
1606 5193 1647 5249 ita
1662 5193 1847 5263 praedixisse:

144 5285 260 5342 licitum
274 5284 366 5344 luisse
380 5283 564 5342 divinitatem
578 5281 672 5340 sancti
681 5281 809 5355 Spiritus
824 5281 903 5338 edito
912 5285 971 5337 tra·
985 5314 989 5318 Α
1024 5282 1058 5337 aa
1072 5285 1103 5337 tu
1117 5281 1227 5354 qnidam
1246 5285 1338 5339 venies
1365 5284 1400 5338 od
1422 5282 1579 5346 Ecclesiam,
1595 5298 1655 5347 neo,
1684 5281 1785 5338 ciceris
1802 5283 1848 5354 ja-

146 5377 224 5432 catu
239 5389 273 5430 se
287 5371 493 5447 probatarum.
507 5371 605 5428 Fidem
625 5388 712 5430 sunm
734 5370 789 5427 hac
812 5369 842 5425 in
853 5387 883 5426 re
897 5369 969 5427 libe·
1023 5371 1099 5436 neb,
1115 5372 1239 5427 inuenies
1254 5387 1307 5443 quc
1321 5371 1488 5438 inprcdioris
1512 5369 1636 5441 (Paulin.
1662 5371 1690 5426 in
1713 5369 1770 5426 Vite
1784 5371 1848 5426 Arn-

145 5462 219 5520 ravit
232 5464 353 5520 ineunte
366 5461 422 5518 boo
437 5477 516 5518 auno
534 5461 658 5529 (admon
685 5462 718 5516 in
734 5460 783 5514 tid.
799 5461 836 5514 lie
862 5460 972 5531 Spiritu
1026 5459 1079 5527 ir„
1097 5475 1179 5515 num.
1198 5459 1254 5531 37).
1270 5461 1351 5526 Quod
1369 5475 1397 5514 re
1414 5457 1635 5529 ipsa,Gratiano
1647 5457 1851 5525 exstincto,ille

143 5550 473 5624 undettroeqaesuos
485 5548 576 5610 libres
590 5549 629 5606 aa
647 5548 755 5621 Spiritu
776 5555 881 5615 comto,
896 5565 971 5622 quos
1025 5553 1161 5622 expertus
1173 5553 1227 5604 est.
1244 5547 1273 5603 Si
1298 5552 1451 5620 propterea
1475 5545 1535 5603 hac
1559 5547 1705 5604 Ambrosii
1727 5547 1848 5603 commi-

142 5637 321 5704 artwico
331 5639 495 5709 Galbanum
505 5653 572 5710 rege
582 5635 833 5708 Constantinopoli
843 5651 895 5696 vin
905 5637 968 5695 Kal.
1025 5639 1106 5694 natio
1121 5637 1176 5694 hcc
1191 5649 1268 5693 anno
1283 5635 1411 5708 ponitur,
1428 5637 1506 5710 qued
1523 5653 1590 5694 cum
1615 5638 1691 5694 lacta
1705 5639 1759 5704 est,
1776 5635 1850 5694 Gra-
