4159 6184
193 441 257 504 301
842 443 959 504 alosa
980 443 1032 504 DE
1054 441 1262 506 Pauaotso.
1617 489 1619 494 .
1845 438 1903 504 302

194 572 376 630 mulieribus
398 573 539 629 honorem
563 573 713 645 impertire
736 573 885 646 apostolus
920 573 1023 630 Petrus
1038 575 1066 641 A
1081 573 1233 646 diligenter
1247 575 1392 642 intendas,
1409 573 1627 646 seripturarum
1647 573 1819 629 auctoritate
1847 572 1897 629 ab·

192 662 332 736 precipit
346 662 460 718 dicans:
488 663 548 719 tiri
570 663 699 718 similiter
723 663 907 719 cohabitantes
928 679 1024 720 semn—
1081 662 1151 718 solvi
1168 663 1449 735 potost.Qundeaim
1461 664 1582 733 honum,
1595 662 1901 719 honestiaoiendom:

190 751 266 806 dum
293 753 439 808 scientiam
465 755 598 822 tanquam
625 751 776 822 infirmiori
804 754 863 807 nasi
895 752 1027 808 muliebri
1080 753 1157 824 quod
1175 757 1272 807 autem
1296 753 1406 808 honam
1428 757 1456 808 et
1478 752 1655 820 faciendam,
1685 768 1849 808 consonans
1875 753 1903 806 et

191 841 390 913 impartientes
403 841 542 907 bonorem,
558 849 691 911 tanquam
704 840 838 897 cohaeredi
858 843 958 912 qratiae
983 841 1024 896 oi·
1081 839 1249 896 adherens:
1267 841 1344 912 quod
1359 857 1425 896 vero
1443 843 1538 912 turpe,
1554 841 1609 896 hoa
1633 839 1709 896 155
1733 839 1902 906 dissonans,

191 937 252 991 ω·
267 932 297 984 at
311 945 348 985 ne
361 928 548 1001 impediantur
562 930 804 987 orationesuestra‘
818 929 921 998 (lPetr.
936 931 1023 1001 rrr,7).
1080 927 1319 1001 incompositum,
1335 935 1422 1001 atque
1438 929 1597 985 discretum
1613 932 1666 984 est.
1678 932 1712 983 aa
1722 929 1785 984 ideo
1805 927 1903 984 Domi-

233 1017 493 1090 aattrgopositas
517 1020 561 1073 est
582 1017 611 1072 in
639 1018 776 1089 paradiso
800 1018 853 1087 vir,
880 1017 957 1074 iacta
980 1023 1025 1074 est
1080 1033 1136 1072 aus
1153 1017 1295 1074 unitatem
1311 1017 1600 1089 semperintendens,
1616 1017 1779 1074 secundum
1804 1017 1902 1072 unita-

191 1105 228 1161 in
245 1104 382 1178 paradiso
397 1104 512 1161 mulier.
528 1106 583 1161 Sed
609 1105 697 1162 etism
721 1111 792 1162 tunc
815 1107 987 1179 prinsquam
1008 1124 1025 1164 a
1079 1110 1138 1160 tem
1155 1107 1300 1178 precepit.
1316 1107 1447 1179 Denique
1463 1107 1603 1162 unitatem
1615 1111 1762 1178 operatur,
1775 1104 1825 1177 qai
1836 1104 1904 1160 lecit

192 1199 334 1274 serpente
347 1193 452 1250 mulier
466 1194 659 1266 deciperetur,
676 1194 781 1252 hahuit
807 1195 859 1250 viri
886 1196 1023 1268 gratiam,
1079 1199 1205 1266 utraque
1219 1211 1323 1250 unum.
1340 1196 1397 1250 Nea
1410 1194 1506 1251 solum
1523 1199 1655 1266 utraque,
1670 1195 1720 1252 scd
1736 1195 1824 1250 etiam
1839 1210 1903 1250 om-

192 1282 339 1354 quoniam
354 1283 391 1338 de
405 1281 466 1338 viro
482 1288 601 1355 sumpta
615 1289 677 1339 est:
692 1283 762 1339 licet
775 1282 831 1339 hoa
857 1301 1023 1340 sacramen·
1080 1298 1131 1338 nes
1148 1300 1250 1339 unani.
1268 1283 1376 1340 Omnes
1391 1284 1469 1340 enim
1493 1301 1585 1339 unum
1611 1299 1727 1356 corpus,
1752 1287 1782 1340 et
1809 1300 1901 1338 unum

192 1378 262 1426 tum
279 1387 420 1442 magnum
436 1371 484 1437 sit,
502 1372 580 1428 sieut
595 1372 750 1443 Apostolus
768 1372 841 1428 dixit
863 1371 970 1443 (aptes.
995 1391 1021 1441 v,
1079 1371 1215 1442 spiritum
1226 1389 1290 1428 esse
1305 1390 1357 1428 nos
1368 1374 1469 1444 jussit.
1487 1373 1540 1428 Per
1555 1371 1655 1428 omnia
1669 1375 1768 1427 autem
1793 1371 1902 1444 primo·

192 1461 254 1525 32).
269 1460 306 1515 ut
319 1459 385 1516 ideo
400 1475 521 1516 causam
536 1460 601 1515 vite
616 1477 650 1516 ex
664 1477 698 1517 ec
718 1462 812 1516 traxit
838 1461 964 1533 Ideoque
988 1463 1024 1517 de
1078 1460 1205 1532 genitus,
1223 1477 1290 1516 cum
1303 1463 1343 1517 sit
1355 1461 1384 1515 in
1400 1462 1512 1517 unitate
1527 1479 1594 1516 cam
1612 1461 1705 1528 Patre,
1727 1459 1903 1531 conjunctis-

191 1549 260 1603 viro
274 1552 392 1604 tantum
418 1549 569 1621 Scriptura
591 1547 675 1621 dixit,
697 1550 766 1621 quia
792 1552 966 1622 poeniteam
993 1553 1025 1606 in
1079 1547 1266 1604 simusPatri
1284 1554 1473 1622 semperest:
1495 1549 1564 1622 quia
1587 1549 1715 1604 Verbum
1738 1553 1800 1605 erat
1824 1548 1901 1621 apud

191 1637 327 1709 perediae
341 1637 454 1709 operari
466 1645 493 1693 et
505 1639 651 1695 cuatodire.
675 1639 737 1694 Non
757 1638 834 1694 idem
859 1643 888 1695 nt
911 1639 1023 1711 operari
1078 1638 1181 1692 Deum.
1199 1639 1329 1710 Denique
1345 1639 1399 1695 nit:
1415 1641 1471 1708 qu
1486 1647 1511 1694 et
1523 1637 1900 1709 Pateraaumsumus(ioan.

194 1731 226 1781 et
241 1726 400 1782 custodire.
416 1725 446 1781 ln
465 1743 550 1798 opere
571 1729 650 1783 enim
673 1726 792 1800 quidam
820 1728 936 1783 virtutis
961 1745 1025 1800 pro·
1078 1743 1105 1794 x,
1120 1727 1182 1795 30);
1201 1731 1232 1782 ut
1253 1727 1396 1783 unitatem
1418 1728 1474 1784 sihi
1500 1727 1662 1799 nrnjestatis
1686 1731 1714 1783 et
1741 1725 1902 1782 divinitatis

194 1831 301 1872 nessus
314 1819 369 1882 est,
387 1815 417 1872 in
433 1815 567 1872 custodia
584 1817 717 1888 quedam
732 1816 1024 1889 censummaticope-
1078 1832 1146 1870 oum
1164 1815 1245 1871 Patra
1259 1833 1323 1872 esse
1338 1821 1523 1872 monstraret.
1541 1817 1597 1872 Sed
1614 1820 1642 1872 et
1657 1832 1711 1871 nos
1726 1831 1819 1871 naam
1838 1830 1903 1870 esse

195 1903 240 1959 ris
261 1903 503 1976 deprehendere
530 1920 563 1961 eo
596 1904 674 1978 quod
700 1901 785 1976 quasi
820 1911 1025 1962 consummata
1039 1943 1063 2007 B
1079 1905 1220 1976 praecipit,
1238 1905 1648 1977 etsuanaturaeanitatisqae
1673 1902 1900 1960 similitudinem

194 1992 354 2048 custodiat.
371 1992 436 2048 Hac
451 1993 510 2048 duo
525 1993 561 2049 ab
576 1993 696 2050 homins
712 1994 912 2065 requiruntur,
940 1999 972 2050 ut
995 1999 1024 2051 et
1080 1994 1108 2048 in
1130 2010 1184 2049 nos
1205 1993 1304 2066 gratia
1328 1993 1481 2066 adoptione
1492 1993 1653 2049 transfudit
1677 1993 1790 2049 dicens:
1808 1995 1901 2060 Pater,

195 2080 336 2153 operibus
352 2097 427 2138 aava
441 2084 561 2154 querat,
578 2086 607 2137 et
621 2086 705 2153 parta
719 2081 874 2148 custodiat,
891 2083 968 2154 quod
979 2087 1025 2138 est
1077 2084 1145 2138 sicat
1161 2098 1208 2154 eqo
1221 2092 1247 2138 et
1261 2087 1290 2138 tu
1306 2089 1393 2138 unam
1407 2100 1511 2150 samias,
1533 2085 1571 2138 ita
1596 2091 1621 2139 et
1645 2083 1692 2139 isti
1715 2082 1794 2137 nobis
1814 2097 1903 2136 unum

194 2168 1022 2243 generalePhilonautem,quoniamspiritaliabudaico
1077 2173 1133 2227 sint
1157 2173 1250 2244 (Joan.
1283 2174 1424 2244 κνι1,22).
1457 2171 1594 2244 llrgouhi
1623 2171 1734 2227 honam
1758 2169 1901 2242 praecipit,

196 2275 259 2315 non
273 2258 406 2330 capiebat
419 2257 535 2324 affectu,
551 2258 629 2314 intra
644 2259 765 2314 moralia
780 2277 811 2315 se
834 2260 930 2316 tenuit
954 2261 1021 2333 (23),
1079 2267 1219 2332 tanquam
1236 2261 1272 2315 nd
1288 2277 1382 2316 unum
1403 2260 1534 2333 precipit
1556 2260 1666 2328 diceas,
1696 2259 1773 2315 hules.
1799 2257 1901 2314 Unitos

196 2352 232 2403 ut
248 2347 356 2403 diceret
370 2346 498 2402 hacduo
514 2347 841 2421 quari,operainagro,
860 2349 1023 2405 aristodium
1078 2349 1157 2404 enim
1186 2349 1367 2422 praevaricari
1395 2366 1451 2404 noa
1469 2353 1573 2422 potest.
1591 2348 1644 2405 Ubi
1671 2365 1738 2404 vero
1763 2349 1799 2403 de
1821 2345 1901 2417 ligno

196 2435 316 2492 domus.
338 2436 374 2492 sa
397 2435 532 2508 quamvis
557 2436 712 2508 paradisus
740 2437 889 2509 operibus,
914 2437 1022 2510 inquit,
1077 2437 1206 2496 scientiae
1222 2437 1291 2492 boni
1306 2442 1334 2493 et
1350 2437 1431 2504 mali,
1455 2437 1525 2492 dicit
1541 2454 1598 2493 non
1623 2452 1688 2493 esso
1707 2437 1900 2510 gustandum,

195 2523 347 2580 ruralibus
361 2542 420 2580 uon
436 2531 547 2598 egeret3
559 2529 657 2581 tamen
669 2525 738 2597 qaia
750 2525 862 2597 primus
874 2525 963 2582 homo
977 2526 1023 2582 lex
1079 2525 1162 2597 quasi
1178 2526 1214 2581 ad
1230 2524 1329 2598 plures
1344 2525 1424 2592 dicit,
1441 2525 1499 2580 Noa
1512 2525 1605 2580 edetis.
1622 2526 1703 2589 Quod
1727 2525 1806 2581 enim
1830 2541 1896 2597 pro·

195 2612 379 2686 posteritatis
393 2613 511 2670 iuturus
526 2619 596 2682 erat,
613 2614 678 2670 ideo
693 2613 815 2686 legitimi
825 2615 913 2671 etiam
924 2615 953 2669 in
972 2632 1022 2687 pn·
1078 2614 1251 2669 hibitorium
1267 2619 1321 2682 est,
1336 2617 1478 2684 tanquam
1495 2612 1629 2684 pluribus
1654 2611 1824 2684 imperatur.
1840 2614 1898 2686 ligo

194 2701 298 2758 radiso
323 2701 450 2773 speciem
473 2703 602 2774 suscepit
625 2701 734 2758 laboris
763 2703 830 2775 (24),
853 2708 885 2759 nt
909 2721 963 2760 nos
986 2705 1023 2759 ud
1077 2707 1175 2757 tamea
1189 2701 1269 2757 aliud
1282 2705 1362 2774 puto,
1376 2701 1405 2756 et
1421 2701 1492 2773 quid
1509 2701 1641 2757 tutorum
1659 2701 1707 2772 sit,
1720 2701 1749 2757 in
1770 2702 1900 2774 ipsojam

191 2789 393 2863 operationem
409 2794 438 2846 et
452 2790 616 2847 custodiam
631 2791 722 2848 debiti
737 2791 838 2858 cilicii,
851 2796 879 2848 et
897 2791 1022 2848 haeredi-
1078 2790 1128 2846 Dei
1144 2807 1278 2847 sermone
1302 2791 1423 2862 reperio.
1451 2789 1491 2845 De
1514 2790 1592 2846 omni
1617 2789 1695 2862 ligno
1719 2789 1900 2863 gustandum

190 2878 280 2934 toria
303 2879 498 2935 successionis
522 2896 632 2936 munus
659 2880 842 2952 astringeret.
869 2881 934 2937 llaec
964 2883 1023 2938 duo
1077 2879 1480 2951 hdasolipraaepit‚quem
1500 2883 1683 2934 servaturum
1716 2877 1840 2934 sciehat:
1864 2879 1900 2935 de

192 2984 270 3041 ergo
284 2972 338 3023 ate
353 2968 512 3042 exiguntur
526 2967 586 3025 sive
601 2967 759 3034 moraliter,
771 2969 832 3025 sive
842 2969 1021 3041 spiritaliter.
1078 2968 1157 3040 ligno
1173 2972 1270 3022 autem
1288 2967 1413 3023 scientia
1435 2967 1503 3022 honi
1527 2972 1555 3023 et
1580 2967 1649 3024 mali
1674 2984 1732 3023 non
1757 2977 1821 3023 esse
1845 2984 1902 3041 gu-

191 3055 282 3124 Quod
306 3057 392 3113 etiam
417 3057 548 3130 psalmos
564 3061 592 3112 te
619 3057 808 3130 propheticus
833 3058 926 3124 docet,
954 3059 1023 3130 quia
1078 3057 1229 3121 standum,
1242 3058 1305 3128 jam
1321 3073 1377 3111 aon
1390 3055 1587 3129 singulariter,
1598 3056 1648 3112 sed
1656 3056 1808 3128 pluraliter
1819 3056 1899 3112 dicit.

190 3144 340 3216 scriptam
368 3149 428 3200 est:
450 3146 512 3200 Nisi
538 3145 670 3200 Dominus
697 3145 1021 3220 edificaberitldomam,
1077 3145 1286 3202 Sciebatenim
1313 3145 1568 3217 praevaricaturam
1593 3143 1758 3212 mulierem,
1785 3149 1813 3200 et
1836 3143 1901 3200 ideo

190 3239 228 3292 in
261 3249 357 3289 uocum
385 3233 581 3289 laboraverunt
612 3235 661 3306 qai
688 3234 824 3303 artificum
854 3251 924 3290 earn.
962 3237 1023 3292 lini
1079 3253 1129 3308 per
1159 3233 1356 3306 pluralitatem
1383 3233 1511 3288 ostendit
1540 3249 1595 3288 non
1626 3237 1802 3299 servaturos,
1832 3233 1902 3305 quie

191 3323 331 3383 Dominus
357 3323 515 3378 condierit
543 3323 692 3392 ciuitatem,
718 3326 749 3379 in
777 3341 880 3380 aronam
905 3301 1059 3396 copulans]
1080 3323 1208 3397 plurium
1224 3323 1350 3378 discreta
1365 3323 1510 3378 sententia
1526 3327 1580 3379 est.

192 3413 253 3486 qui
273 3410 428 3466 cutodiant
451 3428 522 3467 eam.
552 3413 747 3484 (Proteum,
777 3413 816 3485 l.)
845 3413 932 3470 Vides
959 3412 1025 3472 illos
1114 3415 1159 3468 27.
1176 3413 1211 3467 Et
1226 3415 1368 3484 quantum
1386 3411 1420 3466 ad
1438 3411 1629 3485 Septuaginta
1643 3411 1771 3468 virorum
1784 3414 1902 3468 senten-

190 3502 335 3559 laborare
349 3499 400 3572 qui
415 3500 445 3555 in
460 3500 557 3573 operis
578 3505 649 3557 sont
672 3500 933 3575 aedificationisque
959 3520 1024 3576 prn-
1080 3501 1150 3557 tiam
1167 3503 1289 3572 spectat,
1306 3497 1437 3554 solatum
1453 3500 1590 3572 estquod
1606 3501 1748 3556 movebat.
1765 3499 1820 3556 Sed
1832 3498 1902 3571 quio

198 3606 309 3657 σεε-ειυς
323 3588 394 3645 istos
403 3605 470 3645 vero
483 3588 603 3662 vigilare
617 3591 667 3662 qui
684 3591 747 3662 jam
773 3591 936 3648 custodiam
960 3611 1025 3665 per·
1081 3587 1276 3662 Symmachus
1292 3591 1448 3658 utrumque
1465 3587 1652 3660 singulariter
1667 3589 1750 3658 dixit,
1762 3587 1900 3662 intelligi·

197 3677 276 3737 ieeti
290 3678 384 3751 operis
396 3683 579 3752 receperunt.
596 3678 678 3735 Unde
691 3683 721 3736 et
736 3679 1027 3753 Dominusapostolis
1081 3697 1147 3736 mus
1160 3679 1189 3733 id
1207 3681 1351 3744 secutum,
1371 3676 1441 3747 quia
1456 3676 1485 3730 in
1501 3676 1564 3749 lege
1585 3694 1700 3749 quoque
1715 3695 1783 3734 cum
1808 3694 1902 3751 popu·

196 3762 366 3844 quostiam
380 3766 602 3840 perfectioribus
628 3769 699 3837 (25):
719 3769 843 3839 l'iqitato,
873 3767 978 3842 inquit,
1000 3775 1027 3828 et
1081 3769 1142 3825 lum
1159 3765 1317 3838 alloquitur
1338 3767 1424 3832 Deus,
1449 3765 1637 3838 singulariter
1660 3765 1801 3838 loquitur,
1827 3766 1904 3823 sicut

192 3846 504 3923 brustemiensium
525 3858 701 3912 imbutionem
725 3857 828 3927 (rhabb.
858 3876 933 3927 xuvr,
964 3861 1024 3933 ll):
1081 3859 1185 3916 hahes:
1213 3855 1294 3926 luat,
1327 3855 1422 3925 lsrael,
1453 3855 1584 3909 Dominus
1612 3856 1681 3910 Deus
1722 3857 1796 3924 tuns,
1833 3856 1902 3911 ocae

189 3944 580 4016 docensperiectaenature
597 3962 706 4001 munos
723 3946 836 4018 (bb),et
855 3946 947 4019 plena
969 3949 1026 4004 vir·
1081 3946 1309 4016 unuscstfflcat.
1325 3961 1365 4012 vr,
1391 3945 1424 4004 h:
1450 3946 1488 4013 ct,
1520 3944 1620 4014 hitiqcs
1644 3943 1790 3998 boninum
1817 3943 1904 3998 Deum

184 4031 271 4092 tutis
286 4033 1026 4108 gmtiamesseservandam,necquemquometiam
1081 4045 1159 4092 taam
1179 4033 1257 4106 (thid.
1283 4035 1321 4105 b).
1351 4031 1407 4088 Nec
1438 4031 1509 4086 mihi
1539 4031 1708 4102 prejudicat
1735 4028 1903 4102 Symmachi

184 4119 400 4198 perfectiorem
417 4121 475 4177 nisi
493 4121 665 4195 vigilaverit,
688 4122 734 4178 sui
759 4123 863 4180 dehere
890 4141 954 4180 esse
983 4142 1027 4181 ss·
1081 4121 1294 4196 interpretatio,
1309 4120 1360 4193 qui
1385 4121 1528 4176 unitatem
1553 4120 1646 4176 Patris
1670 4125 1699 4176 et
1723 4119 1784 4174 uitii
1807 4118 1904 4174 videre

187 4225 320 4269 curum.
1081 4230 1140 4269 nou
1157 4211 1269 4284 potuit;
1286 4213 1315 4266 ct
1330 4208 1354 4266 si
1371 4208 1525 4281 aliquoties
1541 4208 1571 4264 in
1593 4225 1726 4265 sermons
1751 4212 1779 4264 et
1797 4206 1905 4279 Aquila

533 4319 648 4376 cquq
667 4322 702 4374 v,
1082 4297 1329 4374 etipsecontessi
1348 4298 1416 4354 sint.
1447 4297 1504 4354 Noe
1526 4297 1682 4370 qaisquam
1706 4297 1741 4353 ds
1764 4313 1797 4353 eo
1826 4295 1904 4369 quod

189 4404 390 4463 Examinatar
417 4414 585 4478 preceptum
611 4407 645 4462 de
671 4424 727 4463 non
753 4407 854 4464 edenda
874 4408 907 4464 de
948 4409 1028 4482 liqna
1082 4386 1495 4464 prevaricatorumpopulum
1510 4381 1905 4458 divinamandatasingulo-

234 4477 576 4544 scientiaebenietmali,
593 4481 620 4533 et
644 4480 717 4534 circa
743 4479 951 4550 tdnnerqenteo
976 4480 1029 4554 dis·
1084 4479 1154 4535 riter
1181 4476 1349 4548 alloquitur,
1381 4479 1463 4546 patet
1485 4473 1629 4547 superiori
1653 4477 1753 4531 nostro
1786 4472 1905 4530 obvium

236 4547 575 4617 fifflweidfiwlmmmr·
1083 4584 1148 4624 esse
1160 4565 1287 4622 sermoni
1303 4564 1359 4636 (27)
1367 4581 1378 4626 ;
1394 4563 1463 4635 quia
1478 4563 1604 4636 populas
1623 4563 1791 4619 iudeorum
1817 4561 1905 4619 etiarn

235 4653 285 4707 26.
308 4656 339 4708 st
360 4655 490 4725 pracepit
517 4655 650 4710 hominus
679 4656 750 4711 oeae
777 4656 840 4712 Adae
863 4655 1067 4732 diacodion
1084 4655 1272 4730 singulariter
1300 4653 1368 4710 data
1391 4653 1560 4726 praecripto
1594 4653 1722 4710 violavit.
1748 4654 1805 4710 Lex
1826 4653 1904 4708 enim

189 4743 281 4800 omni
296 4741 371 4810 liquo
385 4743 456 4814 qaod
469 4752 509 4799 est
524 4745 554 4798 in
566 4743 696 4816 paradiso
719 4743 754 4799 ad
774 4761 873 4813 escam,
897 4744 972 4801 edes:
997 4746 1031 4802 de
1084 4742 1246 4820 spiritualis
1261 4747 1320 4799 est:
1338 4746 1366 4798 et
1381 4743 1446 4798 ideo
1462 4742 1587 4798 alterum
1608 4742 1637 4798 in
1663 4759 1806 4809 sermone,
1831 4739 1903 4794 alte·
1972 4805 1973 4808 Ἴ

193 4833 281 4902 liqna
298 4834 389 4886 autem
399 4831 469 4903 quod
484 4841 522 4887 est
536 4833 658 4888 scientia
674 4834 739 4889 boni
751 4836 778 4888 et
791 4834 862 4888 mati
873 4835 1028 4890 accedetis.
1085 4852 1150 4890 rum
1167 4835 1196 4889 irr
1212 4832 1476 4906 praedestinatione,
1492 4832 1588 4888 divino
1602 4831 1743 4905 populum
1766 4831 1842 4886 Deus
1866 4825 1905 4882 ol-

196 4917 425 4988 Quadieuutem
446 4920 678 4976 manducaveritis
696 4937 732 4976 ea
754 4937 795 4990 eo,
824 4926 911 4978 morte
932 4925 1030 4979 morie·
1084 4921 1400 4996 loquebaturoraculo.
1422 4921 1551 4994 lienique
1576 4922 1634 4978 alt:
1655 4922 1714 4976 Noa
1736 4933 1831 4991 coques
1855 4934 1905 4988 aq·

193 5009 280 5063 mini
294 5006 370 5078 (oen.
386 5025 418 5076 rr,
441 5011 474 5064 lo
488 5013 513 5065 ct
529 5009 585 5079 17).
602 5012 664 5076 Qua
679 5011 801 5078 ratione,
825 5010 875 5066 uhi
900 5012 1031 5084 praecipit
1084 5029 1151 5068 num
1165 5011 1221 5083 (28)
1239 5013 1268 5067 in
1283 5012 1456 5067 iactemua-is
1470 5027 1525 5066 sue
1540 5011 1625 5080 (Esod
1637 5025 1730 5076 assiu,
1742 5009 1797 5077 26),

192 5114 238 5153 ex
254 5096 333 5152 omui
349 5095 429 5169 ligno
445 5097 601 5167 edentium,
619 5098 931 5171 singulariterdixerit,
943 5100 1029 5155 haas:
1119 5102 1163 5155 28.
1182 5099 1286 5155 Facilis
1303 5099 1408 5154 abdiae
1428 5099 1484 5170 (29)
1508 5103 1718 5170 praceptorum
1743 5095 1905 5152 caelestium

194 5185 256 5242 ubi
272 5189 371 5241 autern
387 5185 423 5241 de
436 5185 766 5259 lignoscientiaeboniet
777 5186 858 5256 mali,
867 5187 1028 5261 pluraliter,
1085 5189 1175 5245 series
1191 5187 1350 5256 videretur;
1367 5187 1422 5242 nisi
1439 5187 1631 5258 qaaestionem
1646 5184 1765 5257 plurimi
1780 5201 1907 5242 commo·

191 5273 373 5345 menecea,
390 5273 505 5343 dixerit,
522 5292 579 5331 aon
593 5274 688 5332 otiosa
710 5275 842 5350 quaestio.
872 5277 980 5333 Verum
1004 5277 1030 5334 si
1085 5283 1194 5343 vereat,
1210 5278 1318 5350 quihus
1334 5275 1500 5348 responderi
1516 5277 1657 5346 oporteta
1672 5275 1770 5343 nobis;
1788 5291 1823 5331 ne
1834 5275 1905 5331 sim-

234 5389 285 5458 (23
318 5389 390 5445 Mss.
407 5389 545 5456 Claram,
563 5392 639 5446 intra
649 5393 779 5448 mortalia
787 5407 815 5447 se
824 5395 922 5447 tenuat.
1132 5395 1176 5464 27)
1192 5393 1259 5448 Cod.
1277 5392 1352 5455 Dia,
1368 5389 1532 5446 obviandum
1546 5392 1585 5444 cst
1597 5393 1726 5448 sormam.

248 5461 284 5515 24
311 5459 493 5531 Remedia,
512 5464 650 5534 specimen
665 5465 781 5534 suscepit
796 5463 909 5519 laboris.
1132 5467 1176 5536 28)
1190 5465 1232 5520 lta
1248 5479 1319 5518 mss.
1336 5460 1517 5532 antiquiores
1531 5478 1565 5516 ex
1582 5461 1652 5518 LXX
1668 5465 1803 5539 interpr.,
1828 5467 1905 5538 apud

246 5534 284 5587 25
324 5531 395 5588 hias.
419 5533 501 5589 Rem.
520 5537 549 5590 et
576 5533 665 5598 Glar..
698 5534 832 5605 apostolis
868 5534 1031 5605 quibusdam
1086 5541 1416 5609 quosatatqtceaopva.
1433 5531 1501 5600 Alii,
1518 5532 1614 5589 etvel.
1631 5537 1713 5604 edit,
1736 5554 1792 5596 noa
1811 5555 1906 5613 coques

185 5604 420 5678 pasectioribus,
437 5620 502 5676 quae
519 5604 603 5661 lectio
617 5605 732 5660 videtur
744 5620 808 5660 esse
820 5605 957 5679 genuina.
1085 5623 1169 5666 ovem
1185 5604 1355 5678 Vulgata...
1370 5604 1490 5662 badura.

233 5674 377 5806 (bhqohss.
394 5675 535 5750 quinque,
550 5676 648 5734 docem
657 5677 710 5750 per
735 5684 814 5734 recta
840 5686 949 5738 naturae
969 5695 1030 5739 mu·
1120 5677 1166 5752 (29
1181 5677 1250 5738 Mas.
1269 5676 1326 5736 lere
1341 5675 1376 5734 od
1390 5694 1493 5748 unum,
1507 5679 1620 5756 facilius
1632 5681 1750 5751 abhinc,
1761 5684 1815 5740 eto.

188 5761 287 5818 aare
320 5789 327 5808 .
1240 5787 1242 5792 .
1835 5783 1837 5790 ,
