4159 6184
188 311 247 381 eie
909 311 949 375 ’8.
971 303 1160 378 anbbesll
1832 315 1898 378 ⁹64

187 448 308 524 ingenio
324 457 377 504 sno
393 459 424 501 ee
439 435 572 502 diillders
595 439 765 518 profitetur:
780 459 880 500 uerum
898 445 986 500 otiam
999 461 1149 502 summum
1178 445 1310 502 studium
1321 457 1390 517 erga
1407 444 1494 500 tidem
1510 441 1684 500 catholicam
1699 444 1786 515 cujas
1801 443 1899 517 gratia

187 537 326 593 advorsus
343 531 503 602 hereticos,
518 533 645 590 maxime
660 535 757 590 autem
774 532 897 590 Arianos
912 533 948 592 ed
972 537 1135 590 extremum
1165 547 1258 606 usque
1284 531 1421 606 spiritum
1449 531 1626 600 decertarit3
1655 534 1798 604 preterea
1824 548 1896 589 vero

186 623 323 680 eximiam
343 619 552 678 charitatemin
568 637 686 696 gregem
701 622 893 694 suum,cujos
904 622 1022 679 demum
1030 620 1201 678 instituendi
1212 620 1546 679 laboribuaimmortuus
1554 625 1610 677 est.
1617 618 1792 694 colligimus
1801 621 1896 679 etiam

184 727 220 768 ex
233 710 336 767 eodem
351 709 473 767 Paulino
487 709 579 782 (ibid.)
600 713 778 784 postremam
792 708 869 767 hanc
883 709 1072 784 scriptionem
1088 709 1238 767 Ambrosii
1258 710 1345 767 iestis
1360 709 1552 767 Psscbaiibus
1579 708 1649 766 anni
1670 709 1726 765 397
1740 708 1897 767 smriben·

185 800 254 857 dam
270 813 346 868 asse,
362 798 600 874 quandoquidem
616 815 650 856 eo
665 801 806 873 tempore,
825 804 855 855 ut
870 800 926 856 tert
941 798 1121 873 probabilior
1134 799 1243 872 opinio,
1257 798 1287 856 in
1303 797 1376 856 vivis
1390 798 1502 874 agitare
1516 798 1613 855 desiit.
1640 799 1704 865 Qua
1717 799 1754 855 de
1768 815 1800 857 re
1822 797 1896 857 alibi

186 887 302 946 dicetur
314 886 445 944 uberius.
1388 927 1392 936 .

222 975 335 1034 Ultimas
350 979 477 1048 quatuor
490 973 697 1032 linarrstiones
712 991 836 1048 quarum
852 992 912 1032 una
926 976 1032 1032 citatur
1047 975 1084 1032 ab
1097 976 1273 1050 Augustino,
1288 975 1410 1050 perinde
1424 992 1459 1033 ae
1469 975 1533 1033 aliu
1543 975 1730 1033 sermonibus
1738 979 1896 1046 comtant3

185 1064 263 1138 quod
279 1065 308 1120 et
321 1061 390 1138 styli
401 1061 486 1129 ratio,
503 1067 531 1120 at
545 1063 624 1119 citati
640 1061 799 1136 Scriptum
814 1079 866 1136 per
874 1064 993 1121 eosdem
1008 1063 1072 1121 dies
1084 1064 1115 1120 in
1130 1065 1260 1122 licclesio
1273 1065 1400 1122 recitate
1426 1063 1480 1122 loci
1494 1063 1568 1122 satis
1595 1064 1729 1121 indicant
1749 1062 1791 1135 (in
1814 1064 1895 1120 Pani.

183 1149 247 1222 xcv,
264 1167 345 1207 num.
362 1147 439 1206 l5'et
453 1150 544 1224 olibi),
561 1152 616 1207 Sed
630 1151 714 1208 valde
729 1167 846 1226 quoque
860 1152 998 1210 credibile
1013 1157 1060 1208 est
1072 1161 1174 1210 aarum
1186 1153 1312 1228 singulis
1326 1151 1459 1228 singulos
1473 1168 1623 1210 sermones
1645 1150 1800 1218 contineri,
1816 1168 1889 1210 cum

185 1239 370 1298 Psalmorum
383 1238 517 1296 versiculi
534 1240 640 1312 raptim
658 1245 876 1313 percurrantur,
890 1247 919 1299 et
937 1240 1111 1299 ultimorum
1127 1242 1270 1317 expositio
1285 1258 1374 1316 quam
1389 1240 1520 1316 priorum
1536 1241 1629 1297 multo
1643 1239 1683 1296 sit
1702 1239 1835 1308 brevium
1859 1255 1898 1298 na

185 1326 296 1384 scilicet
310 1327 348 1383 ob
362 1341 474 1396 morem
490 1325 706 1399 longiusculam
721 1328 807 1384 tedio
822 1327 1010 1386 allicerentur
1021 1329 1179 1387 auditores.
1194 1331 1303 1387 llarum
1318 1345 1406 1402 porro
1427 1328 1580 1386 character
1606 1326 1731 1384 minime
1758 1326 1897 1384 dinamus

184 1421 247 1473 est:
264 1432 316 1494 nen
330 1416 392 1487 jani
407 1415 437 1471 in
453 1415 526 1488 ipsis
541 1415 618 1471 sieut
632 1415 661 1472 in
678 1417 879 1490 superioribus
893 1417 1043 1474 versiones
1057 1418 1179 1491 Aquila,
1194 1417 1413 1490 Theodotionis,
1442 1425 1495 1473 aut
1516 1415 1686 1490 Symmachi
1711 1414 1897 1486 retenentur,

184 1507 304 1582 excepta
319 1503 517 1582 ultimacujus
533 1503 624 1560 semel
634 1509 750 1562 tantum
766 1512 792 1562 et
805 1505 891 1578 quasi
907 1506 1000 1563 obiter
1015 1505 1048 1561 llt
1063 1505 1182 1564 mentio.
1199 1507 1233 1562 lit
1247 1506 1466 1562 binoiortsnon
1476 1504 1605 1562 absurde
1615 1503 1739 1577 colligas
1753 1502 1896 1560 eamdem

184 1609 248 1667 qun
264 1593 363 1664 unius,
380 1594 469 1649 etium
484 1591 610 1649 aliarum
626 1597 739 1650 etatem
756 1611 830 1652 asse.
847 1595 1030 1668 Quapropter
1045 1611 1111 1651 cum
1128 1594 1237 1651 Psalmi
1251 1611 1296 1651 aar
1311 1593 1547 1667 explanationem
1562 1593 1754 1651 mauiieetum
1764 1589 1897 1650 aitbabi·

183 1689 244 1740 tam
260 1683 351 1738 luisse
366 1681 497 1754 proxime
513 1685 579 1754 post
592 1682 720 1738 Gratiani
738 1684 856 1751 cadem,
874 1682 995 1740 alteram
1012 1683 1161 1740 ambrosii
1177 1682 1353 1757 legationem
1369 1682 1406 1739 ad
1421 1681 1594 1749 Maximum,
1614 1685 1644 1738 et
1671 1678 1828 1738 Theodosii
1858 1679 1897 1736 ds

186 1770 239 1826 boo
254 1773 378 1842 tyranno
393 1768 557 1837 victoriam,
573 1770 707 1842 sequitur
722 1785 771 1827 eos
786 1786 891 1828 omnes
904 1787 980 1827 anne
995 1771 1057 1838 390,
1074 1771 1121 1827 cui
1137 1770 1236 1843 plures
1251 1769 1422 1843 hujusmodi
1439 1769 1650 1826 Ambrosianus
1668 1767 1892 1826 lucubrationes

184 1857 321 1914 tribuunt
335 1857 476 1925 historici,
492 1857 540 1912 vix
555 1874 641 1931 posse
656 1858 713 1915 dici
729 1859 915 1933 posteriores.

219 1944 393 2002 Ambrosius
410 1944 439 2001 iu
457 1945 625 2002 Prelutiens
644 1951 732 2019 atque
760 1948 945 2004 enarratione
960 1947 990 2004 in
1007 1947 1159 2005 Psalmum
1173 1947 1303 2022 primum
1317 1964 1353 2004 aa
1367 1946 1473 2004 Basilio
1488 1945 1583 2004 multa
1596 1961 1724 2020 quorum
1748 1943 1896 2003 nonnulis

185 2033 335 2112 nis-tecla
348 2032 552 2103 indicavimus,
567 2051 621 2091 suu
637 2051 717 2092 more
732 2037 879 2108 sumpsit;
895 2035 1050 2109 Origenem
1066 2040 1236 2110 quoquam
1248 2034 1648 2109 observavitsliieronymus
1658 2034 1732 2107 (loeo
1743 2049 1810 2108 sup.
1820 2033 1892 2091 cita·

184 2125 237 2196 to),
251 2121 454 2199 meneutam
470 2127 578 2198 secutus
591 2131 640 2180 est.
657 2124 739 2181 Certe
755 2124 875 2198 quidem
889 2125 939 2198 qui
964 2125 1118 2199 utriusque
1133 2126 1395 2183 commentationes
1417 2124 1448 2182 iu
1462 2123 1594 2197 psalmos
1622 2139 1717 2192 nau,
1741 2137 1838 2180 mvn
1861 2126 1894 2179 st

184 2227 291 2266 navum
306 2210 385 2268 inter
397 2226 430 2268 sa
443 2210 608 2280 contulerit,
623 2210 702 2268 baud
717 2228 811 2284 pauca
825 2229 858 2269 ex
873 2211 1057 2286 origenianis
1066 2212 1097 2268 in
1110 2213 1322 2271 Ambrosianus
1336 2214 1495 2286 comperiet
1508 2229 1573 2270 esse
1587 2211 1741 2269 translata.
1757 2211 1815 2270 Sed
1842 2209 1893 2268 bin

184 2299 306 2372 insuper
321 2298 459 2371 dogmata
473 2299 609 2372 quadam
622 2315 689 2372 oum
704 2300 837 2374 origenis
851 2301 1000 2358 erroribus
1014 2300 1051 2367 de
1061 2301 1188 2373 jndicio,
1202 2302 1415 2360 resurrections
1427 2304 1472 2373 tin
1486 2303 1562 2359 Psoi.
1579 2319 1600 2371 ι,
1624 2317 1708 2358 num.
1734 2301 1782 2369 55,
1805 2303 1837 2357 et
1860 2301 1894 2356 ι’»

184 2386 259 2468 Ptol.
283 2403 378 2456 xxxvi,
391 2403 472 2443 num.
487 2388 544 2456 5⁴),
560 2403 675 2446 necnon
685 2388 820 2448 omnium
834 2389 923 2446 etiam
938 2388 1097 2451 electorum
1112 2390 1277 2466 perignem
1296 2391 1470 2466 purgatione
1484 2389 1647 2447 admodum
1660 2387 1762 2447 aliinia
1786 2388 1893 2462 depra-

186 2473 356 2532 hendimue.
372 2474 481 2554 Verum
494 2475 657 2548 insignium
672 2477 805 2534 virorum
818 2476 921 2536 bononi
934 2477 999 2546 boc,
1015 2478 1057 2535 uti
1073 2495 1127 2535 nos
1139 2477 1210 2534 olibi
1228 2479 1437 2536 adnotavimus
1450 2477 1609 2550 (admonit.
1626 2477 1656 2533 in
1685 2476 1738 2535 lib.
1752 2479 1783 2534 et
1807 2475 1894 2548 alibi)

186 2562 295 2632 dabst;
312 2567 455 2620 uteomm
470 2562 624 2635 opiniones
639 2565 770 2621 nondum
786 2564 1092 2641 liquidoproaoniptaa
1117 2567 1156 2624 ab
1179 2567 1311 2626 lioolesia
1337 2583 1499 2642 proponere
1522 2583 1581 2625 non
1609 2570 1791 2641 gravaretur,
1820 2564 1895 2622 licet

183 2649 345 2724 oppositam
363 2651 539 2708 sententiam
566 2650 635 2708 data
648 2653 802 2709 occasione
812 2653 913 2710 donent
928 2658 1017 2727 etqua
1031 2651 1183 2728 ipprobat.
1202 2655 1236 2714 {a
1246 2659 1348 2714 autam
1369 2671 1438 2712 oum
1452 2654 1484 2711 in
1497 2654 1555 2711 heo
1569 2653 1633 2728 ipso
1648 2657 1821 2728 argumento
1846 2653 1891 2711 ia·

184 2743 265 2796 ctum
280 2739 318 2796 nb
332 2753 600 2812 eocngnnsmmnn,
617 2739 743 2796 maxims
757 2756 792 2797 ex
806 2740 854 2798 his
874 2758 939 2815 quse
954 2742 983 2798 in
1011 2744 1192 2816 expositione
1214 2743 1324 2802 Psalmi
1347 2760 1445 2814 eamn,
1470 2757 1560 2802 serm.
1588 2744 1635 2811 20,
1663 2759 1739 2799 vers.
1767 2743 1835 2798 2et
1862 2743 1893 2810 8,

184 2828 285 2894 tradit,
297 2826 457 2885 admodum
473 2826 569 2885 simile
583 2828 642 2885 veri
656 2831 702 2884 est
715 2828 791 2886 circa
805 2829 865 2887 hec
879 2830 939 2887 duo
953 2831 1049 2904 capita
1063 2831 1162 2905 ipsum
1172 2849 1230 2889 uon
1246 2831 1306 2888 alia
1318 2832 1461 2901 amabam
1474 2847 1568 2906 qaam
1578 2847 1645 2906 qus
1663 2835 1765 2905 postea
1778 2828 1893 2886 clanim

184 2916 221 2973 sb
231 2915 395 2989 Augustino
409 2916 418 2987 (
434 2914 486 2971 lib.
497 2933 535 2972 xa
548 2917 585 2973 lle
598 2918 683 2984 cinit,
695 2933 759 2991 cap.
772 2919 789 2974 8
801 2935 808 2988 ;
826 2918 878 2975 lib.
894 2935 952 2987 xxi,
968 2934 1032 2993 cap.
1048 2921 1095 2993 26)
1112 2920 1179 2993 ojus
1191 2918 1338 2994 discipula
1351 2919 1510 2994 explanata
1519 2919 1709 2995 postmodam
1731 2917 1893 2980 communi

185 3018 329 3062 consensu
346 3003 472 3077 amplexi
487 3009 557 3062 eunt
571 3019 674 3063 omnes
688 3004 828 3080 theologi.

510 3379 923 3542 silicet
1016 3382 1563 3577 ⁴iMBllOSll
1613 3523 1619 3528 ,

772 3657 1089 3722 deorumnensls
1109 3659 1289 3723 nelseerl

708 3857 1335 3991 nntneltlones

643 4107 698 4192 IN
726 4105 810 4193 XlI
836 4107 1097 4196 PStlLMOS
1127 4105 1432 4270 Dlvlnlcos

390 4539 392 4546 ψ
460 4429 526 4525 ΙΝ
560 4429 859 4542 essenon
893 4431 1140 4529 PRIMUM
1174 4430 1534 4529 unianimo
1558 4432 1609 4524 u.
1700 4385 1703 4391 ’

981 4633 1079 4649 η

430 4785 550 4844 ΠΜ
568 4785 764 4844 PRAEFATIO.
1022 4798 1051 4866 Α
1065 4787 1162 4846 locum
1176 4804 1245 4846 eum
1259 4787 1351 4846 errori
1362 4789 1513 4856 daturum,
1529 4791 1559 4845 et
1572 4787 1684 4844 cauria
1705 4787 1889 4861 propositam

223 4875 251 4932 l.
266 4872 409 4939 Quoniam
425 4891 575 4933 summum
589 4875 688 4932 virtuti
704 4875 882 4933 incentivum
904 4891 1008 4951 propo·
1064 4893 1146 4951 spem
1162 4876 1266 4935 salutis
1277 4893 1341 4935 cese
1353 4876 1468 4944 debers,
1488 4892 1547 4950 qua
1573 4877 1604 4933 iu
1627 4878 1805 4950 preruptam
1832 4875 1889 4933 bu·

184 4967 245 5025 suit
258 4965 335 5021 Deus
349 4962 453 5020 lutere
469 4964 659 5021 beatitudinis
673 4963 892 5022 delectationem
906 4983 913 5021 :
926 4965 1009 5022 vebs·
1065 4982 1151 5024 mano
1174 4967 1274 5024 sedem
1297 4964 1397 5040 generi
1429 4963 1641 5022 contenderent
1662 4963 1828 5021 reformari.
1853 4965 1890 5021 et

184 5071 269 5114 mens
297 5067 413 5126 quoque
440 5051 536 5108 calcar
563 5053 670 5109 erroris
695 5049 916 5110 delectationem
943 5069 1008 5112 esse
1062 5055 1139 5112 idem
1155 5069 1207 5129 per
1220 5056 1348 5128 speciem
1363 5051 1581 5127 isrpeutlsqua
1595 5052 1792 5126 praefigurarit
1807 5050 1890 5110 dels-

184 5141 320 5202 diabolus
335 5140 517 5214 excogitavit.
547 5141 704 5214 Utriusque
727 5142 876 5198 sententie
891 5147 1009 5214 prestat
1063 5142 1198 5200 ctationis
1209 5142 1386 5211 illecebram,
1403 5141 1504 5198 uxoria
1519 5141 1711 5214 persuasione
1733 5141 1887 5214 deeeptus.

185 5231 327 5289 indicium
342 5230 456 5302 primus
466 5229 589 5288 humani
604 5229 720 5303 generis
733 5229 839 5300 Adam,
854 5246 872 5286 a
886 5230 1007 5286 Domino
1063 5229 1221 5288 Occasione
1240 5230 1333 5305 igitur
1350 5234 1480 5303 accepta,
1495 5229 1678 5286 adversarius
1695 5244 1748 5302 per
1761 5227 1889 5285 delacta-

185 5317 284 5377 Deoin
299 5317 435 5391 paradiso
451 5317 608 5391 voluptatis
623 5317 755 5390 positus;
771 5322 805 5375 ut
822 5321 930 5376 eterna
957 5319 1008 5375 de·
1063 5318 1172 5376 tionem
1192 5317 1265 5375 mibi
1280 5321 1473 5392 operatusest
1493 5317 1739 5389 mortemltaqua
1757 5315 1890 5389 qnoddi·

185 5404 339 5464 laetatione
360 5405 515 5475 frueretur,
544 5407 581 5462 ad
602 5407 740 5464 virtutem
768 5407 871 5462 lutura
899 5405 1008 5466 sobolis
1061 5406 1238 5480 vinagmtia
1257 5405 1401 5463 tributum
1428 5408 1491 5462 erat
1515 5405 1552 5463 ad
1575 5404 1676 5473 vitam
1704 5403 1817 5460 iactum
1842 5409 1891 5460 eat

185 5492 410 5570 provocandam.
433 5491 533 5567 Neque
560 5495 638 5552 enim
655 5498 717 5552 erat
736 5494 918 5568 incognitum
949 5491 1007 5551 Deo
1062 5493 1180 5552 mihtin
1195 5499 1438 5570 monumenque
1455 5492 1617 5553 imiliorsm
1631 5491 1772 5550 inimicus
1784 5507 1888 5550 maa·

223 5597 263 5708 (li
278 5628 464 5704 scriputura.
481 5634 550 5693 ciro.
566 5651 613 5694 sn.
627 5636 690 5708 eet,
708 5653 765 5698 uon
790 5635 927 5699 ultrsan.
943 5637 1005 5698 ³90.
