4159 6184
262 324 321 390 aas
876 311 880 317 “
992 318 1239 391 sesemen
1567 285 1572 303 ’
1883 329 1931 397 aea

263 455 340 516 renti
351 472 408 515 non
422 454 534 516 bonum
544 458 598 517 est.
609 454 683 533 drgo
693 454 806 516 honum
816 454 1086 530 mendetum,quod
1100 458 1128 525 Α
1142 459 1208 533 ejus
1223 455 1416 535 repugnabat.
1428 454 1492 515 Non
1509 454 1591 514 enim
1604 456 1716 531 poteret
1725 453 1817 514 virtuti
1828 457 1931 535 obedire,

156 605 159 616 ,
263 546 348 605 elicui
358 551 503 604 moreest.
517 548 700 622 Responsum
715 547 891 621 igiturhebe
902 546 1003 620 primm
1019 563 1089 620 pro·
1143 548 1358 624 cupiditatibus
1381 547 1491 617 dedita,
1506 549 1536 604 ct
1556 543 1708 604 lenociniis
1720 545 1871 607 carnalibus
1888 551 1933 611 im·

261 627 504 709 positioni:quie
519 641 687 708 potestesse
697 636 808 693 bonum
823 636 1088 708 mandetum‚quod
1142 637 1258 713 plicata.
1275 639 1343 695 ldco
1370 636 1566 695 laborandum
1595 640 1650 703 est,
1673 640 1707 691 ut
1733 639 1872 695 teneamus
1893 640 1932 699 hei

260 723 333 780 mihi
349 740 428 781 mors
443 730 503 793 eet;
520 727 630 781 honum
647 742 698 798 per
713 730 849 782 naturum
865 723 1003 781 salutaris
1014 741 1087 795 prae-
1141 727 1277 801 gratiam.
1302 726 1385 783 Mans
1408 726 1508 799 itaque
1534 724 1622 793 bona,
1635 724 1661 780 si
1687 723 1788 780 rationi
1810 723 1933 784 intendet:

262 811 353 887 cepti,
369 830 450 869 mors
464 830 516 885 pcr
529 813 787 885 intemperantiam
803 814 909 870 cernis.
1142 816 1192 871 sed
1209 831 1314 888 parum
1329 814 1466 887 perlecta,
1483 812 1541 870 nisi
1556 812 1663 871 habeut
1677 812 1933 885 gubernaculeChri·

298 902 340 958 15.
354 902 388 957 Et
402 901 471 974 quia
482 900 610 959 diximus
621 919 686 959 esse
697 903 807 959 bonum
823 902 995 958 mandatum
1008 903 1087 974 quod
1141 901 1190 961 sti.
1202 903 1288 959 Venit
1301 904 1381 959 enim
1394 902 1540 960 Dominus
1548 901 1645 970 lesus,
1661 900 1712 973 qui
1728 906 1837 958 nostres
1848 904 1936 975 presio

264 990 337 1046 mihi
353 1004 432 1045 mors
447 995 501 1062 cst,
514 1008 592 1047 nuno
606 992 800 1048 discutiemus
815 991 962 1064 quomodo
976 1008 1034 1047 non
1049 990 1089 1046 sit
1142 1008 1195 1049 nas
1221 991 1300 1048 oruci
1315 1009 1375 1049 sue
1389 991 1532 1065 affigeret,
1548 994 1666 1064 peccota
1680 990 1813 1046 donaret:
1828 990 1855 1045 in
1868 993 1935 1063 eujus

261 1078 333 1133 mihi
361 1094 451 1149 mors,
466 1080 545 1151 quod
574 1097 625 1153 per
652 1082 762 1137 bonum
791 1080 869 1151 licet,
884 1084 984 1136 tamen
1012 1078 1087 1137 mihi
1142 1084 1237 1138 morte
1263 1079 1419 1153 justificati
1448 1095 1564 1146 sumus,
1579 1081 1613 1136 ut
1639 1081 1719 1134 totus
1746 1080 1864 1135 muudus
1886 1080 1935 1149 ejus

258 1168 410 1239 operatum
425 1171 482 1251 pst
509 1174 633 1225 mortem
649 1169 716 1242 (td).
743 1170 790 1225 Sic
826 1170 906 1225 enim
935 1167 1089 1242 proposuit
1142 1171 1335 1227 mundaretur
1360 1169 1514 1243 sanguine.
1540 1167 1671 1241 Denique
1694 1166 1724 1223 in
1750 1170 1836 1223 morte
1861 1167 1936 1240 ipsine

259 1254 417 1326 Apostolus
430 1274 454 1312 ιο
468 1257 549 1323 Quod
565 1273 633 1331 ergo
648 1259 761 1315 donum
777 1262 830 1324 est,
847 1258 920 1313 mihi
936 1274 1015 1314 mors
1031 1260 1085 1313 est.
1142 1258 1283 1334 baptizati
1302 1275 1416 1315 sumus.

258 1342 351 1399 Absit.
377 1345 431 1400 Sed
457 1350 619 1417 peccatum,
637 1351 669 1402 ut
691 1351 832 1420 appareat
855 1350 1019 1419 peccatum,
1037 1361 1089 1418 per
1180 1347 1375 1421 uestigium
1397 1346 1429 1403 in
1452 1345 1534 1405 iilius
1553 1349 1647 1403 morte
1670 1344 1851 1401 dimittuntur
1868 1342 1937 1401 uobis

258 1431 369 1488 bouum
384 1433 458 1489 mibi
473 1441 626 1507 operatum
641 1439 686 1492 est
700 1441 825 1492 mortam
842 1438 929 1506 (Rom.
946 1452 995 1502 vu,
1013 1434 1088 1507 13).»
1143 1441 1272 1509 peccate,
1283 1437 1372 1493 etism
1386 1438 1573 1508 peecatorum
1585 1433 1670 1491 nobis
1680 1433 1827 1507 passiones
1837 1431 1936 1489 inillius

260 1520 361 1594 ltaque
376 1527 542 1594 spectemus
564 1524 690 1598 singule.
706 1526 877 1581 Mandatum
899 1525 1001 1595 utique
1015 1522 1089 1596 legis
1144 1530 1238 1583 morte
1251 1523 1515 1594 morientun,illius
1529 1523 1626 1581 crucis
1638 1521 1727 1579 clavis
1740 1521 1828 1579 sitires
1840 1524 1937 1577 tonum

258 1614 323 1666 est:
337 1608 496 1668 leuantem
519 1613 661 1685 spiritalis
676 1616 731 1681 eet,
749 1614 836 1685 cujus
851 1613 977 1687 gretiam
992 1611 1089 1692 video,
1144 1619 1201 1671 tur.
1215 1614 1245 1670 Si
1260 1614 1290 1670 in
1305 1612 1386 1671 iliius
1399 1617 1496 1671 morte
1520 1611 1629 1670 mortui
1649 1608 1839 1683 sumus,quid
1850 1609 1937 1665 iterum

255 1698 505 1771 pulchritudinem
515 1702 614 1769 laudo,
623 1703 747 1759 formem
760 1702 895 1775 praedico,
906 1705 1083 1775 praeceptum
1143 1707 1283 1775 unquam
1296 1702 1425 1759 viventes
1439 1701 1478 1758 ed
1497 1717 1533 1758 oe
1546 1716 1610 1773 que
1624 1702 1696 1757 sunt
1718 1697 1862 1755 mundane
1872 1713 1937 1753 revo-

258 1786 407 1844 admiror:
420 1789 471 1845 sed
487 1791 555 1861 quie
577 1790 704 1847 cernelis
718 1808 787 1848 sum
811 1808 875 1864 ego,
891 1791 1087 1847 venumdatus
1100 1823 1126 1890 Β
1143 1791 1266 1849 cemur‘t
1281 1791 1356 1857 Quid
1370 1790 1455 1847 uobis
1479 1806 1547 1847 oum
1561 1786 1713 1845 elementis
1727 1787 1815 1859 hujus
1835 1784 1938 1841 mundit

261 1876 315 1932 sub
326 1881 454 1948 peccato,
467 1878 567 1935 treber
577 1880 654 1937 ΔΜ)
666 1880 775 1937 invitus
787 1882 822 1937 ed
834 1879 960 1953 culpam.
971 1877 1086 1935 Etenim
1144 1880 1219 1947 Quid
1234 1896 1301 1937 cum
1316 1877 1552 1954 cupiditatiliusl
1572 1875 1647 1943 Quid
1661 1892 1731 1933 oum
1747 1874 1858 1932 luxurie
1868 1878 1938 1944 atquc

262 1964 348 2036 quasi
362 1965 850 2041 eervoculpedominatur.1taque
865 1968 912 2024 odi
928 1967 1051 2036 crimen,
1062 1971 1091 2023 et
1143 1968 1265 2027 lascivis
1278 1966 1386 2042 quibus
1409 1983 1477 2024 uum
1491 1964 1606 2023 Christo
1621 1964 1731 2022 mortui
1744 1962 1862 2024 eumusi
1873 1960 1937 2025 huod

261 2052 347 2109 leoio.
365 2053 447 2110 Mens
468 2054 539 2123 odit,
556 2072 622 2112 caro
646 2056 828 2129 concupiscit
844 2073 851 2113 :
867 2072 920 2128 ego
944 2055 1090 2112 tamenin
1144 2056 1171 2114 si
1193 2057 1287 2115 simus
1306 2057 1337 2113 in
1351 2055 1466 2115 Christo
1489 2054 1609 2126 mortui,
1624 2054 1656 2110 iu
1670 2053 1784 2110 Christo
1804 2047 1937 2107 resurrexi·

260 2144 396 2213 utreque,
412 2142 463 2214 qui
487 2141 544 2217 legi
569 2148 665 2201 mente
679 2146 843 2217 consentio,
859 2150 887 2202 at
908 2161 996 2201 carne
1011 2144 1090 2217 quod
1144 2162 1229 2214 mus;
1245 2162 1313 2202 oum
1328 2143 1443 2201 Christo
1457 2142 1549 2218 igitur
1569 2157 1722 2199 versemur
1737 2156 1745 2199 z
1759 2156 1825 2197 oum
1845 2136 1937 2195 Christe

260 2229 340 2299 nolo,
355 2229 410 2286 hoc
425 2247 489 2304 ego.
505 2232 619 2289 Bonum
634 2250 704 2307 ergo
719 2234 892 2291 mandatum
907 2234 954 2291 cui
969 2249 1091 2291 consen·
1143 2233 1297 2308 superiore
1309 2250 1376 2306 quse
1388 2236 1468 2301 sunt,
1480 2248 1539 2288 nou
1553 2246 1618 2303 quse
1632 2229 1707 2288 m
1726 2224 1939 2301 corruptibilieet

259 2317 311 2387 tio,
328 2322 357 2374 et
376 2334 460 2375 meus
484 2320 562 2377 bona
584 2338 648 2394 qua
673 2321 752 2394 quod
779 2323 892 2379 bonum
917 2327 972 2391 est,
988 2322 1086 2396 elegit.
1143 2327 1261 2381 terrene
1274 2318 1598 2396 quaeremustlhristus
1618 2332 1776 2390 resurgens
1798 2332 1816 2371 a
1837 2309 1939 2369 momuis

260 2406 340 2463 Bone
363 2407 399 2463 ad
421 2408 628 2479 judicandum,
646 2412 697 2467 sed
721 2410 840 2467 infirme
863 2410 1037 2484 plerumque
1050 2412 1088 2469 ed
1142 2415 1268 2468 voterem
1287 2409 1437 2467 homiuem
1459 2407 1581 2465 altinum
1604 2405 1685 2463 cruci
1709 2403 1834 2477 reliquit,
1851 2414 1938 2457 novun

261 2494 469 2565 resistendum,
481 2498 550 2569 quie
565 2504 709 2573 repugnet
723 2500 749 2555 ei
764 2500 895 2573 corporis
910 2500 1086 2573 appetentis,
1142 2498 1334 2557 resuscitavit.
1346 2497 1480 2555 Christus
1502 2495 1568 2553 ideo
1592 2498 1728 2552 mortuus
1742 2495 1797 2559 est,
1811 2493 1882 2547 utet
1897 2502 1937 2543 nos

260 2587 290 2639 et
303 2584 449 2657 captivam
464 2602 529 2642 enm
544 2586 636 2643 trehit
649 2588 685 2644 ad
701 2587 808 2645 erroris
824 2588 985 2645 illecebras.
1141 2592 1258 2664 pecceto
1269 2602 1460 2653 moreremur,
1470 2584 1529 2642 Deo
1546 2598 1777 2656 resurgeremus.
1791 2579 1893 2637 Mortua
1903 2578 1938 2631 eet

297 2673 340 2727 16.
358 2671 390 2728 In
401 2688 458 2743 quo
472 2673 603 2747 periculo
613 2692 706 2732 unum
719 2680 763 2733 est
777 2677 1086 2748 remedium,utquem
1140 2693 1207 2734 caro
1221 2680 1333 2743 nostra,
1344 2674 1415 2749 quid
1437 2673 1546 2730 iterum
1560 2675 1677 2746 peccato
1700 2667 1860 2728 reviviscit?
1878 2662 1936 2730 huid

263 2756 308 2815 lex
322 2758 445 2817 liberere
460 2777 518 2817 non
533 2762 638 2834 potuit,
650 2763 755 2820 liberet
765 2762 817 2819 Ilei
832 2764 935 2836 gretia.
945 2762 992 2821 Sic
1006 2764 1086 2820 enim
1139 2765 1245 2822 iterum
1260 2768 1377 2837 pecoeto
1398 2761 1518 2821 obedit‘l
1532 2760 1607 2826 Ouid
1623 2763 1731 2817 iterum
1753 2760 1893 2832 pessuium
1905 2767 1937 2808 r&

263 2847 406 2920 scriptum
421 2854 467 2905 est
478 2866 503 2903 ιο
519 2849 620 2907 Inlelix
633 2867 686 2923 ego
701 2850 874 2923 homo,quis
888 2867 936 2907 me
950 2850 1086 2908 liberabit
1139 2856 1210 2927 gost
1223 2853 1253 2909 in
1268 2850 1404 2919 mortuis,
1414 2866 1482 2907 oum
1493 2865 1573 2907 mors
1582 2847 1651 2906 finis
1661 2847 1773 2923 peccati
1783 2845 1838 2903 siti
1851 2839 1937 2901 Mortui

260 2935 296 2991 de
315 2951 435 3007 corpore
460 2937 564 2992 mortis
587 2937 699 3008 hrains?
714 2937 814 2993 Cretie
837 2938 886 2995 Dei
909 2955 960 3010 per
981 2940 1085 2996 lesum
1138 2958 1243 2999 sumus
1256 2956 1355 3008 cerne,
1370 2937 1499 2997 renovati
1523 2953 1628 2993 eumue
1642 2935 1761 3011 spiritu.
1774 2932 1875 3006 Spiritu
1888 2945 1936 2985 em·

259 3021 407 3079 Christum
423 3022 580 3080 Dominum
596 3030 731 3081 nostrum
742 3025 822 3097 (leid.
833 3028 878 3097 el,
889 3027 944 3096 25).
959 3049 970 3077 ι
983 3027 1085 3101 ltaque
1138 3029 1285 3097 bulemue,
1296 3028 1349 3102 qui
1362 3026 1502 3101 spiritum
1511 3024 1620 3082 Christi
1629 3023 1807 3098 accepimus.
1817 3021 1846 3079 si
1857 3020 1937 3076 sutem

262 3110 296 3165 fit
321 3114 353 3166 ut
367 3110 436 3168 licet
450 3117 601 3183 peccatum
614 3114 693 3185 quod
706 3112 826 3185 latebat,
836 3114 866 3171 id
882 3120 936 3187 est,
947 3118 1084 3190 concupi·
1138 3117 1260 3192 spiritus
1274 3116 1382 3175 Christi
1395 3116 1425 3172 iu
1441 3114 1538 3182 uobis,
1552 3129 1623 3188 ergo
1636 3112 1676 3169 sit
1699 3113 1786 3170 nohis
1798 3126 1861 3168 caru
1873 3120 1937 3163 mor*

263 3198 374 3255 scontie
390 3216 455 3257 mee
474 3216 563 3272 quem
587 3216 645 3258 nou
668 3203 809 3274 putebam
832 3219 896 3261 esse
919 3209 1081 3277 peccatum,
1138 3210 1330 3280 tuapropter
1350 3207 1512 3278 poocetum
1527 3202 1650 3276 spiritus
1663 3218 1733 3260 vero
1754 3200 1830 3258 vivet
1841 3197 1938 3272 proptor

262 3292 386 3343 mortem
402 3287 476 3343 mihi
497 3278 616 3361 operate
630 3288 678 3358 sit,
700 3290 771 3347 dum
796 3291 937 3364 proditur,
952 3297 981 3351 et
994 3310 1085 3367 supre
1134 3294 1388 3369 justificationem.

262 3377 383 3433 modum
400 3377 476 3433 lecta
486 3376 524 3433 eit
539 3377 637 3450 ipsum
647 3382 800 3451 peccatum
811 3380 970 3453 (eratenim
985 3398 1084 3455 peona·
1173 3386 1217 3444 19.
1234 3384 1282 3442 Sic
1297 3383 1375 3456 quod
1390 3383 1453 3440 erat
1473 3378 1655 3453 impossibile
1679 3377 1750 3452 legi,
1760 3375 1883 3435 solutum
1894 3370 1938 3435 est.

260 3468 336 3530 tum,
347 3464 402 3521 etei
426 3464 620 3531 nesciebatur,
633 3467 684 3523 sed
703 3466 868 3540 cognitione
883 3474 1084 3527 coacervatum
1137 3475 1163 3531 si
1177 3474 1208 3531 in
1223 3471 1327 3547 spiritu
1343 3468 1541 3537 ambulemus,
1554 3468 1581 3526 si
1595 3466 1748 3541 passiones
1762 3462 1937 3538 sepelivimus,

260 3554 314 3622 est,
326 3556 355 3607 et
365 3552 449 3624 quesi
465 3552 679 3611 incrementum
694 3556 801 3613 erroris
814 3558 984 3630 assumpsit,
996 3562 1084 3632 atque
1137 3562 1163 3622 ei
1177 3577 1294 3619 crucem
1307 3560 1397 3633 burim
1406 3557 1538 3631 corporis
1552 3573 1610 3615 non
1624 3553 1818 3622 resolvemus,
1827 3552 1850 3608 si
1863 3546 1939 3607 chiro-

260 3639 290 3696 in
307 3645 442 3697 neturem
457 3642 555 3699 delicti
569 3644 659 3701 cessit
673 3645 768 3701 lorma
782 3647 935 3720 mandeti),
951 3646 1024 3704 mihi
1038 3653 1082 3705 te-
1137 3650 1282 3726 graphum
1306 3647 1417 3722 pauenti
1431 3646 1510 3720 quod
1531 3643 1660 3702 deletum
1675 3647 1723 3701 est
1735 3643 1767 3699 in
1781 3655 1862 3699 eruce
1874 3632 1939 3692 Chri·

258 3745 325 3785 men
342 3746 422 3787 mors
436 3747 493 3787 non
510 3732 560 3799 sit,
571 3733 617 3789 cui
632 3737 801 3806 promptum
822 3738 868 3791 est
881 3736 917 3791 ed
933 3734 1083 3794 Christum
1137 3741 1186 3806 sti,
1202 3756 1261 3795 uon
1284 3736 1492 3803 rescribemus,
1507 3731 1534 3790 si
1546 3730 1652 3791 veteris
1673 3731 1804 3788 hominis
1817 3725 1938 3785 amisium

258 3818 424 3891 coningere,
441 3836 494 3892 per
517 3837 604 3893 quem
620 3821 763 3878 solvimur
777 3824 857 3879 omni
881 3823 984 3881 mortis
1005 3826 1083 3897 peri·
1137 3844 1225 3903 quem
1240 3825 1387 3892 exuimus,
1401 3840 1460 3881 nou
1474 3822 1644 3881 induemus.
1657 3819 1809 3893 Scriptum
1821 3818 1862 3873 est
1874 3810 1938 3868 enim

258 3906 333 3963 culo.
345 3907 488 3965 Absolute
503 3908 593 3982 igitur
604 3910 692 3967 etiem
707 3911 837 3967 secunde
851 3915 896 3967 ost
909 3913 1081 3985 propositio,
1136 3918 1166 3973 in
1181 3914 1311 3973 maricis.
1324 3930 1350 3969 :s
1365 3911 1438 3969 hlxui
1461 3909 1727 3975 tuniosmmsam,
1742 3901 1880 3981 quomodo
1900 3897 1938 3952 in·

256 3995 327 4068 quie
340 3997 514 4053 mundatum
530 3997 603 4053 mihi
618 3996 691 4071 legis
707 4014 789 4055 mors
803 4003 926 4071 nonest,
938 4000 993 4056 etsi
1008 4017 1083 4058 mor·
1137 4007 1225 4062 duem
1240 4001 1327 4059 euml
1341 3999 1409 4057 bevl
1422 3999 1513 4073 pedes
1531 4014 1623 4068 meos,
1634 3996 1784 4069 quomodo
1797 3986 1938 4065 inquinabo

256 4088 315 4141 tem
331 4089 477 4156 operetur.
491 4086 571 4152 Quod
587 4086 666 4142 enim
677 4087 899 4157 conturbemur,
916 4088 1082 4163 trogilitetis
1136 4110 1186 4151 eos
1200 4095 1290 4164 (Cant.
1306 4107 1335 4147 v.
1350 4088 1398 4161 etv
1412 4086 1555 4145 Mortibus
1567 4086 1657 4160 igitur
1671 4084 1759 4143 uobis
1774 4084 1842 4140 sunt
1853 4089 1939 4147 corpo·

256 4177 300 4229 ast
317 4190 323 4229 :
341 4174 420 4246 quod
435 4173 599 4243 evedimus,
616 4173 733 4231 Christi.
1136 4182 1177 4239 ris
1200 4179 1341 4246 membra,
1365 4192 1418 4233 our
1440 4174 1506 4249 oJ'us
1527 4172 1677 4248 pullulent
1699 4170 1793 4230 vitiet
1819 4169 1880 4225 ldco
1903 4161 1940 4217 lox

585 4279 700 4336 CAPUT
719 4279 754 4335 V.
1135 4288 1193 4329 non
1208 4266 1369 4344 prevaluit,
1380 4265 1451 4339 quie
1464 4281 1523 4322 uon
1537 4279 1656 4322 ceruam
1671 4258 1872 4321 mortificavit:
1886 4253 1938 4352 idw

256 4371 318 4439 Quo
341 4370 451 4425 ratione
467 4368 513 4424 lec
525 4384 582 4424 oon
595 4369 742 4441 suffecerit,
760 4368 806 4427 sed
823 4373 977 4428 semermis
996 4376 1083 4445 fucit
1135 4359 1220 4433 (imiti
1244 4356 1351 4414 umbri*
1374 4353 1523 4427 immiste
1539 4353 1609 4425 (luis
1634 4368 1694 4409 non
1716 4346 1854 4449 coloravit
1867 4361 1873 4400 :
1886 4340 1939 4397 rdeo

291 4441 382 4508 protis
400 4452 457 4511 pcr'
473 4444 589 4496 asortcm
615 4440 723 4497 Chr-isti
745 4441 856 4508 donato,
872 4458 934 4497 cum
957 4460 1009 4515 quo
1031 4461 1081 4502 nos
1135 4449 1224 4506 etiem
1239 4442 1426 4504 obumbravit
1439 4458 1493 4499 nos
1506 4458 1524 4500 e
1538 4440 1599 4499 sole
1615 4439 1940 4512 institimqurecoeoer·

291 4512 376 4565 etism
389 4511 471 4579 mort,
487 4526 627 4583 reserpere
641 4520 668 4567 ct
682 4512 788 4567 versari
802 4512 955 4570 debeamus.
1098 4535 1215 4618 „vm-p
1229 4533 1352 4591 orimpm
1367 4530 1435 4605 (ῃ),
1449 4530 1526 4603 Ergo
1538 4533 1569 4586 pt
1581 4527 1687 4586 obfuit,

293 4614 336 4670 17.
353 4615 429 4687 Ergo
446 4618 477 4669 ut
491 4614 528 4671 ad
545 4616 663 4672 exordis
685 4616 830 4674 sermonis
844 4616 934 4690 hujus
955 4625 1080 4679 reverto·
1454 4617 1569 4676 CAPUT
1586 4616 1635 4673 Vl.

255 4718 333 4770 mur,
346 4717 430 4758 mens
445 4702 522 4759 bone
536 4707 582 4759 cst
595 4719 660 4775 qum
674 4703 762 4761 hebet
776 4706 980 4765 tractetionsm
995 4710 1082 4767 retio-
1135 4694 1324 4776 &⁰⁷²¹ssth
1337 4691 1405 4761 ¹⁶0ss
1426 4692 1535 4774 [Mul
1556 4686 1732 4772 ’3391)θῖωᾶ
1753 4680 1939 4764 mimi&

218 4810 219 4815 ο
257 4791 314 4857 nis,
331 4796 360 4847 e
380 4790 508 4849 interm
531 4790 682 4863 sapientis
705 4791 870 4866 disciplinis
887 4811 893 4850 ;
910 4797 961 4852 sen
985 4799 1082 4869 gravis
1172 4754 1941 4891 aalrcmczuean,amoptpsaeaagndepsanmffl

254 4879 334 4935 luute
353 4883 399 4936 est
413 4880 437 4937 ei
454 4896 521 4936 cum
546 4880 649 4937 mortis
664 4885 1020 4958 corpore‚etplerumque
1035 4904 1080 4942 re·
1170 4834 1409 4965 magum
1427 4834 1620 4975 mmm,
1643 4838 1755 4957 pomi}
1776 4843 1941 4955 W

254 4967 366 5025 tionem
382 4968 490 5025 mentis
512 4967 602 5025 vincit
617 4968 714 5025 curnis
737 4968 882 5027 illecebra.
899 4971 934 5028 m
947 4973 1012 5031 ideo
1027 4974 1082 5032 Do·
1170 4977 1386 5035 enumeratione.

255 5056 354 5113 minus
371 5057 466 5130 primo
488 5055 582 5130 legem
605 5056 695 5125 dedit,
712 5057 759 5112 oui
774 5073 859 5115 mens
873 5058 1002 5120 hominis
1016 5079 1082 5121 sese
1169 5068 1215 5123 20.
1231 5064 1306 5133 Quid
1320 5064 1411 5138 igitur
1424 5079 1500 5137 opus
1515 5060 1571 5125 luit
1581 5060 1638 5135 (te)
1649 5064 1683 5117 ut
1698 5058 1747 5115 lex
1759 5049 1940 5132 promulgarit·

256 5145 292 5200 ed
318 5146 582 5220 obtemperandum
604 5145 697 5213 dedit,
713 5148 742 5201 et
756 5145 783 5201 ei
807 5146 914 5205 servire
937 5150 1032 5223 coepit,
1048 5157 1082 5208 ut
1136 5160 1194 5225 tur,
1209 5156 1235 5213 si
1250 5152 1403 5227 profutura
1417 5167 1476 5208 non
1490 5149 1574 5207 eret‘t
1587 5147 1779 5206 Habebamus
1787 5145 1849 5217 jam
1862 5140 1941 5209 legem

254 5236 333 5288 essct
356 5234 474 5289 subdita
490 5252 497 5290 :
514 5234 565 5290 sed
589 5250 656 5289 caro
682 5233 815 5306 subjecta
839 5251 896 5291 non
920 5243 993 5307 eret,
1010 5239 1081 5311 quia
1135 5248 1261 5312 naturae;
1276 5237 1430 5297 eratenim
1452 5236 1657 5311 unusquisque
1676 5227 1941 5302 sihilex,qui0p11⁵

256 5320 399 5392 sepientis
413 5323 510 5378 carnis
525 5339 583 5378 non
599 5326 643 5378 est
665 5321 722 5396 legi
738 5320 868 5392 subdite,
885 5328 913 5381 et
927 5329 1080 5401 presosptie
1134 5332 1207 5406 legis
1231 5329 1375 5403 scriptum
1398 5326 1525 5384 hahebat
1543 5324 1574 5382 iu
1597 5324 1684 5382 eorde
1708 5339 1774 5380 suo.
1790 5319 1870 5379 Illam
1895 5323 1941 5367 ¹1⁰n

256 5462 347 5589 raim)
362 5462 437 5519 lidii.
455 5465 550 5534 Rom„
564 5466 597 5521 st
611 5464 742 5537 quovwdo
755 5481 805 5539 per
821 5466 923 5523 bonum
935 5468 1007 5526 miti
1020 5486 1080 5545 ope·
1134 5477 1232 5543 Rom„
1240 5473 1315 5603 ἕοίο
1327 5470 1496 5528 scammum
1506 5469 1626 5525 morino
1637 5481 1696 5524 nou
1709 5463 1817 5522 debui.

302 5550 349 5588 um
363 5544 401 5588 esc
416 5538 538 5605 mortam,
555 5542 658 5593 contra
671 5542 789 5594 osterse
805 5538 875 5595 edit.
891 5555 925 5595 ao
939 5556 1013 5598 mss.
1168 5546 1226 5619 (18)

385 5604 391 5615 .
470 5606 475 5617 ι
1265 5543 1332 5613 dit,
1348 5540 1420 5611 Quid
1433 5542 1521 5614 tpitur
1531 5539 1647 5613 profuit

292 5604 348 5676 (il)
363 5604 410 5660 Suo
432 5607 500 5661 edit.
523 5613 584 5664 aut.
602 5625 635 5663 ec
659 5626 732 5666 mss.
758 5625 861 5668 omnes
876 5627 884 5668 ι
900 5610 988 5670 editio
1010 5629 1078 5682 veno
