4159 6184
223 276 300 347 tiit
952 276 988 345 Sa
1007 266 1198 339 suetoso
1845 268 1933 335 tm

221 410 358 471 siderevit
372 406 445 465 illud
460 404 572 477 lumen,
588 408 667 481 quad
681 404 833 465 illuminet
853 421 971 463 omnem
991 405 1046 462 bo·
1059 409 1085 474 Α
1100 405 1210 463 honore
1224 408 1313 477 esset,
1328 421 1387 465 noo
1402 403 1556 476 intellexit,
1567 427 1584 458 n
1608 406 1637 463 el
1654 402 1718 465 ideo
1740 404 1796 461 erit
1818 402 1933 461 similis

221 501 330 557 minem
345 497 510 557 venientem
531 495 561 553 in
586 497 665 555 huno
685 497 845 565 mundum,
868 494 997 553 inveniet
1013 498 1044 551 et
1093 493 1371 568 jnmentorum,qui
1387 493 1677 553 simillsdebuitesss
1691 490 1935 566 uopdorrmper

218 588 328 647 videbit
342 586 443 645 lumen
458 591 612 655 aeternum,
628 585 698 659 quir
721 602 789 644 eum
810 584 944 643 Christus
958 584 1044 641 rede·
1099 582 1217 641 Domini
1231 582 1325 641 nostri
1339 584 1412 641 lesu
1426 582 1535 641 Christi
1561 582 1689 657 gretiam
1703 600 1710 639 :
1734 580 1783 639 cui
1804 584 1851 637 est
1873 579 1933 637 bo·

219 677 274 735 mit
288 692 306 733 e
320 680 425 733 morto.
1098 688 1163 743 nor,
1176 671 1280 745 gloria,
1295 671 1477 746 perpetuitas
1490 689 1509 730 o
1521 670 1646 740 soculie,
1658 674 1689 727 et
1702 687 1792 737 nuno,
1805 672 1931 726 etsem-

251 768 297 823 27.
325 766 409 827 Tunc
441 780 510 838 crgo
534 763 678 837 cogitabit
704 781 784 837 cum,
813 764 883 836 quis
909 776 977 819 cum
1013 760 1044 815 io
1099 776 1162 832 per,
1176 765 1207 819 et
1220 760 1251 817 in
1266 761 1367 825 omnia
1380 759 1489 821 seculo
1501 758 1685 819 osculorum.
1699 760 1805 817 Amen.

637 1143 695 1229 IN
723 1138 998 1229 PSALMUM
1026 1138 1128 1226 LXI
1156 1136 1502 1229 ENARRATIO.

496 1318 620 1381 ritune
644 1336 650 1377 :
676 1300 774 1401 (iere.
799 1318 827 1399 r)
846 1338 853 1379 :
870 1318 906 1379 m
927 1318 1027 1397 paen,
1049 1334 1106 1397 pro
1128 1314 1270 1392 latrem,
1293 1314 1642 1398 pertemptarent.

215 1626 293 1701 ott
318 1640 351 1697 ln
376 1638 459 1711 liujm
481 1638 584 1709 psalmi
606 1640 727 1693 tractatu
748 1638 780 1693 Β.
797 1638 954 1695 Ambrosius
978 1638 1083 1763 inat-B
1132 1632 1264 1709 t.(Vers‚
1280 1637 1321 1711 2.)
1349 1658 1360 1687 ι
1391 1636 1493 1693 Nonne
1519 1639 1578 1693 Deo
1601 1636 1717 1694 subdita
1742 1636 1798 1693 erit
1810 1636 1923 1695 ιιιίωι

249 1710 393 1767 delitotem
418 1716 445 1763 et
465 1708 635 1778 impietatem
656 1708 771 1763 Maximi
793 1709 910 1780 tyranni
921 1709 1002 1779 provi
1027 1725 1043 1761 r
1099 1725 1188 1781 mea?
1202 1748 1217 1775 „
1234 1726 1559 1799 Sugoeppumswnem
1573 1724 1700 1783 homini,
1712 1724 1851 1783 pompm„
1866 1742 1925 1781 no,

250 1780 403 1851 redarpnit,
425 1780 474 1850 poi
498 1796 582 1835 ansus
606 1787 645 1835 est
666 1779 809 1835 dominnm
833 1796 915 1835 snum
930 1779 1041 1835 eranu-
1326 1813 1332 1827 ·
1502 1813 1509 1826 ·
1794 1813 1800 1825 ·
1873 1812 1880 1824 ·

250 1868 319 1907 num
341 1853 534 1922 imperatorem
566 1850 665 1921 froude
678 1858 704 1906 et
718 1850 778 1906 tiolo
792 1853 946 1921 perimere:
962 1864 1043 1922 poem
1097 1816 1158 1871 ’ἴω
1171 1810 1355 1915 ³⁰⁸¹¹³'¹¹t,¹¹¹
1374 1830 1564 1914 ⁸²,⁰⁸m,¹p⁸⁶
1579 1814 1929 1913 mundffl’qmdpm

249 1925 442 1994 inperatorem
457 1922 487 1976 u
516 1922 834 1979 conterraneorum
863 1922 1000 1991 taetrae,
1015 1929 1043 1977 er
1097 1918 1188 1974 quam
1202 1907 1314 1975 perere
1328 1907 1434 1960 voum
1448 1918 1578 1975 primun
1592 1902 1696 1959 debuit
1714 1900 1831 1959 uetere
1854 1918 1929 1959 wn-

249 1996 279 2051 in
295 2000 385 2051 monte
398 1992 458 2064 ejus
472 1992 643 2065 requiescere
658 1992 736 2048 dicit.
1096 1991 1238 2069 trogium?¹
1248 1991 1324 2047 Nem
1337 1990 1408 2063 quis
1421 2008 1474 2064 per
1487 1990 1716 2047 inobedientium
1740 1988 1831 2063 culpa
1849 1989 1928 2049 irre-

249 2082 275 2139 1.
293 2080 388 2155 (Vere.
406 2080 444 2153 l.)
460 2078 600 2137 Omnium
622 2085 758 2137 nostrum
782 2080 903 2139 indubie
918 2096 1041 2137 consue·
1097 2084 1206 2152 pserot,
1220 2079 1292 2135 dum
1308 2078 1556 2137 mendntsdivina
1569 2082 1761 2149 temerantur,
1783 2078 1926 2136 obedien·

212 2171 284 2227 tudo
298 2173 352 2239 est,
365 2176 398 2225 ut
417 2169 592 2227 festinemus
621 2170 657 2227 od
681 2169 783 2239 linem,
807 2172 837 2225 et
860 2186 961 2225 eorum
977 2184 1042 2241 quio
1096 2167 1348 2241 tiemutiqucprs
1367 2167 1479 2225 coeteris
1488 2167 1590 2225 debuit
1602 2168 1772 2235 reformere,
1783 2171 1818 2224 ut
1831 2169 1927 2225 semi·

212 2257 339 2333 legimus
355 2256 399 2315 vel
414 2257 542 2313 vidimus
564 2261 593 2313 et
617 2256 796 2325 audivimus,
821 2258 947 2313 velimus
959 2273 1041 2313 sum·
1097 2255 1214 2313 nerium
1233 2256 1342 2313 erroris
1352 2255 1528 2313 excluderet.
1541 2256 1629 2313 Fibra
1642 2255 1722 2313 enim
1736 2256 1851 2330 percuti
1864 2256 1925 2329 (29)

213 2363 295 2406 mum
319 2362 504 2421 cognoscere.
531 2344 613 2403 Unde
636 2344 741 2402 titulus
769 2345 833 2417 ipse
856 2344 964 2403 otiosos
987 2361 1042 2400 nos
1095 2343 1165 2401 inde
1180 2346 1580 2403 manavemtzetidsostcut
1594 2344 1690 2403 bonus
1717 2345 1852 2403 medicus
1877 2363 1926 2403 rs·

214 2452 280 2492 esse
304 2452 363 2491 non
388 2435 509 2509 petitur,
534 2450 588 2490 nec
612 2434 723 2491 seriatis
744 2433 891 2507 preterire
920 2433 1042 2489 nuribus
1096 2432 1176 2489 dices
1191 2433 1274 2505 prius
1298 2432 1404 2491 ulceris
1420 2433 1522 2491 debuit
1543 2437 1708 2506 amputare,
1736 2438 1770 2491 ut
1793 2434 1925 2493 medico-

214 2522 351 2581 desiderii
369 2524 535 2579 communis
558 2521 710 2579 indicium.
736 2522 797 2579 Prae
823 2521 935 2579 ceteris
949 2521 1040 2591 enim,
1097 2526 1261 2579 mentorem
1273 2522 1394 2581 salubre
1408 2522 1569 2579 remedium
1597 2522 1728 2581 vulneris
1748 2539 1802 2581 ors
1830 2523 1924 2580 senti·

220 2613 289 2670 licet
303 2612 391 2671 etism
407 2612 444 2671 in
461 2612 573 2669 esteris
597 2610 716 2679 clareat,
738 2610 872 2668 divinum
894 2609 1042 2667 tamenin
1096 2616 1171 2669 rent.
1183 2604 1303 2669 Frustra
1313 2612 1394 2669 enim
1410 2611 1575 2669 cicatricem
1592 2612 1751 2677 curaveris,
1762 2611 1788 2669 si
1801 2616 1924 2685 serpunt

214 2701 387 2773 huiusmodi
407 2699 521 2775 psalmo
544 2700 668 2773 refulget
690 2699 852 2757 oraculum.
878 2699 959 2755 Unde
974 2698 1040 2755 dili·
1095 2699 1237 2759 interiora
1250 2700 1402 2775 coningio:
1417 2700 1479 2757 imo
1494 2700 1649 2757 acerbetur
1662 2698 1782 2769 vulnus,
1797 2700 1823 2757 si
1844 2701 1918 2757 loris

214 2790 332 2864 gentius
347 2790 418 2863 quid
433 2790 472 2847 sit
487 2787 555 2845 linis
569 2788 804 2858 consideremus,
819 2788 887 2845 finis
900 2788 979 2845 enim
994 2788 1040 2844 di·
1095 2790 1326 2857 clauditur,cum
1352 2788 1476 2847 interius
1499 2788 1580 2847 virus
1594 2789 1822 2847 exestuatdlnm
1839 2788 1911 2860 quid

215 2882 290 2935 citur
304 2888 386 2950 omos,
403 2882 433 2937 et
446 2893 565 2935 summo
578 2876 618 2934 rei
641 2877 705 2951 ejus
729 2894 818 2951 quom
841 2874 978 2933 volumus
992 2892 1040 2933 ex·
1095 2880 1234 2952 proderet
1247 2879 1374 2937 douusss
1390 2882 1554 2953 peccatum,
1575 2879 1602 2934 si
1623 2878 1762 2951 peccandi
1783 2880 1916 2935 meret

213 2968 333 3043 plicare.
349 2967 430 3025 Finis
446 2966 554 3023 dieitur
568 2965 714 3037 Christus,
736 2966 806 3037 quis
830 2965 892 3039 ipse
914 2969 959 3023 est
973 2965 1040 3021 linis
1096 2968 1303 3027 allectus‘llloc
1318 2971 1381 3025 erut
1391 2985 1449 3023 non
1459 2980 1565 3023 sonore
1574 2966 1752 3035 cicatricem,
1765 2966 1814 3024 sod
1836 2965 1919 3048 8ῷο

216 3056 312 3131 Legis,
342 3057 419 3115 sicut
447 3054 589 3129 scriptum
618 3059 682 3111 est:
699 3078 713 3107 u
739 3052 817 3111 Finis
846 3053 924 3111 enim
954 3054 1038 3127 Legis
1095 3055 1242 3115 oluudere.
1258 3055 1356 3111 Voluit
1373 3054 1473 3128 itaque
1497 3054 1640 3111 mundone
1657 3052 1777 3125 vulnus,
1793 3058 1828 3111 ut
1849 3055 1919 3111 utic·

214 3144 399 3203 christusnd
413 3143 558 3216 justitiam
575 3143 655 3199 omni
680 3142 907 3215 credentitllom.
923 3159 951 3209 x,
968 3142 1005 3213 l).
1023 3164 1038 3191 »
1093 3147 1307 3212 ctumsennret,
1320 3160 1357 3199 ne
1369 3142 1572 3200 inobedientia
1583 3159 1648 3200 sors
1668 3143 1729 3200 ulla
1744 3146 1920 3201 remuneret.

215 3234 296 3291 Finis
311 3233 399 3293 etism
423 3233 541 3300 dicitur,
567 3231 638 3305 quio
662 3232 725 3303 ipse
748 3236 792 3288 est
814 3230 991 3303 principium
1011 3234 1040 3285 et
1093 3233 1229 3307 Suscepit
1242 3232 1306 3306 ipso
1319 3230 1527 3301 obedientiam,
1542 3235 1576 3287 ut
1589 3232 1674 3289 nobis
1688 3250 1754 3289 eam
1770 3233 1922 3291 transiun-

217 3323 371 3397 flnt8.l⁴2rgo
386 3322 435 3379 isti
450 3320 556 3393 psalmi
571 3317 623 3391 qui
637 3318 809 3376 titulantur:
826 3340 840 3369 u
857 3318 888 3373 In
905 3319 1004 3386 tinum,
1024 3342 1035 3369 ι
1093 3323 1183 3378 deret,
1199 3321 1246 3378 sio
1270 3320 1349 3377 enim
1365 3321 1527 3394 oportebat,
1542 3325 1576 3376 ut
1589 3320 1730 3393 quoniam
1754 3321 1924 3394 per-inobo-

100 3474 105 3482 .
216 3414 267 3467 aut
280 3412 317 3467 de
332 3410 444 3465 christo
461 3412 541 3473 sunt,
567 3411 618 3463 oui
642 3406 735 3479 ipsius
759 3406 882 3463 Christi:
905 3408 941 3463 de
955 3406 1039 3463 Chri·
1093 3410 1234 3468 dientism
1244 3410 1335 3467 unius
1350 3409 1480 3466 hominis
1495 3414 1660 3483 peccatores
1670 3409 1824 3467 constituti
1833 3414 1922 3468 smnt

217 3504 355 3564 sto,cum
375 3496 438 3568 ipse
466 3496 676 3553 annuntiatur:
711 3494 804 3567 ipsius
828 3495 947 3564 Christi,
971 3513 1038 3552 oum
1094 3497 1225 3571 plurimi,
1240 3497 1397 3571 pecunius
1412 3513 1516 3556 rursus
1535 3497 1733 3557 obedientium
1751 3499 1830 3572 justi
1851 3516 1923 3557 con·

217 3584 326 3657 ipsese
341 3584 468 3654 nuntiet,
484 3588 700 3655 venturumque
725 3584 869 3656 promittit
890 3585 919 3641 in
935 3590 1039 3653 torres,
1094 3589 1287 3643 stituerentor
1301 3586 1397 3643 multi.

217 3677 246 3731 et
258 3674 390 3731 futuram
406 3672 489 3731 nobis
501 3670 627 3731 revelare
636 3673 775 3747 dignatur
787 3673 896 3747 proprii
910 3673 1039 3747 corporis
1129 3678 1157 3733 5.
1175 3676 1255 3733 Unde
1270 3674 1354 3733 uelde
1367 3690 1466 3733 errare
1479 3692 1530 3733 eos
1544 3692 1591 3734 res
1605 3675 1726 3743 indicat,
1738 3676 1790 3750 qui
1799 3693 1924 3735 carnem

218 3762 398 3835 passionem.
1095 3766 1225 3822 buiriinis
1240 3784 1257 3822 a
1270 3764 1386 3821 Christo
1400 3763 1485 3822 siunt
1498 3781 1563 3823 esse
1585 3769 1765 3839 susceptam,
1780 3767 1921 3823 ilicetum

251 3854 279 3909 2.
307 3852 433 3923 ideoque
461 3851 515 3922 ipsi
547 3849 633 3905 Dauid
658 3848 859 3907 inscribuntur
884 3850 913 3905 io
941 3848 1039 3916 tilulo,
1096 3859 1264 3928 negenttot
1277 3858 1380 3911 contra
1394 3852 1488 3927 ipsius
1498 3853 1614 3911 Domini
1626 3854 1699 3911 lesu
1713 3854 1805 3911 venire
1817 3853 1922 3911 consi·

217 3941 382 4014 quasivero
398 3938 500 4008 David,
517 3938 573 4012 ipsi
589 3938 712 3995 Domino
729 3939 787 4011 (27)
804 3938 965 4011 prophetici
981 3938 1041 3995 oris
1095 3944 1179 4011 tium,
1195 3942 1247 4015 qui
1261 3941 1412 3999 bominem
1426 3959 1462 3999 ex
1476 3941 1595 4000 bomine
1608 3942 1727 4013 tollunt,
1742 3959 1807 3999 cum
1829 3942 1927 4001 bomo

218 4028 381 4087 ministerio
404 4029 590 4101 deputentur,
613 4044 665 4099 per
690 4044 778 4099 quem
802 4026 938 4083 humone
963 4027 1042 4085 vocis
1096 4031 1277 4089 sincuiiectu
1297 4029 1427 4089 bominis
1446 4046 1509 4089 esse
1536 4049 1595 4089 non
1622 4033 1728 4105 possit.
1752 4032 1826 4089 Nam
1853 4048 1926 4089 curo

217 4118 313 4177 oflicio
334 4118 383 4175 vls'
402 4115 528 4173 scelestis
551 4115 709 4189 increpuit,
731 4121 760 4173 ct
783 4115 883 4171 divina
897 4117 1044 4173 sententis
1096 4121 1275 4179 sineodectu
1289 4124 1319 4175 et
1332 4119 1446 4193 premii
1459 4120 1602 4179 immunis
1615 4125 1646 4178 et
1667 4120 1759 4195 culpo
1774 4125 1830 4178 est.
1846 4120 1925 4177 lllnd

220 4206 382 4265 resultavit.
1096 4226 1165 4283 ergo
1179 4208 1328 4283 suscipere
1338 4208 1440 4266 debuit
1454 4214 1484 4266 et
1498 4226 1613 4280 sonore,
1625 4211 1705 4267 unde
1719 4209 1808 4284 culpo
1823 4226 1926 4267 mous-

254 4296 282 4349 3.
298 4292 460 4366 Meritoque
468 4309 519 4367 pro
529 4292 661 4363 lditlcum,
690 4292 741 4365 qui
767 4293 821 4349 luit
849 4292 1000 4365 prophete,
1014 4299 1043 4351 et
1095 4304 1186 4366 verat,
1212 4302 1245 4354 ut
1264 4296 1408 4371 originem
1431 4298 1540 4355 erroris
1563 4302 1593 4355 et
1621 4298 1765 4371 quosdam
1788 4314 1928 4372 prorum·

219 4379 349 4454 psalmos
364 4400 432 4441 oum
448 4400 500 4441 sex
510 4382 578 4439 liliis
594 4382 717 4439 cunebst
731 4381 793 4439 suis
804 4383 871 4455 (28)
883 4382 1045 4454 velutque·
1059 4368 1083 4437 U
1099 4389 1195 4462 pontis
1209 4386 1307 4444 delicti
1322 4386 1398 4445 iores
1411 4384 1571 4444 clauderet.
1588 4386 1672 4445 Unde
1684 4403 1738 4463 ego
1757 4386 1848 4444 hodie
1868 4386 1928 4445 ho·

220 4470 290 4530 dem
305 4472 437 4545 prelatio
453 4476 507 4540 est,
523 4488 556 4528 eo
569 4472 647 4545 qnod
664 4475 742 4529 esset
755 4470 801 4527 bis
818 4472 902 4527 venio
917 4470 1042 4545 propbe-
1098 4478 1209 4535 minem
1224 4491 1412 4549 agnoscerem
1435 4475 1594 4533 Dominum
1618 4476 1732 4545 losum,
1753 4477 1841 4549 cujus
1860 4493 1928 4533 cer·

219 4556 311 4629 tundi,
330 4558 382 4631 qui
406 4559 436 4615 in
461 4558 605 4633 psallendi
632 4558 795 4617 ministerio
819 4560 983 4632 constituti,
997 4560 1041 4617 di·
1097 4581 1165 4624 nem
1192 4583 1251 4623 non
1279 4564 1373 4636 video,
1400 4564 1539 4621 dilectum
1565 4563 1649 4639 lego:
1677 4564 1766 4634 uude,
1787 4564 1927 4639 inquom,

219 4647 286 4705 rins
309 4646 428 4707 oraculo
454 4646 585 4703 humanu
608 4663 676 4703 voco
698 4647 897 4720 loquerentur.
925 4648 1044 4721 tltquis
1096 4654 1247 4729 bominem
1270 4670 1339 4711 eum
1373 4668 1574 4727 agnoscerem,
1600 4652 1657 4711 nisi
1687 4654 1840 4721 esurisset,
1865 4654 1928 4710 uisi

99 4776 103 4785 =
220 4754 271 4809 pro
286 4737 375 4795 totius
392 4735 495 4793 mundi
511 4734 654 4791 abolendo
670 4752 768 4793 erroro
786 4738 972 4811 suscipiendo
986 4738 1043 4796 llo·
1097 4744 1220 4801 sitisset:
1238 4742 1296 4799 nisi
1316 4741 1453 4811 flevisset,
1473 4742 1531 4799 nisi
1555 4741 1694 4800 dixisset:
1714 4764 1730 4793 u
1750 4742 1857 4799 Tristis
1879 4747 1929 4799 est

220 4825 320 4883 minici
345 4826 475 4899 corporis
498 4822 596 4898 pussic
627 4824 710 4891 soret,
733 4824 822 4897 hujus
844 4825 910 4885 licet
924 4828 1043 4885 nominc
1098 4832 1199 4889 animo
1212 4846 1278 4887 mea
1293 4846 1387 4903 usque
1401 4830 1439 4886 od
1464 4834 1588 4887 mortem
1607 4830 1714 4904 (turn.
1728 4847 1806 4901 xxvi,
1821 4830 1891 4902 38))
1907 4854 1923 4881 n

219 4915 305 4991 cujus
320 4914 462 4973 sedulitas
478 4914 661 4988 probaretur,
675 4916 953 4973 commendatiorem
977 4934 1042 4973 eru·
1099 4920 1230 4993 Denique
1245 4918 1390 4993 scriptum
1405 4924 1468 4976 cst:
1485 4942 1499 4971 n
1516 4920 1551 4976 st
1564 4920 1654 4977 bomo
1668 4924 1723 4989 est,
1738 4918 1850 4993 etquis
1872 4935 1925 4975 co-

218 5003 361 5061 ditionsm
377 5004 470 5077 plebis
485 5003 637 5076 expressit.
656 5004 757 5074 ltaque
772 5004 869 5076 ipsum
887 5006 1044 5065 audiamus
1098 5014 1219 5085 gnoscet
1233 5026 1300 5067 eum
1321 5008 1408 5081 (llier.
1430 5025 1501 5078 nvn,
1523 5008 1575 5081 9l?
1598 5010 1655 5067 Sed
1680 5008 1768 5065 homo
1792 5022 1845 5080 per
1867 5008 1929 5065 teu

218 5091 401 5165 loquentem.
1098 5097 1295 5172 cognoscitur,
1310 5095 1361 5168 qui
1376 5112 1429 5168 per
1442 5112 1531 5169 opera
1552 5097 1651 5155 divine
1673 5114 1764 5170 supro
1787 5096 1927 5153 homines

255 5238 312 5307 (27)
327 5237 413 5295 Rom.
432 5236 502 5292 edit.
518 5233 589 5292 solo.
605 5236 687 5305 puori
699 5251 763 5293 vera
780 5236 868 5293 David
888 5237 943 5309 ipsi
962 5238 1044 5293 allo·
1098 5256 1201 5299 corum
1215 5239 1397 5313 psnlmorum
1410 5242 1516 5297 cantus
1537 5240 1725 5299 attribuetur.
1749 5240 1928 5312 Quisquam

219 5320 295 5363 mino
306 5324 316 5368 .·
331 5324 398 5364 cum
414 5312 474 5364 ent.
499 5306 569 5363 edit.
596 5320 630 5361 oc
658 5320 732 5375 mss,
755 5307 877 5380 aliquot.
891 5308 1045 5382 prophetici
1099 5330 1153 5370 nec
1165 5328 1257 5371 seusu
1270 5312 1378 5378 conset,
1395 5310 1421 5367 si
1435 5326 1535 5369 uocem
1549 5314 1705 5369 metten
1719 5310 1857 5369 munem.

220 5377 277 5431 oris
287 5379 441 5461 ministerio
454 5378 626 5461 deputentur.
653 5376 755 5461 Plures
769 5380 895 5451 codices,
915 5386 944 5437 et
962 5396 1044 5463 que·
1137 5386 1194 5457 (28)
1206 5383 1318 5441 Horum
1331 5380 1452 5439 nomios
1465 5382 1703 5456 reperinslicsbit
1716 5382 1768 5440 lib.
1785 5386 1809 5441 1.
1828 5382 1925 5441 Persi.

222 5446 373 5505 damsdrt.
398 5450 512 5507 Puris...
533 5452 691 5505 mmnterm
714 5449 888 5532 emuntur.
915 5450 1044 5522 Melius3
1102 5472 1127 5512 c.
1139 5472 1205 5524 xxv,
1219 5455 1326 5511 versit.
1428 5452 1435 5464 '

222 5522 310 5599 totus,
329 5519 406 5603 enim
435 5520 482 5601 bio
507 5520 589 5577 locus
613 5518 751 5593 explicari
774 5523 860 5580 debet
881 5539 915 5582 eo
930 5537 1048 5584 sensu:
1135 5526 1194 5598 (29)
1206 5526 1290 5587 Fibra
1302 5529 1417 5602 peccati,
1441 5525 1550 5585 dicitur
1572 5544 1626 5604 per
1648 5524 1853 5605 metaphoran
1878 5540 1928 5585 ra·

223 5590 311 5659 Quen
327 5604 384 5665 ψει
400 5589 523 5649 Domino
538 5588 589 5663 qut
604 5606 691 5651 vorin
706 5596 751 5652 cst
777 5594 877 5666 David,
893 5594 1044 5671 propheti-
1100 5597 1203 5659 dicum
1219 5597 1312 5659 tibris.
