4159 6184
229 328 293 399 tta
701 396 704 401 ,
954 328 992 397 S.
1014 330 1205 397 subactu
1874 332 1935 398 203

228 468 331 546 &aaa
347 464 517 527 domns'tua
531 467 592 526 hec
607 466 702 543 pulvis
716 466 804 525 est‘et
821 465 938 537 minati
950 467 1053 524 Nonne
1069 467 1097 537 Α
1111 466 1225 539 querit,
1241 470 1270 523 et
1284 464 1444 541 concapit.
1464 464 1612 541 quuanto
1636 468 1667 523 ta
1693 463 1743 525 ille
1770 463 1932 525 beatiorem

230 558 292 617 haec
307 560 406 616 omnia
420 558 495 615 falsa
509 559 590 633 (titt
604 558 704 615 Nonne
719 556 819 614 saeculi
835 558 925 629 hujus
938 558 1054 614 thesau-
1107 556 1222 626 judicat
1235 555 1361 627 vigilans
1376 555 1594 629 quiescentem!
1611 555 1686 613 Illud
1703 559 1845 628 pretereo
1864 555 1930 630 (88),

230 665 282 707 rus
296 648 412 705 vanitas
427 650 494 705 est?
510 651 610 705 Nonne
625 650 657 701 tu
675 647 735 717 ipse
751 664 782 703 cs
808 648 906 703 cinis?
934 647 1056 719 Respice
1111 646 1189 717 quod
1206 644 1297 701 multo
1313 652 1357 701 est
1371 645 1576 717 prestantium
1593 643 1734 718 quoniam
1753 646 1858 717 justus
1880 650 1932 718 qut

231 736 261 793 in
277 736 413 811 sepulcra
425 738 590 801 hominnm,
608 740 636 791 ct
651 736 715 791 vide
731 735 801 808 quid
817 752 851 791 ox
865 740 893 789 te
910 736 965 790 nisi
982 735 1057 791 einis
1111 732 1158 789 bic
1168 733 1292 805 eguerit,
1302 733 1361 789 illic
1372 734 1548 803 abundavit3
1559 739 1589 791 et
1604 733 1653 806 qui
1664 732 1710 789 hic
1720 732 1850 790 laborem
1864 732 1933 791 tole

231 829 262 883 et
275 843 344 884 oasa
359 828 562 894 remanebunt,
580 824 635 879 hoc
652 829 705 891 est,
722 842 756 881 ex
772 841 891 897 corpore
906 829 976 879 tuo:
993 839 1055 879 res·
1111 822 1227 891 raverit,
1239 821 1298 878 illic
1307 822 1536 879 consolationem
1547 822 1667 879 habebit
1677 838 1684 878 ε
1695 822 1748 894 qui
1772 826 1871 879 autem
1885 822 1934 881 hic

232 915 307 988 pice,
338 917 469 988 inquam,
495 918 524 969 et
553 913 599 969 dic
628 913 700 968 mihi
730 913 797 985 quis
826 913 971 981 ibidives,
988 914 1056 985 quis
1111 912 1251 983 receperit
1265 912 1351 979 bona,
1363 911 1424 967 illic
1438 912 1603 969 mercedem
1618 927 1720 969 corum
1736 927 1855 985 sperare
1870 928 1928 968 non

232 1021 342 1075 pauper
352 1003 414 1059 sit?
428 1003 568 1058 Discerne
585 1002 687 1075 inopes
697 1018 729 1058 nc
747 1006 889 1074 potentes.
904 1003 980 1058 Nudi
996 1019 1058 1058 om·
1110 1001 1226 1073 poterit.
1238 1005 1398 1073 Paupertas
1413 1000 1490 1058 enim
1507 1000 1671 1058 mercedem
1685 1016 1771 1057 suam
1790 1005 1930 1072 reservat,

231 1109 284 1149 nes
299 1091 459 1160 nascimur,
470 1091 540 1147 nudi
555 1091 707 1148 morimur.
724 1091 811 1147 Nulla
827 1090 963 1149 discretio
979 1091 1056 1147 inter
1110 1105 1217 1146 census
1232 1090 1372 1146 absumit.

231 1181 371 1237 cadavera
386 1184 571 1236 mortuorum
584 1202 594 1247 ,·
609 1180 666 1236 nisi
683 1181 756 1236 sorte
772 1181 849 1253 quod
872 1180 989 1253 gravius
1004 1181 1055 1235 soe·
1145 1179 1189 1232 53.
1206 1180 1330 1234 Attende
1358 1195 1426 1251 ergo
1454 1179 1518 1249 tibi,
1546 1196 1668 1253 pauper,
1684 1180 1812 1247 attende,
1828 1180 1929 1251 dives;

231 1273 294 1325 tent
308 1268 432 1325 divitum
448 1286 568 1338 corpora
583 1268 711 1325 distenta
726 1268 849 1323 luxurie.
868 1271 958 1335 Quem
976 1268 1057 1323 audi·
1111 1265 1180 1338 quia
1195 1270 1224 1322 et
1238 1266 1269 1322 in
1284 1272 1454 1341 paupertate
1469 1271 1499 1324 et
1513 1267 1623 1325 divitiis
1647 1272 1828 1325 tentamenta
1849 1273 1929 1327 sunt.

232 1358 270 1415 sti
302 1373 459 1431 pauperem
487 1358 630 1416 cruditate
654 1357 849 1413 defunctum‘.l
877 1358 998 1413 Prodest
1013 1355 1055 1412 illi
1111 1355 1237 1427 Ideoque
1251 1356 1373 1429 Sapiens
1388 1357 1476 1413 dicit:
1498 1358 1615 1414 Diuitias
1636 1363 1664 1415 et
1684 1361 1876 1430 paupertatem
1896 1375 1932 1415 ne

233 1447 334 1521 inopia
348 1464 418 1516 sua;
434 1452 547 1503 exercet
562 1464 679 1521 corpus,
695 1464 752 1503 riou
769 1447 917 1520 opprimit.
934 1448 1056 1503 Necta—
1110 1443 1216 1499 dederis
1229 1445 1300 1500 anilii
1314 1446 1406 1518 (Pron.
1422 1463 1489 1513 xxx,
1501 1447 1541 1516 8).
1567 1447 1603 1502 Et
1627 1463 1686 1518 qua
1711 1446 1823 1503 ratione
1841 1447 1932 1519 petie-

233 1552 300 1593 men
315 1534 484 1592 audivimus
495 1537 612 1607 justum
626 1536 808 1602 derelictum,
825 1541 853 1591 et
866 1552 966 1592 semen
990 1536 1056 1606 ejus
1111 1532 1148 1587 rit
1163 1531 1218 1588 hoe
1232 1532 1318 1601 dicit;
1335 1534 1407 1589 satis
1422 1538 1467 1589 est
1481 1534 1561 1591 essim
1585 1534 1697 1591 bomini
1721 1534 1829 1597 habere
1853 1536 1932 1609 quod

233 1641 365 1699 querens
388 1640 515 1697 panem,
538 1624 677 1697 quoniam
702 1624 753 1697 qui
772 1625 845 1680 bene
869 1627 1006 1697 operatur
1025 1624 1055 1679 in
1111 1620 1168 1676 sibi
1185 1621 1303 1677 sulficit.
1329 1622 1402 1687 Quia
1427 1623 1534 1679 divitie
1559 1627 1592 1679 ut
1610 1621 1705 1695 epulis
1728 1628 1870 1696 ventrem,
1891 1625 1933 1680 ita

234 1719 312 1771 terra
325 1730 390 1779 suu,
411 1713 541 1769 abundat
563 1712 721 1769 alimentis.
749 1714 875 1769 Attende
898 1728 966 1785 ergo
991 1712 1055 1779 tibi,
1111 1709 1243 1765 animum
1255 1710 1333 1766 curis
1344 1710 1651 1784 sollicitudinibusque
1661 1711 1843 1769 distendunt.
1854 1713 1935 1770 tdeo·

232 1802 332 1871 dives;
347 1802 417 1873 quia
427 1806 455 1859 et
470 1806 501 1857 tn
518 1818 635 1857 carnem
649 1809 748 1875 portas
759 1803 836 1858 sicut
849 1818 969 1875 pauper.
1070 1836 1095 1901 B
1111 1814 1168 1871 que
1184 1799 1257 1871 petit
1271 1799 1411 1857 constitui
1426 1799 1484 1857 sibi
1497 1818 1562 1873 qua
1572 1818 1647 1875 opus
1663 1805 1733 1858 sunt
1745 1804 1775 1859 et
1787 1800 1935 1859 sufficien-

269 1892 347 1947 m
357 1892 402 1946 52.
423 1890 546 1946 attende
561 1890 625 1957 tibi,
649 1906 773 1963 pauper,
800 1890 870 1962 quia
889 1890 988 1945 anima
1003 1893 1056 1946 tua
1078 1902 1081 1904 *
1110 1887 1167 1943 tia:
1184 1889 1223 1944 Ne
1242 1890 1373 1960 repletus,
1396 1889 1505 1962 inquit,
1527 1890 1648 1947 menduc
1674 1893 1751 1963 fiam,
1774 1896 1802 1947 et
1819 1891 1935 1949 dicam:

233 1978 360 2053 pretiosa
371 1982 415 2035 est
426 1996 433 2047 3
445 1985 474 2035 et
488 1978 513 2035 si
528 1996 594 2033 carc
609 1979 751 2045 mortalis,
778 1978 918 2034 diuturna
941 1978 1053 2033 anima:
1111 1976 1177 2043 Quis
1190 1992 1235 2031 me
1248 1977 1346 2033 videti
1361 1980 1412 2035 lut
1435 1980 1526 2051 [actus
1545 1996 1656 2053 pauper
1682 1983 1791 2053 sartum
1817 1983 1932 2053 sactum,

233 2073 262 2127 et
276 2068 301 2125 si
316 2069 370 2125 tibi
385 2068 467 2124 deest
481 2067 614 2139 pecunia,
625 2085 682 2123 non
700 2068 781 2124 deest
791 2068 903 2140 gratia;
918 2071 946 2122 et
960 2068 984 2122 si
997 2085 1055 2123 non
1109 2068 1137 2119 et
1145 2063 1239 2135 jurem
1253 2067 1363 2122 uomina
1374 2067 1483 2123 Domini
1495 2066 1552 2139 (89)
1567 2067 1648 2135 (ltid.
1664 2066 1702 2136 9).
1718 2066 1867 2139 Fugienda
1880 2068 1937 2141 igi·

234 2158 396 2215 astdomus
421 2155 529 2229 ampla,
553 2174 611 2211 non
636 2157 743 2213 diliusa
768 2156 926 2229 possessio,
951 2155 1056 2211 coelum
1110 2156 1159 2207 tur
1173 2157 1202 2208 ct
1217 2154 1346 2211 cavenda
1359 2157 1430 2211 sunt
1453 2159 1635 2211 tentamenta
1653 2156 1774 2224 mundi;
1801 2171 1837 2213 ne
1859 2173 1935 2229 pau·

233 2250 322 2320 patet,
339 2250 416 2302 terra
432 2245 523 2302 libera
538 2250 591 2301 est.
606 2246 750 2302 Omnibus
766 2246 796 2301 ia
820 2262 975 2301 commune
999 2246 1056 2300 ele·
1111 2258 1163 2312 per
1176 2242 1321 2314 desperet,
1338 2243 1507 2315 neopnlens
1523 2244 1690 2301 insolescat.
1715 2240 1864 2317 Scriptum
1887 2249 1938 2301 est

235 2338 334 2392 menta
349 2335 457 2392 donata
471 2338 551 2409 sunt,
577 2338 678 2407 patent
700 2350 781 2406 aque
805 2334 943 2389 divitibus
967 2339 1057 2406 etque
1111 2330 1210 2386 anim:
1226 2332 1300 2387 Cum
1316 2331 1461 2404 expuleris
1472 2336 1585 2405 gentes,
1596 2337 1625 2389 et
1639 2332 1762 2405 coeperis
1785 2333 1828 2389 uti
1846 2333 1935 2391 terris

234 2421 415 2499 pauperibus
430 2422 877 2493 ornamentamundi.Numquitl
889 2421 1058 2494 pulchriora
1111 2435 1225 2488 eorum,
1242 2437 1278 2477 ne
1293 2421 1390 2478 dicas:
1406 2420 1507 2477 Virtus
1521 2438 1589 2479 mea
1603 2426 1631 2478 et
1646 2438 1753 2478 manus
1771 2421 1837 2479 mei
1855 2422 1936 2479 hanc

232 2512 514 2587 pretiosissimarum
530 2512 683 2567 domorum
693 2514 795 2567 aurata
805 2510 1057 2583 laquearia,qua1n
1113 2509 1187 2565 mihi
1202 2510 1418 2581 possessionem
1434 2511 1548 2582 paravit
1562 2512 1653 2583 (aeut.
1668 2528 1730 2579 vm,
1746 2510 1802 2581 tt).
1823 2512 1868 2567 Sic
1886 2515 1939 2567 est

235 2601 300 2659 coeli
315 2601 403 2657 iacies
417 2599 510 2655 stellis
525 2598 668 2673 insignita
689 2598 895 2673 fulgentibus?
909 2599 1058 2673 Numquid
1114 2599 1163 2671 qui
1180 2614 1250 2671 opes
1265 2615 1335 2654 suas
1350 2598 1454 2655 merito
1479 2598 1600 2655 ascribit
1622 2616 1687 2656 sno.
1712 2600 1749 2655 llt
1770 2599 1832 2655 ideo
1845 2600 1937 2671 quasi

236 2689 562 2756 latioradivitumrura,
578 2706 666 2761 qnam
682 2689 960 2761 spatiaterrarum‘l
978 2688 1059 2744 Unde
1114 2688 1254 2759 probatus
1279 2687 1430 2760 proprium
1454 2704 1513 2744 non
1538 2688 1673 2761 agnoscit
1707 2703 1852 2745 errorem:
1881 2690 1941 2745 scd

235 2780 272 2855 ad
286 2796 336 2837 eos
351 2778 401 2851 qui
416 2778 538 2835 domum
554 2779 590 2835 ad
615 2778 793 2845 demumst
820 2777 920 2832 villam
946 2777 981 2832 ad
1007 2776 1060 2832 vil·
1113 2772 1200 2847 longo
1215 2774 1305 2830 trehit
1319 2775 1389 2831 tune
1404 2775 1481 2832 m
1505 2780 1668 2849 peccatum.
1691 2777 1765 2833 Nam
1788 2776 1815 2832 si
1837 2776 1944 2833 credat

238 2870 297 2926 lam
311 2870 453 2941 jungunt,
468 2866 652 2922 dictumest:
668 2865 805 2935 Numquid
820 2866 873 2919 soti
899 2864 1060 2921 lmbitabitis
1115 2864 1193 2937 quod
1213 2865 1341 2920 accessio
1367 2865 1497 2937 pecunia
1524 2868 1575 2921 aut
1602 2865 1714 2921 fortuiti
1742 2869 1862 2923 eventus
1883 2872 1943 2921 aut

237 2973 320 3029 super
334 2956 548 3026 terrum(tsa.v,
559 2954 606 3026 tq?
623 2954 761 3025 llujorem
777 2954 896 3009 domum
908 2958 940 3007 tu
952 2954 1059 3008 habos:
1115 2953 1209 3025 turpis
1224 2954 1337 3008 astutiae
1352 2954 1401 3020 sit,
1416 2971 1475 3011 non
1499 2953 1588 3010 habet
1609 2953 1705 3011 locum
1730 2953 1887 3012 insolentia
1903 2955 1940 3011 in

240 3060 360 3118 pauper,
377 3042 407 3098 ln
422 3058 481 3115 qua
496 3042 607 3099 clamas
622 3047 649 3096 ct
669 3042 828 3097 exaudiris:
849 3042 868 3097 0
896 3042 990 3108 lsrtret,
1017 3040 1060 3095 in·
1116 3041 1224 3113 quibus
1239 3046 1290 3097 aut
1305 3041 1388 3097 nulla
1401 3042 1477 3109 laus,
1491 3047 1521 3099 et
1533 3042 1632 3099 inanis
1646 3042 1740 3111 labor,
1754 3047 1807 3099 aut
1823 3042 1942 3115 cupidi-

239 3132 304 3207 quit
318 3131 469 3206 propheta,
492 3148 573 3204 quum
594 3148 695 3200 acopon
711 3135 751 3186 est
774 3130 869 3186 demtis
896 3133 954 3201 Dei,
977 3134 1001 3187 et
1016 3132 1061 3186 iu·
1117 3134 1162 3185 tas
1177 3130 1374 3187 inverecunda
1388 3130 1427 3187 sit
1439 3132 1559 3190 modum
1577 3131 1711 3189 nesciens
1732 3148 1838 3205 ponere
1856 3130 1942 3187 uolu-

241 3224 394 3295 peustocus
405 3222 582 3294 possessionis
607 3221 686 3292 ejus!
713 3224 831 3289 llcpuus
854 3224 879 3275 ei
896 3238 950 3277 nou
979 3204 1098 3276 lauert
1117 3218 1200 3291 ptati.

241 3308 746 3381 intumultusetimmeususfflaruc.
776 3325 818 3375 111,
848 3310 893 3375 24,
919 3310 975 3381 25).
1008 3310 1060 3365 Do·
1435 3327 1552 3383 gppgrp
1571 3327 1616 3383 px,

239 3416 307 3471 mna
322 3398 373 3455 Del
389 3398 470 3453 diviti
486 3401 531 3453 est
544 3396 721 3460 communis,
738 3400 766 3451 et
785 3398 926 3469 pauperi;
943 3396 1061 3453 difficile
1116 3419 1156 3471 ῃ)
1182 3417 1304 3488 corpori,
1325 3415 1441 3474 pumm-
1463 3418 1636 3487 mma,
1658 3415 1744 3487 gem
1766 3415 1945 3485 mmmm

239 3490 396 3545 esttamen
415 3486 535 3541 divitem
564 3484 672 3540 intrare
698 3484 728 3539 in
757 3500 880 3557 regnum
910 3486 1060 3543 coelorum.
1152 3487 1404 3559 eiusmerirtrorum
1418 3490 1645 3560 coufommtioue,
1660 3489 1838 3559 dispositiute
1855 3496 1945 3559 atque

240 3576 296 3633 Sed
311 3575 384 3631 loric
400 3574 491 3641 doles,
512 3574 590 3646 qnod
618 3572 731 3629 nullum
755 3573 807 3628 tibi
832 3580 1002 3631 auratorum
1018 3575 1061 3649 ly·
1151 3559 1260 3630 ‘’lfitl'tl·

157 3662 158 3665 ’
238 3664 382 3723 chuerum
409 3663 508 3721 lumen
533 3662 694 3735 refulgeat;
720 3663 769 3719 scd
798 3663 891 3719 mutto
920 3663 1063 3721 illustrior
1150 3665 1194 3721 st.
1211 3666 1267 3721 Sed
1278 3667 1342 3737 jam
1358 3665 1447 3722 etiam
1462 3665 1498 3721 de
1513 3665 1577 3737 ipso
1592 3663 1723 3721 hominis
1743 3679 1863 3737 corpore
1886 3664 1946 3721 nli-

237 3754 290 3810 tibi
306 3753 417 3810 lumine
433 3752 610 3809 circumfuso
626 3752 696 3807 luno
711 3750 886 3823 resplendet.
905 3754 943 3809 De
958 3753 1061 3827 hyems
1116 3770 1176 3825 qua
1188 3754 1313 3809 dicenda
1328 3761 1406 3820 sunt,
1420 3753 1498 3825 quod
1509 3752 1696 3826 prestantius
1710 3751 1821 3809 ceteris
1835 3752 1947 3810 decore

238 3843 361 3901 forsitan
388 3842 531 3916 quereris,
553 3841 622 3914 quia
637 3839 719 3895 nulla
734 3840 788 3896 tibi
813 3840 991 3914 hypocausta
1014 3860 1063 3898 nn·
1115 3847 1144 3897 et
1158 3843 1327 3915 gratiaesse
1341 3842 1407 3915 quis
1436 3842 1569 3899 abnuat‘l
1592 3842 1665 3897 Nam
1691 3840 1747 3897 etsi
1771 3858 1829 3897 una
1851 3845 1947 3913 atque

236 3931 406 3989 helantibus
425 3931 545 4004 ignibus
573 3934 769 4002 vaporentur,
794 3931 844 3986 scd
872 3930 963 3986 habes
991 3932 1061 3988 solis
1115 3931 1216 3987 cadem
1238 3932 1586 3987 omnium‘terrenorum
1620 3946 1776 4002 corporum
1807 3929 1948 3987 videatur

235 4020 373 4089 calorem,
391 4020 440 4093 qui
455 4018 509 4075 tibi
524 4019 625 4075 orbem
641 4022 786 4073 terrarum
803 4022 952 4089 temperet,
969 4025 998 4075 et
1011 4020 1061 4093 hp·
1114 4037 1179 4075 esse
1193 4019 1370 4088 substantia,
1381 4020 1531 4076 firmitudo
1547 4024 1575 4075 et
1585 4018 1745 4091 proceritas
1760 4018 1947 4093 quibusdam

235 4111 325 4167 berno
340 4114 368 4165 te
382 4109 519 4165 desendet
534 4105 675 4177 arrigere.
692 4110 737 4159 An
761 4104 936 4161 illosbeatcs
962 4112 1058 4179 putas,
1116 4109 1209 4180 major
1226 4109 1256 4162 in
1283 4108 1400 4176 bestiis;
1423 4108 1518 4163 forma
1541 4111 1639 4163 tamen
1662 4106 1784 4163 humani
1807 4107 1946 4179 corporis

235 4199 286 4271 qui
308 4197 492 4254 servitiorum
522 4193 708 4267 sequentium
738 4194 886 4267 stipentur
913 4197 1059 4253 catervis?
1114 4202 1160 4252 est
1173 4197 1333 4265 venustior,
1349 4200 1444 4253 status
1457 4200 1570 4253 erectus
1595 4200 1624 4253 at
1646 4194 1762 4265 celsus;
1786 4198 1819 4249 ut
1841 4211 1946 4267 neque

235 4287 291 4345 Sed
307 4287 358 4359 qui
374 4284 486 4342 alienos
501 4284 588 4355 pedes
604 4283 766 4353 requirunt,
779 4284 842 4339 suis
858 4283 900 4339 uti
912 4286 1057 4343 nesciunt.
1113 4287 1242 4341 enormis
1256 4285 1415 4357 proceritas
1426 4284 1474 4350 sit,
1486 4301 1582 4357 neque
1597 4282 1662 4339 vilis
1677 4289 1707 4340 et
1728 4284 1842 4355 abjecta
1862 4300 1945 4357 pau-

235 4374 365 4447 Denique
380 4358 513 4446 apaucis
527 4371 740 4444 praeceduntur,
757 4389 774 4428 a
790 4371 925 4445 plurimis
940 4381 1058 4447 portan-
1112 4373 1221 4429 xillitas
1233 4374 1306 4446 (90):
1323 4379 1386 4428 tum
1404 4373 1469 4445 ipse
1482 4372 1623 4430 habitudo
1643 4372 1774 4444 corporis
1789 4369 1889 4427 suavis
1913 4378 1947 4427 st

234 4464 292 4517 tur.
309 4462 371 4519 Nisi
387 4461 460 4519 torte
475 4460 548 4517 illud
564 4460 692 4526 mireris,
710 4462 787 4532 qued
803 4462 955 4519 abundant
974 4482 1056 4537 auro,
1111 4468 1213 4534 grata,
1230 4468 1262 4518 ut
1276 4478 1369 4534 neque
1384 4460 1513 4519 belluina
1525 4461 1645 4518 vastitas
1661 4460 1786 4527 horrori,
1807 4459 1857 4528 sit,
1883 4477 1944 4517 nec

234 4554 364 4624 argento,
381 4550 522 4623 pecunia:
536 4550 654 4622 quantis
665 4549 818 4605 abundant
832 4551 925 4621 vidos,
938 4555 1056 4625 quantis
1071 4570 1097 4635 p
1112 4550 1261 4624 gracilitas
1275 4551 1374 4607 tenuis
1388 4550 1563 4608 infirmitati.

233 4643 338 4713 egeant
353 4656 412 4695 non
426 4638 519 4695 vides.
537 4640 592 4695 Sed
617 4638 753 4694 eburneis
777 4638 860 4695 lectis
885 4644 1057 4699 accumbere
1147 4642 1192 4696 55.
1208 4642 1248 4695 Ac
1266 4640 1397 4712 primum
1419 4640 1553 4697 omnium
1577 4656 1790 4713 cognoscamus
1814 4638 1945 4696 humani

232 4728 395 4803 pretiosum
412 4732 514 4801 putam
538 4732 566 4783 et
583 4745 639 4783 non
661 4728 829 4785 consideres
855 4731 1056 4800 pretiosiorem
1112 4730 1240 4801 corporis
1256 4729 1397 4785 fabricam
1413 4729 1507 4785 instar
1521 4745 1585 4787 esse
1601 4729 1718 4785 mundi.
1734 4727 1886 4801 Siquidem
1910 4722 1948 4785 u't

232 4836 297 4877 esse
307 4824 427 4885 terram,
440 4835 504 4891 ques
519 4816 640 4891 pauperi
653 4816 752 4872 thoros
763 4818 931 4889 graruinum
942 4820 1055 4890 sternit,
1111 4816 1216 4873 coelum
1241 4817 1350 4873 eminet
1373 4817 1444 4887 aeri,
1472 4817 1570 4885 terris,
1597 4818 1673 4874 mari
1697 4833 1762 4891 quaa
1785 4816 1841 4889 (el)
1857 4815 1948 4874 velut

231 4909 262 4965 in
277 4908 386 4981 quibus
401 4907 496 4964 dulcis
512 4907 637 4980 requies,
654 4904 753 4961 suavis
768 4910 813 4960 cst
826 4922 1055 4979 somnus,quem
1110 4906 1244 4977 quedam
1260 4907 1393 4962 membra
1406 4910 1475 4963 sunt
1491 4907 1593 4963 mundi
1608 4905 1771 4963 :itaetiam
1786 4908 1875 4977 caput
1889 4921 1948 4963 su-

230 4998 280 5055 illa
290 5015 379 5055 aurea
394 4995 576 5070 compositus
592 4994 715 5067 sponda,
739 4996 800 5049 tota
825 4994 947 5067 pervigil
972 5004 1056 5052 noc-tc
1109 5012 1163 5067 pra
1173 4994 1301 5067 reliquos
1312 5000 1394 5051 artus
1405 4996 1497 5052 nostri
1510 4994 1797 5071 corporiscernimus
1807 4993 1946 5051 eminere

266 5146 322 5221 (87)
339 5149 381 5203 lta
394 5166 464 5203 mss.
500 5148 576 5203 Car..
608 5144 692 5199 Corb.
728 5150 820 5209 vetus,
856 5143 909 5199 Th.
945 5150 973 5201 et
1004 5146 1053 5203 alii
1145 5144 1203 5271 (90)
1218 5144 1260 5200 lta
1275 5162 1346 5200 mss.
1363 5144 1519 5201 duodecim
1535 5163 1602 5201 cum
1618 5150 1674 5202 vet.
1691 5144 1760 5201 edit.
1778 5144 1944 5201 Codexau-

229 5218 372 5291 quinque.
383 5221 417 5273 At
434 5222 501 5274 tien.
515 5234 582 5273 cum
597 5215 718 5286 reliquis
732 5216 912 5285 etquenam,
927 5218 1033 5288 sabulis.
1108 5219 1167 5271 tom
1205 5232 1261 5270 oen.
1278 5222 1307 5271 et
1318 5217 1391 5272 Vict.
1407 5233 1497 5282 unus,
1507 5218 1659 5290 pusillitas.
1675 5216 1733 5272 atti
1748 5219 1777 5274 et
1795 5215 1867 5282 edit,
1890 5232 1944 5271 re·

275 5290 310 5342 88
337 5291 408 5344 Mes.
424 5291 525 5345 decern
542 5288 661 5360 optimae
677 5292 760 5341 notus.
778 5287 849 5341 llluil
862 5292 1010 5357 practerea.
1108 5287 1262 5352 acutiores,
1278 5288 1512 5358 pusillanimitas.

275 5290 320 5428 89l
338 5364 420 5415 Rom.
435 5362 504 5415 edit.
523 5377 555 5415 ac
572 5377 643 5414 mss.
674 5358 814 5423 Carmei
832 5360 928 5427 jurem
957 5377 1054 5416 iromeu
1143 5359 1200 5428 (ct)
1226 5357 1292 5414 Edit
1315 5376 1427 5423 omnes,
1452 5364 1484 5415 ut
1507 5361 1606 5416 celum
1625 5362 1727 5416 eminet
1754 5358 1822 5424 neri,
1852 5359 1948 5413 terris

227 5431 347 5486 Domini.
369 5430 459 5495 Corn,
489 5441 514 5487 et
540 5434 680 5503 perjurem
707 5446 808 5485 uorum
840 5430 972 5497 Durnium
997 5439 1051 5487 ret.
1106 5431 1212 5499 auimo,
1233 5448 1302 5501 quse,
1329 5437 1385 5487 etc.
1416 5431 1487 5502 Mes,
1504 5431 1661 5503 aliquot...
1686 5431 1768 5486 terris
1797 5429 1942 5499 marique.

228 5500 298 5557 edit.
316 5516 349 5556 aa
365 5518 436 5558 mss.
454 5502 526 5559 bene
540 5501 636 5569 multi,
653 5504 678 5557 ct
694 5500 829 5573 jaremiri
859 5505 978 5567 isauriae,
996 5509 1051 5559 etc.
1106 5500 1163 5555 Alii
1180 5501 1289 5574 majori
1317 5518 1439 5559 numero
1465 5508 1494 5560 et
1515 5501 1699 5571 auctoritate,
1727 5505 1761 5558 ut
1786 5514 1878 5571 supra
1903 5500 1943 5557 in

227 5568 366 5629 Omnium
397 5573 595 5647 antiquissimi
612 5590 669 5629 non
691 5576 855 5647 agnoscunt
870 5573 1051 5645 praepositio·
1106 5576 1197 5628 textu.

229 5659 308 5700 ilem.
