4159 6184
216 288 256 351 re
512 284 518 293 ·
887 282 981 345 vua
1002 283 1034 344 e.
1058 284 1247 374 aare-ausu
1879 288 1920 356 sa

219 418 567 490 iuuiccmdiuidebantltie
593 433 705 474 excessu
733 408 838 488 Satyri,
868 434 949 470 num.
980 418 1035 482 25).
1055 424 1077 483 Α
1094 418 1692 496 Testemhabemushujuscereimagnum
1706 423 1918 495 Augustinum,

217 512 311 579 :tants
325 524 391 565 vero
406 506 562 581 prudentia
575 510 605 562 et
618 506 844 562 mansuetudine
859 503 935 560 hanc
950 506 1041 560 admi-
1096 509 1181 579 cujus
1197 507 1258 564 hec
1271 507 1360 563 verba
1374 512 1459 565 sunt:
1476 508 1680 569 Secludentibns
1694 528 1749 582 me,
1764 511 1870 585 inquit,
1885 514 1921 569 ub

218 596 421 655 nistrationem
436 595 527 653 obivit
545 595 677 668 Satyrus,
694 599 727 650 ut
741 594 796 667 ipsi
821 594 884 665 jam
913 598 1039 649 mortuo.
1094 597 1154 668 ejas
1168 613 1235 653 aare
1249 605 1330 669 atque
1350 601 1741 672 orecateruisneqatiosorum
1767 600 1921 669 marinam,

217 686 420 745 testimonium
434 685 489 743 hoc
505 684 609 741 reddat
622 687 742 740 sanctus
752 683 860 740 irater:
878 682 942 739 Sine
956 680 1042 757 offen·
1095 701 1212 756 quarum
1223 684 1437 754 infirmitatibus
1450 690 1594 759 seruiebat,
1610 707 1672 746 nam
1687 690 1786 763 quibus
1813 692 1923 765 quando

217 775 401 843 sioneultnet
428 775 588 846 pubermasti
608 774 705 845 fratris
733 773 882 839 domum,et
908 788 1039 828 corrnmen·
1094 789 1149 829 nore
1164 772 1315 845 erat,quod
1327 789 1378 845 per
1391 776 1525 845 cuiquam
1550 781 1679 851 temperis
1706 786 1834 847 erat,aut
1861 797 1923 836 cor·-

217 865 290 923 dnsti
302 864 484 923 samareum
499 862 592 934 (ibid,
607 878 689 917 num.
706 862 761 935 20).
1091 878 1144 933 pers
1158 861 1296 931 reiciebat
1319 866 1481 921 necessariis
1508 867 1709 935 sustentaculis,
1731 871 1785 924 out
1806 870 1924 927 lectione

249 954 495 1027 .15..0uapropter
508 950 659 1024 expeditus
675 968 708 1007 ac
723 949 797 1006 liber
812 967 829 1005 n
845 950 934 1006 rebus
950 954 1040 1006 terre·
1094 951 1220 1006 animum
1243 950 1374 1023 (dimices.
1399 950 1419 1007 l.
1436 970 1477 1021 ar,
1492 972 1557 1029 cap.
1587 956 1614 1024 3,
1634 974 1713 1012 num.
1730 958 1768 1031 3).
1796 958 1853 1019 Sed
1870 974 1925 1015 nec

220 1044 267 1100 nis
282 1056 375 1099 novus
388 1038 554 1113 episcopus,
571 1038 730 1095 coelestium
747 1038 933 1111 acquisitioni
961 1042 1040 1095 totus
1095 1039 1286 1096 fidelissimus
1314 1039 1363 1097 ilis
1383 1041 1549 1115 discipulus
1579 1045 1787 1119 negligendum
1820 1050 1923 1104 tacen-

219 1130 375 1190 incubuit:
392 1132 421 1185 st
435 1127 568 1201 quamvis
582 1130 649 1184 ante
664 1131 833 1199 susceptum
849 1144 965 1185 ssorum
989 1128 1039 1183 bn·
1095 1128 1201 1184 dumve
1215 1128 1404 1200 existimavit,
1421 1148 1510 1203 quam
1527 1133 1669 1190 rationem
1691 1135 1721 1189 in
1742 1134 1865 1208 legendo
1876 1140 1923 1192 te-

92 1240 103 1250 ·
217 1218 538 1297 ptisma‘tamhuneste
552 1219 670 1287 tamque
685 1216 850 1273 Christiane
864 1217 953 1273 vitam
983 1217 1042 1272 ins·
1094 1222 1177 1271 neret
1192 1222 1352 1289 preceptor
1366 1221 1577 1287 suus;eodem
1592 1223 1671 1278 enim
1688 1221 1752 1279 loco
1777 1223 1835 1280 ista
1850 1225 1922 1280 sub-

218 1308 358 1377 libuisset,
375 1311 410 1363 ut
421 1304 553 1362 vinaliud
570 1304 649 1376 quod
659 1304 826 1373 adderetur,
838 1304 975 1361 culminis
983 1306 1042 1377 epi·
1091 1305 1213 1376 jungit:
1231 1306 1282 1362 Sed
1295 1324 1357 1362 cum
1372 1308 1488 1379 lcqebat,
1513 1311 1563 1377 ait,
1579 1312 1654 1367 oculi
1676 1312 1845 1385 ducebantur
1870 1330 1924 1387 per

218 1396 346 1471 soopalis
360 1393 497 1468 perfectio
520 1392 667 1448 videretur
680 1393 817 1465 exigere;
847 1392 1042 1450 nihilominus
1094 1396 1223 1464 papirius,
1238 1398 1264 1450 et
1286 1410 1333 1450 cer
1361 1398 1532 1454 intellectum
1558 1399 1724 1469 rimabatur,
1752 1418 1806 1458 uox
1827 1406 1924 1458 aalma

217 1492 318 1545 musea
330 1488 414 1541 tanta
427 1481 518 1539 animi
535 1481 720 1538 contentione
734 1496 852 1554 operam
877 1481 956 1537 dedit
982 1482 1041 1537 vir·
1095 1486 1122 1537 et
1145 1484 1242 1554 linqua
1269 1486 1425 1557 quiescebat
1450 1486 1553 1559 (ibid).
1580 1488 1680 1562 Neque
1713 1506 1780 1546 vero
1810 1490 1923 1564 diurna

218 1572 617 1643 tutibus'oninibusquanta
632 1570 657 1627 si
673 1570 851 1627 nuliamsibi
868 1572 963 1627 inesse
979 1588 1041 1645 per·
1096 1570 1171 1626 lucis
1212 1571 1393 1630 curriculum
1420 1576 1484 1647 ejus
1510 1576 1676 1635 sufficiebat
1698 1578 1840 1649 avidiati;
1870 1582 1924 1640 sed

107 1669 109 1675 '
217 1678 341 1723 masam
355 1659 515 1719 habuisset.
532 1660 595 1726 Qua
606 1658 718 1717 ratione
732 1658 799 1716 tulis
815 1660 945 1729 euentus,
967 1676 1040 1733 qua·
1096 1661 1250 1716 nontodici
1267 1662 1364 1720 hocin
1389 1680 1476 1736 opere
1498 1668 1711 1740 propemodum
1741 1668 1923 1741 continuata,

217 1753 275 1811 lom
316 1764 557 1823 unumquemque
599 1744 783 1805 subditorum
827 1766 947 1806 suorum
977 1766 1041 1807 esse
1096 1751 1188 1806 redux
1216 1768 1234 1806 a
1262 1751 1354 1809 saeris
1379 1752 1499 1826 vigiliis,
1517 1755 1672 1813 lectionem
1701 1758 1924 1833 quamprimum

166 1830 171 1845 '
217 1841 399 1915 peroptabat,
428 1838 538 1896 eisdem
567 1839 603 1894 sd
633 1838 710 1894 bona
739 1853 828 1910 opera
856 1840 1042 1894 iacemnun-
1097 1840 1274 1908 resumebat,
1292 1841 1445 1916 sicutipse
1459 1844 1698 1903 charissimosuo
1714 1846 1822 1903 Irenaeo
1837 1847 1921 1921 iugc-

218 1928 308 2003 quam
323 1945 382 1986 non
396 1928 575 2001 preferebat.
591 1927 622 1983 In
637 1926 743 2000 primis
754 1931 852 1984 autem
863 1927 904 1983 itu
918 1944 1043 1985 seman·
1097 1927 1344 1985 nuciateturhoc
1368 1931 1455 1987 modo
1484 1932 1637 2009 scribens:
1663 1936 1736 1990 later
1761 1934 1921 2007 leqendum,

216 2019 328 2093 ciparat
342 2018 434 2075 cultui
458 2032 607 2074 sacrorum
623 2016 769 2086 altarium,
787 2020 820 2072 ut
834 2016 924 2074 nullis
953 2034 1041 2091 nego·
1097 2015 1201 2089 inquit,
1217 2034 1280 2073 mem
1293 2018 1439 2090 paulutum
1466 2022 1659 2092 requievissem
1673 2025 1777 2093 anime,
1794 2026 1860 2098 quia
1876 2026 1921 2082 tu-

214 2106 265 2166 tiis
281 2108 439 2181 quominus
449 2107 579 2179 quotidie
589 2106 721 2162 divinum
737 2106 851 2162 offerret
863 2106 1040 2162 sacrificium
1095 2106 1254 2162 cubratiene
1267 2107 1436 2178 destiteram,
1451 2112 1620 2166 uersiculum
1635 2112 1716 2168 illum
1731 2115 1799 2187 erupi
1813 2130 1922 2171 mecum

216 2196 314 2270 (epist.
328 2195 373 2264 20,
390 2210 472 2251 num.
489 2194 534 2265 15)
549 2196 728 2249 avocaretur.
747 2192 802 2248 Sed
816 2207 884 2248 oum
900 2192 1040 2249 Paulinus
1095 2195 1240 2262 revolvere,
1270 2211 1323 2267 quo
1355 2200 1462 2269 vesperi
1504 2200 1535 2253 in
1573 2200 1677 2271 uipiliis
1701 2204 1747 2258 usi
1777 2204 1922 2274 samaram

216 2284 290 2343 satis
311 2288 446 2341 accurate
476 2282 685 2338 Ambrosianus
710 2280 894 2353 singulorum
923 2282 1038 2338 dierum
1094 2282 1347 2356 (epist.29,num.
1375 2286 1414 2357 1.)
1429 2285 1504 2350 Quin
1533 2288 1621 2344 etiam
1649 2294 1806 2363 postquam
1835 2296 1922 2350 etate

215 2372 437 2432 exmoitatioues
451 2370 629 2428 enarraverit
653 2370 726 2443 (Vita
740 2370 875 2437 Ambrae,
905 2387 987 2426 num.
1004 2372 1039 2427 38
1090 2372 1153 2443 jam
1169 2376 1232 2427 erat
1255 2374 1426 2445 provectior,
1451 2375 1487 2431 de
1502 2379 1563 2432 tam
1578 2377 1712 2451 improbo
1728 2379 1824 2437 studio
1845 2381 1921 2438 nihil

215 2467 242 2520 et
268 2462 395 2535 seq.),ut
423 2476 463 2517 ess
485 2458 656 2531 minutatim
685 2458 740 2514 hoc
767 2456 1037 2531 lucoexponantur,
1094 2460 1217 2528 remisit,
1234 2464 1610 2533 quemadmodumexuna
1637 2468 1702 2538 ejus
1726 2468 1920 2541 epistolarum

215 2551 288 2609 nihii
303 2554 349 2608 est
362 2564 492 2607 necesse.
507 2548 649 2603 ueterum
664 2552 783 2603 sanetus
798 2547 906 2620 pressu}
929 2552 1039 2605 attenta
1094 2549 1202 2605 Sabino
1217 2551 1312 2606 amico
1328 2568 1381 2607 sno
1397 2556 1425 2607 et
1440 2553 1578 2609 familiari
1607 2556 1716 2629 scripta
1744 2573 1919 2629 cognoscere

214 2640 404 2697 considerans
414 2634 612 2711 gubernacula
626 2636 690 2706 ejus
702 2635 836 2691 Ecclesire
849 2634 905 2692 sibi
918 2637 1035 2692 eredita.
1093 2642 1137 2692 est
1153 2655 1160 2705 ;
1177 2638 1207 2692 in
1227 2655 1259 2692 ea
1276 2639 1384 2710 quippe
1399 2638 1460 2695 haec
1473 2642 1561 2697 uerba
1576 2640 1703 2715 legimus
1719 2660 1726 2699 ε
1753 2646 1811 2701 Non
1839 2647 1917 2702 enim

215 2744 304 2802 quam
319 2727 492 2796 buxentina,
508 2726 557 2799 qui
573 2740 639 2781 eam
654 2724 887 2780 totositlannos
911 2740 1037 2797 occupa·
1091 2725 1225 2781 dictamnus
1249 2728 1353 2793 omnia,
1373 2730 1533 2785 etmaeime
1559 2732 1693 2800 noctibus,
1709 2733 1804 2805 quibus
1827 2734 1913 2790 uolu-

214 2822 305 2885 usrat,
321 2816 496 2873 Ariauorum
512 2814 684 2887 dogmatum
698 2828 809 2869 veneno
825 2812 942 2869 inlicere
957 2813 1036 2867 omni
1091 2830 1152 2868 mus
1166 2815 1232 2869 aliis
1246 2831 1342 2884 qraucs
1352 2832 1410 2872 esse
1437 2833 1469 2872 ac
1483 2808 1593 2874 molesti
1607 2820 1703 2893 (epist.
1719 2822 1763 2888 47,
1780 2839 1862 2878 num.
1878 2825 1917 2896 l).

215 2904 539 2981 opsconotusiuerst3
568 2919 584 2959 s
612 2900 758 2958 contrario
784 2901 847 2973 ipse
878 2901 1037 2957 arbitratus
1091 2904 1186 2975 Atque
1201 2903 1241 2958 ita
1256 2902 1306 2975 qui
1321 2903 1414 2960 labori
1443 2910 1832 2983 suonunquamparcebat,
1850 2928 1918 2985 par·

109 3006 113 3011 ’
215 2990 957 3060 eatsibinervisomnibusesseoounitendum,ut
978 3006 1036 3046 non
1091 2991 1176 3047 cebet
1205 2990 1309 3047 alieno.
1340 2992 1502 3065 Quaproter
1530 3011 1597 3051 cum
1627 2997 1768 3056 acerrimo
1799 2998 1918 3075 ingenio

215 3084 303 3143 modo
327 3082 459 3155 ejusdem
473 3082 585 3137 Ariane
601 3079 762 3147 dementis,
779 3080 830 3135 sed
847 3084 875 3135 et
903 3078 1035 3135 omnium
1091 3080 1230 3151 preditus
1258 3085 1335 3137 esset
1348 3085 1377 3137 et
1405 3082 1630 3141 humanioribus
1660 3083 1766 3143 litteris
1782 3088 1919 3163 apprime

215 3173 339 3231 aliarum
349 3172 496 3228 hereseon
511 3186 600 3243 prava
609 3168 742 3242 germina
750 3166 884 3239 stirpitus
900 3184 935 3225 er
945 3184 1036 3241 popuu
1052 3151 1074 3218 C
1092 3168 1255 3238 institutus,
1278 3170 1405 3226 maxime
1430 3186 1499 3227 vero
1514 3174 1630 3239 Grecis,
1661 3174 1813 3247 inquibus
1840 3178 1919 3246 inter

215 3264 310 3320 lorum
325 3260 473 3322 mentibus
488 3258 633 3325 evelleret,
649 3255 807 3313 Pastoralis
835 3256 926 3328 hujus
957 3256 1037 3312 solli·
1088 3257 1210 3314 Latinos
1224 3258 1325 3315 Patres
1341 3259 1392 3314 uni
1409 3260 1585 3331 Hieronymo
1602 3263 1712 3335 primas
1728 3266 1917 3334 concedebat,

213 3350 353 3409 situdinis
367 3350 502 3406 stinctum
525 3345 682 3403 declaravit
695 3350 815 3401 sanctus
843 3345 1038 3417 Hieronymus
1092 3347 1201 3403 mirum
1227 3364 1285 3403 nou
1299 3346 1456 3416 videbitur,
1471 3348 1496 3405 si
1513 3348 1643 3418 Petrum,
1660 3354 1721 3407 tam
1748 3352 1917 3411 Graecorum

213 3442 244 3498 in
259 3440 310 3497 illa
322 3440 409 3497 verbs
424 3443 507 3494 :Post
521 3436 664 3502 iuuenili,
684 3434 791 3505 inquit,
807 3449 897 3490 seram
910 3442 1035 3501 martem,
1091 3452 1179 3507 quarn
1206 3435 1387 3507 Latinorum,
1417 3438 1556 3509 operibus
1581 3438 1829 3497 indelessamanu
1851 3441 1916 3498 vol-

212 3530 359 3589 lisdioiani
383 3527 524 3584 Ambrosie
548 3525 703 3591 constituto,
719 3524 808 3580 omnis
835 3523 870 3577 ad
887 3522 966 3593 tidem
995 3540 1036 3579 re·
1089 3524 1201 3591 vendis,
1217 3528 1246 3579 et
1261 3524 1354 3579 sacris
1369 3525 1524 3598 utriusque
1538 3524 1645 3598 lingua
1661 3528 1812 3585 codicibus
1837 3530 1916 3587 inter

211 3622 283 3677 ctam
296 3619 380 3676 ltalia
393 3617 563 3675 conuertitur
586 3612 713 3686 (Hieron,
730 3612 761 3668 ia
781 3612 905 3685 cirron).
922 3614 1034 3669 Tantus
1090 3612 1330 3680 seconierendis‚
1359 3617 1456 3669 tantos
1485 3630 1659 3688 progressus
1687 3620 1747 3672 tam
1763 3617 1842 3674 brevi
1863 3618 1917 3674 ba·

211 3713 308 3767 autem
323 3707 374 3771 ille
388 3720 542 3764 mcoessus
558 3719 591 3759 eo
615 3700 731 3775 dignior
759 3706 804 3757 est
829 3700 1033 3775 admiratione,
1089 3702 1193 3758 buerit.
1210 3702 1282 3757 Nam
1300 3702 1377 3775 quod
1389 3704 1540 3759 contendit
1555 3721 1681 3778 magnus
1696 3705 1853 3762 cardinalis
1869 3707 1914 3781 (iu

211 3814 268 3871 quo
293 3794 437 3855 sd'iilum
466 3790 687 3866 adipiscendum
717 3790 842 3847 breviori
871 3790 965 3863 spatio
991 3792 1034 3847 vir
1090 3791 1149 3847 Vita
1162 3791 1253 3846 Ambr.
1266 3796 1296 3847 ct
1310 3792 1341 3846 in
1353 3792 1425 3847 Anu.
1443 3792 1479 3848 ad
1492 3810 1559 3848 ann.
1576 3794 1630 3849 375
1644 3797 1672 3851 et
1699 3794 1773 3867 385),
1802 3794 1914 3852 Dama-

210 3890 330 3945 sanotus
345 3884 473 3960 indiguit
489 3900 496 3953 ;
513 3885 575 3956 ipse
590 3881 736 3953 siqnidem
766 3895 817 3951 per
831 3879 942 3935 Ariana
959 3883 1032 3936 tem·
1088 3896 1154 3937 sum
1170 3885 1250 3953 pont.
1267 3897 1344 3936 max.
1363 3881 1413 3937 ubi
1434 3882 1577 3955 comperit
1590 3884 1736 3939 Ambrosii
1752 3882 1847 3939 adhuc
1862 3902 1913 3944 ea-

209 3975 333 4049 psststis
348 3979 490 4047 tempora,
507 3972 537 4027 id
552 3974 597 4027 est
611 3985 688 4026 anno
703 3968 757 4023 385
772 3972 823 4023 nat
833 3968 896 4035 386,
914 3968 958 4025 sic
968 3970 1032 4041 jam
1085 3968 1248 4026 tschumini
1257 3969 1439 4039 electionem,
1452 3970 1688 4043 simplicianum,
1704 3974 1833 4045 quicum
1850 3974 1913 4045 pri·

208 4064 356 4122 scribebat
371 4080 378 4118 ε
395 4062 510 4117 Prodire
523 4060 556 4115 de
569 4059 680 4114 Artatus
695 4057 791 4111 nullus
813 4054 940 4127 audebat,
966 4060 1032 4129 quia
1086 4060 1144 4114 mis
1158 4058 1343 4130 episcopatus
1357 4062 1402 4114 sui
1418 4059 1504 4115 annis
1517 4060 1547 4115 in
1562 4060 1759 4117 ecclesiastica
1787 4062 1915 4118 seientia

207 4148 580 4225 necquicquamdaeiuibus
593 4148 663 4213 erat,
677 4146 1029 4219 puucidesamilinrepiu,
1086 4148 1224 4216 erudiret,
1241 4146 1439 4203 Mediolanum
1459 4148 1586 4217 misisse,
1608 4150 1687 4205 haud
1703 4150 1775 4206 satis
1804 4149 1913 4207 idoneo

207 4241 340 4297 nonnulli
364 4240 449 4296 etiam
464 4235 542 4293 Gotbi
554 4236 652 4307 (epist.
669 4237 715 4303 20,
730 4250 811 4292 num.
843 4236 886 4290 12.
904 4235 963 4291 Hoc
991 4237 1031 4292 si·
1086 4235 1393 4292 nitituriundamento
1410 4254 1418 4304 ;
1435 4237 1512 4309 quod
1529 4237 1607 4293 enim
1622 4236 1795 4293 Ambrosius
1826 4255 1915 4296 suam

208 4324 676 4398 militertsmporeAugustiuum
693 4324 950 4379 aMauichaeorum
966 4341 1029 4381 cos·
1085 4326 1122 4381 ad
1141 4325 1277 4381 eumdem
1306 4322 1532 4397 Simplicianum
1562 4325 1716 4397 epistolam
1744 4326 1791 4382 his
1811 4327 1913 4385 verbis

208 4415 292 4475 sibus
305 4414 439 4474 liberavit
454 4418 574 4471 sanctus
589 4412 712 4469 antistes
729 4428 735 4467 :
753 4428 847 4484 neque
862 4413 951 4469 etiam
974 4415 1029 4469 du·
1085 4413 1283 4470 concluserit:
1300 4414 1352 4469 Nos
1363 4416 1489 4487 parentis
1502 4414 1604 4488 affectu
1627 4415 1712 4487 diliqc
1723 4414 1818 4488 (epist.
1835 4416 1884 4489 65)
1903 4435 1912 4487 ;

207 4504 398 4563 bitaverimus
414 4502 513 4577 plures
528 4502 601 4559 alios
617 4519 674 4558 non
690 4506 749 4558 tam
766 4501 929 4574 pervicaces
941 4519 1029 4576 quam
1046 4520 1070 4584 Ι)
1086 4507 1114 4560 et
1125 4502 1308 4576 Augustinus
1323 4502 1423 4575 ipsum
1440 4503 1574 4559 vocitarit
1586 4508 1693 4575 putrem
1707 4506 1738 4560 in
1749 4504 1913 4577 accipienda

206 4592 586 4669 Augustinum,Ambrosio
606 4592 666 4664 jam
682 4594 749 4647 ante
778 4590 914 4649 debuisse
943 4592 1030 4665 primi
1086 4594 1178 4663 pratia
1201 4596 1266 4648 tunc
1293 4592 1412 4665 episcopi
1436 4593 1582 4662 Ambrosii,
1598 4602 1625 4650 et
1645 4602 1840 4666 quemuereut
1864 4613 1918 4668 pa-

206 4682 252 4741 sui
267 4683 375 4741 erroris
390 4680 603 4755 depulsionem.
981 4696 982 4699 ¹
1085 4685 1156 4738 trem
1180 4680 1314 4751 diliaebat
1342 4680 1474 4754 (August.
1492 4680 1511 4736 l.
1540 4698 1592 4737 mn
1621 4681 1698 4753 Cani.
1719 4699 1783 4756 cap.
1798 4682 1850 4755 2);
1883 4682 1915 4739 id

240 4771 285 4829 it.
300 4771 508 4829 Verumtamen
533 4768 692 4827 uberesilli
719 4768 831 4825 iunctus
846 4784 952 4842 magno
968 4773 1029 4826 stu·
1086 4769 1204 4827 aliunde
1220 4787 1279 4825 non
1303 4786 1368 4826 esse
1384 4770 1494 4826 iactum
1506 4771 1569 4842 jam
1598 4771 1791 4841 ostendimus,
1821 4788 1916 4844 quam

205 4861 253 4918 dio
273 4859 435 4933 multisque
461 4859 611 4916 laboribus
627 4857 783 4915 constitere
800 4875 872 4914 novo
888 4858 1004 4929 praesuli
1022 4875 1028 4925 ;
1084 4860 1155 4932 quia
1174 4858 1258 4915 illum
1273 4858 1351 4915 idern
1366 4860 1518 4931 presbyter
1533 4858 1629 4915 adhuc
1640 4860 1777 4931 juvenem
1806 4861 1915 4934 primis

204 4966 273 5006 nom
288 4948 355 5007 licet
369 4966 387 5005 a
402 4949 488 5006 nobis
501 4949 687 5005 observatum
704 4946 743 5002 sit
758 4946 929 5003 liberalibus
945 4946 1029 5003 illum
1085 4950 1208 5005 sortasse
1221 4946 1373 5021 religionis
1388 4946 1540 5004 elementis
1556 4949 1654 5009 Roma
1683 4948 1838 5014 imbuerat,
1866 4950 1916 5007 vel

204 5037 310 5095 litteris
325 5054 359 5094 no
374 5038 540 5109 disciplinis
559 5038 595 5091 ab
623 5035 819 5092 adolescentis
852 5036 1028 5092 instructum
1084 5037 1236 5109 quiscum
1252 5041 1319 5108 post
1334 5035 1503 5093 electionem
1520 5037 1556 5093 ad
1576 5042 1761 5094 sacramenta
1787 5053 1911 5111 regens-

204 5124 548 5191 iuisse,ecclesiasticam
575 5114 671 5180 tamen
699 5125 871 5192 doctrinam,
902 5141 968 5179 curn
992 5126 1027 5181 sd
1083 5126 1205 5182 rationis
1234 5126 1489 5197 ordinationisque
1514 5127 1703 5201 suscipiende
1719 5139 1826 5200 parare·
1842 5132 1915 5187 stu.-

205 5212 406 5286 episcopatum
422 5218 574 5284 provectus
586 5214 649 5276 tuit,
665 5212 691 5269 ei
703 5212 831 5267 defuisse
842 5212 962 5285 negabit
978 5229 1028 5269 ne·
1083 5214 1195 5271 duerat.

205 5300 716 5373 mo.Utigiturhaucscientiamsibi
738 5301 1028 5373 compararet,quid·
1120 5305 1163 5358 17.
1180 5302 1236 5375 (An
1250 5302 1325 5374 375).
1341 5302 1513 5360 Ambrosius
1528 5306 1729 5378 comparandae
1742 5321 1838 5363 rerum
1867 5322 1918 5363 ec-

204 5380 1030 5464 quidtem‘porissibiauegotiismunerissui,autneeessa·
1084 5390 1326 5460 alesiasticarum,
1347 5395 1375 5446 et
1402 5392 1618 5467 Scripturarum
1645 5395 1832 5467 potissimum
1860 5412 1917 5452 co-

205 5478 594 5553 riaaorporiscuravacuum
604 5478 845 5548 erat,innredibili
856 5478 1029 5537 assiduitate
1082 5480 1208 5555 gnitioni
1222 5496 1282 5537 non
1297 5479 1354 5536 alio
1369 5480 1491 5538 consilio
1520 5482 1693 5551 desudabat,
1722 5483 1779 5539 nisi
1796 5488 1829 5540 ut
1855 5482 1915 5541 im-

204 5567 358 5653 scripsere
378 5585 467 5634 sacre
492 5569 677 5632 meditationi
704 5573 800 5633 mlum
828 5568 1027 5655 impendebat.
1082 5568 1408 5651 plerepassstdootoris
1419 5571 1795 5654 munas,qusmsdmodunr
1811 5573 1917 5651 aperte
