4159 6184
130 337 133 344 ’
208 319 269 390 tto
813 365 815 372 .
935 317 969 380 8.
992 310 1181 382 suunosn
1851 309 1918 381 Μ

210 451 545 535 quam'misericordla'm
561 453 698 532 magnam
711 452 836 514 voluerit
863 453 1029 528 designare.
1046 455 1074 519 Α
1089 450 1181 508 virtus
1196 447 1302 510 calum
1327 449 1469 521 condidit,
1497 451 1600 528 utinm
1627 465 1738 528 magna
1765 449 1918 525 sapientia

209 547 484 624 Legimusonlmin
514 551 615 606 annoto
644 545 815 605 Hieremia:
846 568 861 597 a
889 544 962 612 ouis
989 559 1031 613 es,
1088 543 1194 598 roelum
1209 539 1352 612 condidit,
1367 541 1438 617 quia
1455 543 1600 618 scriptum
1623 548 1724 601 est:«
1749 540 1858 600 Omnia
1883 541 1918 597 in

208 637 417 696 &minetlu
434 635 527 694 fecisti
542 635 647 692 culum
676 640 706 692 et
732 633 896 702 terram‚iu
926 647 1034 707 magna
1089 623 1342 704 sapientiaiecisti
1357 631 1442 706 (Prot.
1457 634 1589 706 cunti).
1607 655 1621 682 o

207 726 315 783 virtute
328 729 391 790 tun,
406 729 435 783 et
449 724 569 782 brachio
585 723 700 781 excelso
719 725 828 798 (terere
843 739 932 792 xxxii,
948 724 1000 792 17).
1018 743 1032 770 o
1121 721 1167 776 ut.
1184 719 1347 778 uidioimus
1359 719 1451 796 igitur
1464 737 1528 796 qun
1544 738 1652 796 magua
1665 722 1704 779 sit
1717 721 1822 788 vimus,
1834 717 1922 776 colli·

206 815 309 872 Virtus
323 831 392 890 ergo
405 829 512 887 magna
527 812 633 870 omium
664 813 740 870 lecit.
770 814 839 880 Qua
867 815 913 868 est
938 811 1033 867 virtus
1088 824 1364 884 gamusnunoqan
1380 809 1765 884 maguasitmisericordia.
1785 810 1815 866 Si
1847 825 1919 866 ma-

209 921 317 978 mngnn
334 923 341 972 ;
368 903 472 972 Patris,
489 919 525 958 an
554 901 649 958 Filii?
677 903 783 976 Magna
809 901 910 975 utique
939 898 1032 957 Patris
1087 912 1146 977 gna
1158 896 1253 954 virtus
1268 897 1356 956 ciclos
1371 899 1448 968 lecit,
1464 903 1494 957 ct
1507 915 1616 974 magns
1629 898 1830 957 misericordia
1859 898 1920 953 de·

207 991 540 1065 cirtussst,ipaeenim
557 1008 609 1065 per
636 990 742 1048 Filium
770 989 875 1047 roelum
910 989 978 1046 lecit
1004 991 1034 1046 ei
1087 985 1409 1055 betnssedoomlo,st
1429 989 1766 1063 magnajustitisdebet
1793 1003 1861 1045 esse
1875 986 1920 1042 de

208 1087 329 1146 terram,
346 1080 423 1138 siout
437 1081 529 1138 babes
545 1098 552 1136 ε
569 1104 583 1132 «
598 1081 628 1137 In
646 1080 790 1154 principio
802 1080 870 1136 lecit
885 1083 960 1135 Deus
975 1094 1033 1133 ore-
1087 1073 1171 1142 caelo,
1183 1075 1302 1146 iustitia
1316 1077 1396 1134 euim
1409 1079 1446 1135 de
1460 1077 1532 1136 coelo
1546 1079 1705 1152 prospexit,
1734 1083 1764 1135 et
1792 1075 1919 1132 miseri-

207 1169 619 1241 lurnetterram(Gen.1‚l).
638 1191 653 1217 u
673 1168 729 1224 Sed
758 1172 855 1224 tamon
885 1171 914 1224 ct
941 1166 1032 1224 Filius
1087 1162 1405 1223 cordiavoniteorclo.
1430 1167 1618 1242 Magnaergo
1645 1167 1722 1224 tacte
1746 1163 1919 1222 misericor-

208 1259 493 1334 magnavirtusest.
510 1259 583 1314 Nam
603 1273 669 1314 oum
697 1258 834 1315 virtutem
864 1253 958 1313 Patris
986 1255 1031 1312 ii-
1089 1250 1146 1321 dia,
1161 1253 1231 1325 quia
1247 1276 1262 1305 n
1277 1255 1403 1313 Verbum
1419 1271 1486 1313 caro
1501 1256 1613 1313 iactum
1629 1259 1684 1325 est,
1711 1259 1742 1312 et
1765 1253 1918 1311 habitavit

208 1348 281 1405 lium
296 1345 414 1421 legaris,
431 1347 506 1404 sicul
518 1347 609 1403 habes
623 1346 772 1404 Christum
790 1345 838 1403 Dei
857 1345 1031 1418 sapientiam
1087 1339 1119 1397 in
1135 1341 1220 1398 nobis
1235 1343 1324 1416 (lena.
1341 1361 1361 1414 1,
1378 1345 1433 1417 ill.
1449 1366 1464 1396 »ι
1480 1345 1555 1420 llrgo
1570 1361 1680 1418 magna
1701 1344 1796 1400 virtus
1820 1341 1918 1399 creles

207 1438 447 1510 atquevirtutem
466 1435 564 1508 (lCor.
582 1454 602 1505 1,
626 1435 683 1508 et),
713 1435 815 1509 utique
843 1449 910 1492 cnm
938 1433 1032 1489 uirtus
1087 1429 1398 1504 lsoit‚magnavirtus
1426 1433 1514 1492 coelos
1541 1433 1702 1503 inclinavit,
1732 1432 1809 1488 sicut
1837 1430 1917 1504 legi·

208 1525 302 1584 l’atris
318 1525 409 1582 l'ilius
424 1525 472 1593 sit,
489 1541 597 1600 magun
607 1525 700 1582 virtus
715 1529 760 1582 est
776 1524 877 1581 Filius.
888 1522 1031 1590 Quemad-
1087 1534 1175 1575 mus:
1191 1541 1206 1570 n
1221 1520 1256 1575 Et
1270 1520 1423 1578 inclinarit
1435 1521 1523 1579 coelos
1537 1526 1566 1579 et
1580 1521 1827 1593 descendittt’scl.
1839 1536 1916 1587 nvn,

209 1615 329 1672 modum
345 1614 436 1688 igitur
450 1614 635 1688 omnipotens
656 1615 828 1688 denegatur,
843 1629 932 1686 quem
960 1611 1031 1667 latn-
1088 1607 1171 1676 m).-
1195 1607 1258 1672 Ouo
1285 1608 1450 1667 ostenditur
1477 1625 1630 1684 nunquam
1658 1608 1821 1666 divinitatis
1850 1625 1918 1664 suae

207 1719 275 1761 mur
288 1719 426 1778 magnam
442 1702 491 1760 Dei
508 1719 573 1760 esse
586 1702 751 1758 virtutem?
772 1703 837 1760 llam
851 1702 942 1775 igitur
968 1716 1029 1758 ma-
1086 1711 1187 1754 easors
1204 1697 1296 1755 inissa
1312 1698 1362 1756 llei
1376 1698 1480 1767 Filius,
1496 1716 1549 1757 nec
1575 1717 1643 1757 cum
1670 1698 1746 1756 inter
1772 1697 1918 1756 homines

207 1807 265 1867 gna
278 1792 373 1850 virtus
387 1791 492 1848 coelum
509 1791 587 1861 iecit,
604 1789 675 1864 quia
689 1790 794 1847 omium
810 1789 877 1847 lecit
892 1788 1031 1859 ciiiilius,
1086 1789 1261 1855 venaretur,
1277 1788 1418 1860 quoniam
1432 1788 1489 1848 etsi
1503 1789 1634 1863 suscepit
1654 1789 1732 1863 quod
1749 1805 1808 1845 non
1834 1791 1916 1856 erat,

207 1881 284 1939 siem
298 1880 389 1937 babes
404 1897 411 1936 ε
428 1903 443 1932 a
459 1879 741 1953 Omniaperipsum
756 1880 918 1936 factasunt
938 1878 1029 1952 (ioan.
1086 1890 1143 1930 uon
1158 1873 1272 1931 destitit
1286 1879 1384 1934 tamen
1413 1893 1479 1935 osse
1507 1878 1586 1951 quod
1607 1882 1679 1936 erat.
1710 1878 1810 1950 ltaque
1839 1891 1916 1932 cum

207 1989 229 2042 r,
242 1971 281 2043 3).
300 1993 314 2019 a
329 1969 403 2043 llrgo
418 1968 442 2027 si
458 1973 487 2026 et
502 1969 586 2026 Pater
600 1968 668 2024 lecit
682 1973 710 2025 st
726 1968 828 2036 Filius,
843 1967 946 2041 utique
962 1966 1030 2023 lacti
1084 1961 1192 2020 dieitur
1208 1979 1214 2018 :
1230 1986 1245 2013 a
1262 1964 1296 2020 llt
1311 1964 1465 2023 inclinavit
1486 1965 1585 2035 wios,
1602 1971 1633 2024 at
1660 1965 1822 2034 descendit,
1849 1981 1915 2022 non

207 2059 305 2116 unitas
317 2057 496 2132 operationis
510 2056 621 2115 indicat
635 2057 789 2114 unitatem.
806 2057 868 2112 Non
882 2072 951 2130 orgo
965 2071 1031 2129 ope·
1084 2056 1146 2109 tam
1160 2052 1276 2109 videtur
1290 2053 1326 2110 de
1340 2053 1412 2112 cmlo
1427 2055 1615 2114 descendisse
1635 2055 1702 2128 (32),
1730 2071 1819 2128 quam
1842 2053 1916 2128 ipso

208 2148 283 2206 ratio
299 2147 393 2204 Patris
408 2149 436 2202 et
452 2144 516 2203 Filii
531 2145 687 2217 discrepat.
704 2144 734 2200 Si
750 2148 847 2201 autem
875 2159 935 2202 una
962 2159 1030 2216 ope·
1085 2140 1272 2198 descendisse
1286 2157 1354 2200 oum
1378 2143 1460 2201 cralo.
1489 2145 1562 2201 Nam
1590 2161 1659 2201 curn
1688 2145 1774 2202 Pater
1800 2142 1916 2200 Filium

209 2237 294 2303 ratio,
323 2251 382 2292 nna
410 2234 512 2307 utique
540 2233 717 2308 operationis
743 2237 884 2307 potestas,
912 2239 938 2290 et
967 2247 1030 2287 rna·
1085 2227 1282 2303 alloqueretur
1291 2217 1326 2288 in
1347 2231 1433 2290 terris
1452 2233 1553 2302 situm,
1569 2232 1665 2307 angeli
1694 2231 1914 2300 ministrarent,

203 2327 298 2400 jesias
326 2339 385 2381 una
414 2323 556 2380 iacturum
585 2327 639 2380 est.
669 2321 735 2380 llaec
763 2323 799 2379 de
828 2322 912 2380 Patre
940 2326 970 2379 at
984 2320 1030 2377 pi.
1085 2334 1144 2374 nou
1159 2323 1219 2376 tam
1234 2321 1367 2378 mutasse
1377 2321 1493 2379 videtur
1507 2322 1607 2380 sedem
1622 2321 1673 2380 Dei
1687 2320 1790 2388 Filius,
1815 2337 1917 2394 quam

206 2413 257 2472 lio.
1084 2407 1282 2466 transtulisse.
1297 2409 1372 2483 drgo
1386 2409 1546 2470 didicimus
1561 2425 1699 2486 magnam
1714 2425 1780 2469 ease
1793 2409 1917 2467 miseri·

243 2503 288 2562 03.
309 2501 383 2569 onio
418 2517 487 2575 orgo
514 2499 636 2557 silemus
656 2501 691 2557 de
719 2499 840 2573 Spiritu,
868 2497 1030 2572 presertim
1084 2496 1224 2554 cordiam.

208 2607 275 2650 enm
290 2589 442 2664 Scriptura
456 2605 512 2646 nos
526 2587 627 2648 divina
640 2604 698 2645 nou
714 2585 843 2662 patiatur
856 2587 943 2645 silere
954 2586 969 2643 l
979 2590 1032 2644 Dat
1120 2585 1165 2644 65.
1182 2586 1284 2660 ltaque
1298 2587 1324 2644 si
1340 2603 1449 2663 magna
1462 2589 1665 2647 misericordia
1677 2593 1724 2646 ost
1737 2589 1933 2668 descendis--

208 2680 286 2738 anim
300 2678 383 2736 locus
398 2676 684 2752 opportunissimum
699 2675 900 2734 testimonium
911 2676 948 2734 ad
963 2692 1030 2732 san·
1086 2689 1119 2730 se
1131 2674 1168 2732 de
1180 2674 1262 2742 cralo,
1278 2693 1343 2750 qua
1358 2676 1397 2734 sit
1424 2677 1582 2735 multitudo
1611 2677 1834 2735 miserationum
1851 2678 1917 2734 dia-

208 2768 246 2827 cti
261 2767 391 2841 Spiritus
415 2767 558 2824 unitatem
588 2782 656 2823 oum
685 2765 768 2823 Patre
795 2769 825 2822 et
853 2765 925 2822 l'ilio
955 2766 1032 2822 280
1084 2762 1218 2836 tinguere
1258 2769 1347 2838 atque
1388 2764 1551 2840 intelligere
1590 2767 1742 2824 debemus.
1772 2766 1920 2840 Sequitur

209 2855 469 2930 comprobandam,
486 2857 520 2911 ut
533 2856 598 2927 ejus
621 2869 738 2928 quoque
767 2854 966 2928 operationem
995 2853 1032 2910 ab
1085 2849 1165 2907 enim
1182 2867 1189 2906 ε
1206 2853 1438 2911 «disecundum
1457 2854 1676 2912 multitudinem
1685 2855 1918 2913 miserationum

209 2959 296 3020 opere
310 2943 406 3002 Patris
420 2946 449 3000 et
469 2942 534 3000 Filii
553 2941 712 3002 dissociare
740 2958 932 3016 nequeamus.
949 2941 1033 3015 Legi·
1085 2941 1206 2996 tuarum
1220 2940 1286 2998 dela
1299 2934 1488 3016 iniquitatem
1504 2945 1702 3015 meam(1’sol.
1719 2963 1745 3013 n,
1760 2945 1800 3017 3).
1817 2967 1829 2997 ι
1848 2944 1918 3001 lion

209 3047 277 3090 mua
299 3030 377 3088 euim
405 3047 543 3103 magnam
567 3032 703 3091 virtutem
732 3031 827 3088 Petris
855 3047 930 3099 csse,
954 3029 1032 3102 quod
1087 3028 1167 3085 enim
1183 3027 1263 3087 idem
1278 3029 1426 3105 significat
1440 3033 1765 3106 utsrqnooorsioulus;
1793 3034 1847 3090 sed
1875 3032 1920 3090 il·

209 3120 315 3179 omium
332 3119 419 3178 iecit:
436 3135 573 3194 magnam
588 3119 727 3177 virtutem
741 3120 832 3176 etiam
856 3119 962 3176 l'ilium
986 3133 1032 3178 es·
1086 3114 1137 3172 lud
1153 3116 1189 3173 sd
1205 3116 1436 3178 incarnationem
1458 3121 1591 3189 rotamur,
1607 3121 1662 3178 hoc
1685 3137 1755 3178 vero
1769 3121 1850 3195 quod
1865 3137 1919 3178 aa·

209 3226 252 3277 se,
267 3208 407 3282 quoniam
423 3207 530 3266 coelum
546 3209 614 3266 iecit
629 3227 636 3277 ;
652 3224 707 3264 nec
736 3207 831 3264 solum
860 3208 950 3266 lecit:
979 3209 1030 3265 sed
1046 3188 1070 3257 G
1087 3204 1199 3277 quitur,
1214 3207 1250 3262 ad
1265 3221 1316 3265 ena
1330 3209 1515 3266 referendum
1528 3209 1646 3267 videtur
1663 3227 1737 3283 quas
1752 3209 1919 3268 DeiFilius

208 3297 296 3356 stiam
311 3297 438 3364 llrmnvit
453 3313 460 3352 ε
478 3318 494 3347 a
503 3297 598 3356 Verbo
614 3297 694 3354 enim
711 3297 825 3355 Domini
844 3295 908 3354 omli
924 3297 1032 3354 llrmati
1086 3291 1117 3350 in
1128 3310 1215 3351 carne
1229 3297 1360 3372 suscepit
1373 3297 1509 3371 iniurias,
1524 3298 1758 3373 quiajejuunsit,
1771 3298 1919 3372 quiam

208 3391 280 3445 sunt
294 3387 380 3458 (Prot.
396 3402 486 3450 xxxin,
502 3385 541 3457 a).
561 3408 575 3435 a
589 3385 665 3459 llrgo
685 3385 709 3444 si
737 3388 766 3442 et
793 3384 897 3442 iecisse
924 3389 953 3443 et
980 3386 1032 3442 tir·
1087 3380 1146 3449 riit,
1162 3383 1234 3457 quia
1260 3385 1348 3454 flevit,
1364 3387 1435 3460 quia
1461 3385 1620 3462 vapulavit,
1644 3387 1715 3460 qnia
1742 3387 1917 3455 crucifixus,

208 3489 306 3532 masse
321 3473 427 3532 ooelum
443 3488 555 3548 magun
569 3473 687 3536 virtutis
701 3477 756 3542 est,
773 3474 861 3531 otiam
889 3474 1032 3550 spiritum
1088 3470 1318 3545 quiamortuus,
1347 3475 1636 3549 quiasepultuaest.
1653 3478 1717 3534 lino
1744 3476 1823 3534 enim
1851 3465 1919 3533 carss

208 3566 344 3621 sanctum
360 3579 377 3620 a
391 3562 543 3635 majemme
557 3578 670 3638 magna
684 3563 803 3621 viantis
817 3579 952 3639 separare
974 3582 1032 3624 non
1088 3559 1147 3629 uis,
1161 3576 1219 3618 non
1234 3562 1398 3622 divinitatis
1412 3562 1542 3638 insignia
1560 3569 1640 3622 sunt.
1655 3566 1690 3622 nt
1712 3565 1918 3622 necessarium

207 3666 379 3725 possumus,
396 3650 467 3723 quia
480 3650 624 3725 scriptum
639 3656 707 3710 est:
737 3675 751 3704 a
777 3653 812 3710 lit
839 3653 944 3727 spiritu
973 3654 1032 3711 oris
1087 3647 1154 3721 suit,
1169 3653 1204 3706 ut
1216 3667 1417 3710 erumnarum
1432 3652 1658 3711 multitudinem
1685 3653 1918 3710 miserationum

208 3739 383 3813 ejusomnls
397 3739 491 3796 virtus
520 3755 623 3798 sorum
652 3741 746 3814 (ibid).
764 3763 778 3792 a
806 3743 938 3816 Namque
964 3759 1032 3800 oum
1088 3735 1248 3797 multitudo
1262 3739 1431 3814 depelleret,
1461 3741 1617 3816 profutura
1645 3741 1729 3799 nobis
1755 3739 1918 3800 Dominicn

209 3829 316 3888 nulum
330 3829 413 3886 tieret
426 3833 456 3887 et
470 3833 557 3901 terra,
573 3830 811 3903 superierebatur
834 3830 972 3904 Spiritus.
998 3833 1035 3890 de
1087 3827 1248 3885 certamine
1260 3828 1418 3901 passionis.

210 3935 268 3992 quo
282 3917 352 3974 alibi
376 3918 418 3974 sit
445 3917 587 3991 propheta
613 3917 730 3977 David:
759 3941 774 3970 n
804 3919 913 3977 Emitte
944 3920 1034 3994 Spiri-
1129 3916 1202 3973 tat
1220 3918 1265 3974 dd.
1281 3916 1345 3976 Non
1369 3918 1449 3975 enim
1464 3935 1519 3977 sua
1546 3923 1664 3994 peccata
1691 3920 1816 3986 delebat,
1845 3921 1920 3994 quia

209 4011 274 4064 tum
288 4010 384 4073 tuum,
399 4009 429 4062 et
442 4007 621 4064 creabuntur
634 4009 720 4076 (Pani.
736 4025 796 4076 cin,
811 4007 869 4077 30).
887 4030 902 4059 a
918 4013 956 4065 De
976 4026 1033 4082 quo
1088 4012 1242 4084 paccatum
1257 4005 1373 4065 nullum
1389 4007 1497 4064 iseorat
1511 4025 1520 4077 ς
1536 4008 1588 4065 sed
1603 4007 1675 4080 qnia
1702 4012 1857 4082 peccatum
1874 4009 1916 4067 ia·

209 4095 298 4153 etiam
326 4094 398 4153 alibi
426 4095 521 4152 dixit:
565 4117 579 4146 a
615 4095 759 4162 Quoniam
800 4097 903 4154 videbo
945 4096 1034 4154 scelos
1088 4103 1155 4156 otus
1168 4100 1224 4167 est,
1240 4095 1342 4152 nocua
1355 4099 1441 4152 eraut
1452 4095 1579 4154 delenda
1593 4102 1723 4170 peccata,
1733 4097 1812 4154 sicut
1824 4097 1916 4154 David

209 4188 289 4251 tuos.
310 4199 400 4258 opera
426 4184 587 4258 digitorum
618 4189 737 4242 tuorum
766 4185 851 4258 (Psoi.
876 4201 937 4254 vin,
964 4187 1000 4258 t).
1018 4207 1033 4236 o
1088 4188 1163 4245 dixit
1179 4203 1187 4242 ι
1203 4206 1218 4236 a
1234 4182 1303 4243 Dela
1316 4182 1506 4257 iniquitatem
1519 4185 1747 4250 meam.»0uid
1762 4189 1808 4242 ost
1829 4185 1918 4242 dele!

210 4272 273 4330 Non
290 4273 368 4329 enim
383 4270 586 4345 corporalibus
599 4272 701 4346 digitis
716 4273 794 4330 Deus
807 4272 913 4331 calum
925 4274 993 4332 iecit
1006 4278 1036 4332 et
1088 4275 1250 4332 Videamus
1264 4273 1320 4330 boo
1332 4273 1454 4329 verbum
1471 4290 1479 4342 ς
1496 4289 1554 4330 non
1564 4273 1644 4330 onim
1657 4273 1785 4332 odorum
1797 4278 1854 4332 est.
1865 4274 1918 4331 lle

211 4365 320 4417 terram
337 4378 344 4416 ε
362 4361 413 4418 sod
428 4360 551 4434 spiritus
565 4361 659 4436 grstia
674 4363 863 4436 septiformis,
892 4363 941 4421 illo
955 4363 1034 4420 vide·
1090 4363 1181 4437 nique
1189 4365 1220 4420 et
1227 4360 1297 4418 alibi
1308 4360 1351 4418 ait
1362 4378 1372 4416 .·
1383 4383 1398 4412 «
1410 4360 1469 4435 ligo
1479 4377 1547 4419 sum
1559 4362 1610 4435 qui
1639 4361 1722 4420 deleo
1743 4362 1918 4435 iniquitates

213 4446 281 4504 licet
295 4448 386 4520 digito
401 4449 437 4506 da
453 4465 512 4522 quo
526 4450 618 4506 babes
633 4451 664 4506 in
681 4451 835 4524 ilvangelio
852 4470 858 4508 :
883 4473 897 4503 n
913 4451 1035 4518 Quodsi
1090 4458 1203 4522 tuas‚et
1213 4466 1326 4508 memor
1336 4466 1394 4508 non
1404 4466 1454 4508 ero
1464 4452 1528 4524 (isc.
1540 4453 1687 4524 nunniti).
1697 4473 1712 4502 o
1722 4453 1798 4508 Sunt
1808 4453 1918 4524 protae·

122 4604 126 4626 ,
212 4535 243 4593 in
257 4535 350 4610 digito
364 4535 414 4593 Dei
429 4535 513 4608 ejicio
528 4539 673 4597 damonia
687 4540 763 4610 (Luc.
782 4557 822 4608 xi,
838 4540 895 4612 20).
909 4561 924 4592 a
953 4539 1036 4596 Hunc
1050 4540 1185 4620 ptealts
1196 4538 1488 4613 impressaqundnm
1496 4540 1682 4596 couscientia
1692 4545 1800 4597 umus
1818 4538 1921 4596 ulcera

213 4621 293 4680 enim
309 4623 436 4697 digitum
449 4623 519 4680 alibi
534 4625 677 4700 Spiritum
706 4627 790 4693 dixit,
814 4627 892 4684 sicut
919 4626 1034 4684 habes:
1090 4629 1276 4695 delictorum,
1290 4627 1465 4699 etquenam
1480 4628 1627 4686 mendum
1655 4634 1827 4687 nostrarum
1856 4629 1921 4685 ani·

216 4731 230 4767 a
249 4711 371 4779 Quodsi
387 4711 416 4768 in
432 4711 537 4786 spiritu
565 4713 616 4770 Dei
645 4714 730 4786 ejicio
758 4714 902 4772 damonia
929 4715 1035 4786 (dcttla
1091 4731 1267 4789 morumque
1279 4714 1400 4783 vibices,
1417 4730 1485 4787 quas
1497 4730 1630 4773 errorum
1645 4721 1815 4774 nostrorum
1830 4717 1922 4772 abdu-

213 4801 333 4874 ΜΒ).
351 4801 382 4859 si
398 4801 488 4874 igitur
509 4801 635 4873 Spiritus
663 4803 714 4859 llei
743 4802 854 4876 digitus
882 4809 937 4869 est,
967 4821 1037 4878 quo
1091 4809 1201 4864 cuntur
1223 4803 1382 4862 ulceribus.
1412 4803 1592 4878 liabeturgo
1620 4805 1709 4878 culpa
1735 4803 1921 4862 cbamctsrea

214 4890 295 4948 uiam
310 4888 463 4947 braobium
480 4890 531 4948 Dei
547 4889 639 4948 Filius
654 4895 709 4960 est,
725 4891 828 4964 utique
835 4892 963 4965 Spiritus
975 4909 1046 4951 coo-
1093 4911 1164 4953 suos
1178 4899 1209 4950 et
1222 4892 1331 4965 apices,
1346 4890 1457 4965 quibus
1471 4892 1628 4966 proditur:
1650 4894 1730 4967 quod
1746 4909 1806 4951 non
1835 4895 1921 4967 inge·

216 4984 335 5052 paratus
349 4979 481 5036 Patriet
509 4978 582 5036 l'ilio
608 4995 659 5054 per
687 4979 831 5036 unitatem
859 4982 1038 5053 operationis
1093 4983 1144 5040 nio
1158 4985 1258 5039 nostro
1269 4978 1452 5054 attingimus,
1465 4981 1517 5039 sed
1547 4981 1718 5056 prophetica
1744 4982 1921 5040 auctoritate

216 5070 323 5126 omium
338 5066 406 5126 iecit
418 5071 447 5125 et
460 5074 579 5126 terram.
605 5069 672 5125 ldeo
686 5067 765 5124 euim
793 5068 920 5142 digitum
949 5070 1039 5128 lilius
1093 5072 1259 5146 signamus.
1275 5069 1392 5143 Scripta
1404 5073 1450 5126 est
1461 5086 1549 5144 ergo;
1560 5077 1590 5128 et
1601 5072 1651 5128 nbi
1665 5071 1777 5144 scripta
1789 5071 1919 5129 aitride:

216 5157 408 5230 nuncupavit,
424 5161 615 5230 uttanquam
642 5157 731 5214 unius
759 5159 901 5232 corporis,
930 5159 972 5218 ita
999 5159 1041 5218 di·
1094 5161 1124 5218 ia
1138 5168 1258 5234 pectore,
1285 5156 1393 5231 lnquit,
1408 5158 1499 5215 cordis
1514 5161 1629 5232 iuuit)
1644 5159 1754 5230 (lerata
1781 5175 1853 5226 mu,
1882 5161 1918 5228 t).

217 5243 348 5304 vinitatis
371 5245 547 5319 exprimeret
575 5246 726 5302 unitatem.
750 5245 850 5319 ltaque
877 5247 903 5304 ai
933 5265 1042 5321 magna
1095 5249 1155 5307 lloc
1169 5252 1215 5306 est
1230 5247 1273 5303 ibi
1300 5245 1411 5320 scripta
1436 5250 1482 5305 est
1509 5247 1603 5321 culpa
1631 5245 1735 5316 semes,
1750 5246 1800 5303 nbi
1831 5249 1920 5305 ctiam

254 5409 311 5480 (32)
325 5411 400 5468 Edit.
416 5413 494 5482 Era,
510 5413 576 5471 Gill.
594 5431 628 5472 ac
653 5413 750 5480 Rom„
764 5429 821 5472 nou
849 5422 908 5472 tora
934 5417 1043 5474 cidem
1096 5417 1254 5486 tumbalis,
1269 5418 1371 5489 inquit,
1389 5416 1542 5474 mrdistui.
1556 5416 1708 5474 Alinvero
1736 5415 1807 5472 edit.
1834 5419 1921 5488 atque

218 5481 297 5537 culos
309 5483 463 5552 inclinasse,
479 5501 561 5556 quom
573 5485 677 5559 insede
691 5485 759 5542 acrio
783 5485 959 5544 merendune.
985 5489 1043 5546 Sed
1097 5503 1300 5561 omnemne,
1315 5489 1348 5544 ln
1373 5492 1493 5561 pectere,
1521 5491 1577 5545 ete.
1608 5486 1680 5544 Vide
1705 5484 1855 5543 Nobilium
1884 5485 1922 5540 ad

219 5567 292 5608 msa.
308 5553 438 5633 quinque
452 5553 547 5611 locum
565 5556 649 5613 uobis
665 5555 866 5614 restituerunt.
1098 5560 1178 5617 bunc
1192 5558 1300 5617 locum.

257 5623 313 5692 (33)
329 5621 396 5676 Gall.
413 5624 442 5678 in
458 5627 591 5700 margine
605 5633 634 5684 et
647 5627 717 5684 edit.
733 5627 818 5686 Rom.
834 5630 864 5685 in
880 5633 1014 5688 contextu
1035 5651 1042 5689 ε
