4159 6184
263 263 325 331 tec
994 261 1028 329 S.
1049 259 1238 332 subeunti
1874 265 1919 338 tte

266 419 350 461 snam
365 399 485 458 cavebat
497 399 536 474 (9)
553 416 559 455 :
576 415 650 457 uxor
662 396 779 456 hadom
793 410 846 472 pro
862 395 994 456 mercede
1008 413 1088 457 ecoe
1101 401 1127 470 A
1143 398 1230 458 silete
1243 395 1431 472 ooastriotus,
1459 401 1512 461 aut
1534 415 1587 476 pro
1614 416 1735 460 sucrum
1761 399 1921 478 redemptione

263 496 347 565 perat
363 509 370 556 ;
386 495 417 547 at
431 489 491 559 illo,
507 489 575 564 plus
590 489 736 546 honestati
751 504 841 564 quam
853 487 954 562 pietati
982 505 1088 544 consu·
1144 489 1298 560 sollicitus,
1313 507 1387 564 quos
1405 490 1535 566 captivos
1563 490 1706 550 barbarus
1732 491 1830 561 vendit,
1846 511 1923 567 rogan

265 580 338 644 lene,
352 583 396 634 cni
414 598 499 638 suam
514 579 639 637 debebat
652 579 833 636 alimoniam.
865 578 1089 634 Ccmnrondave·
1144 579 1271 652 coeperit,
1288 580 1388 636 statim
1401 581 1482 640 dives
1496 580 1610 638 vultum
1632 580 1742 648 avertit,
1753 586 1870 638 naturam
1882 601 1923 640 noa

266 687 309 727 ror
325 671 521 745 proximosuc
536 667 689 742 pecuniam
705 668 965 740 quamdamquam
975 665 1087 722 totovi-
1144 669 1335 742 recognoscit,
1350 669 1550 728 humilitatem
1578 669 1730 744 suppliciis
1754 686 1807 726 non
1832 671 1924 729 misere·

266 762 301 816 ts
317 777 376 816 suo
392 758 561 832 temporein
577 758 836 831 tantaiudigentia
858 773 916 813 non
944 753 1087 828 poposcit.
1144 759 1192 813 tur
1207 757 1410 816 necessitatem
1427 759 1505 817 du
1520 777 1577 817 uon
1607 759 1746 828 sublevat,
1774 758 1926 832 fragilitatem

266 849 320 905 Vix
330 849 380 905 uhi
391 866 422 905 se
432 849 542 904 fessum
550 848 635 913 vidit,
652 851 681 904 et
691 846 856 918 depositum
867 848 1028 912 senectute,
1039 843 1088 899 in·
1143 861 1331 903 communem
1346 865 1404 904 non
1420 847 1594 914 considerat,
1611 851 1669 904 stat
1683 846 1847 917 inflexibilis,
1864 866 1927 904 resu-

268 937 473 1005 sinuavitfrtio,
484 955 542 994 uon
555 938 743 1009 tamcupiens
753 935 992 993 commendatum
1006 949 1088 1005 repo·
1143 933 1241 1007 pinus,
1253 951 1309 992 non
1323 935 1458 1009 precibus
1469 936 1637 1005 inclinatur,
1649 953 1707 992 non
1717 934 1844 1010 lacrymis
1853 953 1927 994 move-

266 1041 355 1093 soere,
372 1041 463 1096 quam
479 1024 622 1082 sollicitus
638 1042 673 1081 ne
686 1025 835 1081 fraudaret
849 1021 1005 1079 herodem.
1142 1026 1200 1091 tur,
1215 1040 1273 1080 non
1288 1024 1447 1096 ejulatibus
1463 1023 1618 1098 frangitur,
1628 1026 1732 1098 jurans
1747 1025 1819 1098 quod
1837 1023 1927 1094 habeat,

298 1117 326 1169 7.
343 1115 424 1180 Quod
441 1114 531 1186 igitur
546 1113 762 1170 commendavit
789 1112 955 1184 pecuniam,
971 1113 1000 1166 et
1027 1127 1087 1167 nou
1143 1111 1202 1169 imo
1218 1099 1247 1168 et
1261 1113 1323 1185 ipse
1338 1113 1531 1170 feneratorem
1560 1113 1699 1186 requirat,
1724 1119 1754 1170 ut
1781 1115 1928 1170 serenitati·

265 1202 413 1269 feneravit,
423 1203 498 1274 justi
515 1203 640 1259 servavit
655 1202 795 1257 officium.
812 1201 921 1257 Malum
938 1204 984 1256 ast
1006 1199 1086 1256 enim
1142 1200 1199 1259 bus
1213 1201 1368 1258 subveniat
1382 1203 1455 1260 suis.
1472 1202 1546 1269 Ouid
1561 1203 1646 1260 addis
1661 1201 1773 1258 duritia
1787 1207 1814 1257 et
1829 1203 1928 1258 ovantis

264 1293 350 1350 fenus
366 1309 423 1365 quo
440 1297 613 1365 queruntur
628 1309 723 1349 usura
741 1309 747 1347 :
764 1291 815 1346 sed
831 1306 887 1345 non
903 1288 977 1345 illud
1001 1290 1087 1344 fenus
1141 1291 1198 1346 tue
1213 1295 1430 1348 sacramentum
1446 1291 1460 1347 1
1479 1291 1540 1347 Non
1559 1290 1718 1348 absolveris
1742 1290 1868 1363 perjurio,
1893 1292 1929 1347 set

265 1380 388 1446 melum,
402 1382 438 1437 de
453 1397 510 1452 quo
525 1381 667 1453 scriptum
689 1384 734 1436 aet
750 1396 756 1434 :
774 1400 788 1428 α
818 1379 927 1434 l'enera
955 1376 1086 1448 proximo
1141 1375 1253 1451 ligaris.

264 1474 316 1526 tuo
329 1469 361 1536 in
375 1473 507 1541 tempore
521 1467 705 1525 necessitatis
719 1466 800 1522 iltius
815 1488 826 1516 ι
845 1467 938 1538 (dccli.
954 1481 1030 1532 xxix,
1047 1463 1085 1536 2).
1178 1468 1221 1524 10.
1237 1470 1274 1524 At
1289 1468 1339 1526 ubi
1354 1485 1512 1526 usurarum
1528 1469 1637 1526 urentia
1653 1469 1728 1526 facta
1741 1467 1833 1534 fuerit,
1847 1471 1889 1524 aut
1901 1468 1930 1539 pi·

263 1559 337 1616 Nam
352 1563 382 1615 et
395 1557 485 1614 David
500 1556 559 1614 ait:
578 1579 592 1608 «
607 1557 623 1614 J
627 1561 712 1613 ustus
734 1556 888 1611 miseretur
902 1559 931 1610 et
954 1569 1086 1610 commo·
1141 1557 1254 1629 gnaris,
1265 1560 1336 1614 tunc
1350 1558 1463 1631 dejesta
1478 1557 1634 1632 supercilio
1650 1557 1794 1615 fenerator
1807 1557 1931 1624 arridctet

262 1650 314 1706 dat
328 1648 414 1718 (Paul.
430 1664 486 1715 cxi,
501 1649 540 1719 5).
558 1669 572 1696 n
588 1645 675 1702 Aliud
691 1645 776 1701 fenus
790 1649 834 1700 cst
850 1641 1086 1713 jureaxsecrabi·
1141 1662 1230 1719 quem
1245 1651 1313 1703 anto
1327 1647 1383 1703 sibi
1398 1646 1547 1720 cognitum
1563 1646 1736 1720 denegabat,
1752 1645 1875 1703 eumdem
1883 1647 1931 1702 ten·

262 1737 300 1805 le,
317 1737 432 1793 darein
448 1734 750 1807 usurampeeuniam,
774 1733 852 1805 quod
881 1732 926 1788 tex
952 1729 1087 1803 prohibet
1141 1750 1230 1806 quam
1246 1741 1398 1808 paternam
1419 1735 1579 1793 amicitiam
1595 1735 1765 1792 recordatus
1788 1733 1877 1790 osculo
1895 1749 1931 1788 er·

262 1827 351 1898 (bem.
366 1839 447 1891 axin,
464 1824 519 1896 19).
542 1824 597 1880 Sed
612 1823 718 1879 Tobiae
747 1822 802 1878 hoo
832 1821 1005 1894 refugiebat,
1035 1819 1086 1892 qui
1141 1822 1221 1896 cipit,
1237 1824 1424 1882 hereditarias
1440 1823 1715 1900 pignuscharitatis
1744 1821 1932 1898 appellatione

261 1911 517 1980 monebatiitium,
534 1909 757 1985 nepraeoeptum
774 1910 890 1966 Domini
915 1908 1084 1982 preteriret,
1141 1911 1284 1985 prohibet.
1302 1913 1481 1980 Quaeremus,
1495 1913 1601 1987 inquit,
1616 1913 1697 1970 domi
1727 1913 1752 1970 si
1779 1911 1843 1985 quid
1868 1911 1931 1967 aclis

262 2007 296 2060 ut
311 2019 346 2060 ex
360 2000 526 2058 substantia
539 2019 594 2057 sua
607 2001 822 2073 eleemosynam
838 1998 955 2066 facerat,
971 2014 1028 2053 nou
1039 2013 1086 2070 pe·
1140 2003 1270 2073 pecuniae
1285 2009 1340 2070 est,
1356 2004 1489 2077 trengam
1506 2007 1624 2077 propter
1639 2007 1668 2058 te
1697 2005 1845 2076 argentum
1858 2003 1930 2073 pater·

260 2091 379 2149 cuniam
395 2092 548 2158 feneraret,
566 2106 623 2146 non
640 2091 779 2146 everteret
803 2087 908 2144 faciem
936 2102 1020 2142 suam
1048 2086 1084 2142 ab
1140 2106 1212 2146 num
1229 2093 1307 2164 quod
1323 2092 1515 2149 fabrefactum
1530 2097 1585 2159 est,
1601 2091 1765 2166 plurimum
1778 2090 1870 2146 damni
1881 2087 1930 2144 erit:

261 2180 323 2238 ullo
335 2197 463 2254 paupera
477 2180 547 2250 (Tot.
570 2195 607 2246 iv,
621 2178 695 2249 ov).
726 2177 791 2232 Hac
819 2176 869 2248 qui
891 2178 1000 2240 monet,
1016 2189 1086 2230 cou-
1140 2194 1204 2251 qus
1216 2197 1312 2237 usuras
1327 2182 1560 2254 compensabunt
1575 2179 1785 2238 emblematum
1812 2179 1835 2252 (t
1854 2176 1931 2249 thed

262 2272 382 2327 demunt
395 2285 502 2325 usuras
516 2267 637 2333 fenoris,
652 2283 687 2322 ex
701 2283 759 2338 quo
775 2265 860 2320 multi
881 2270 1027 2336 questum
1044 2264 1085 2320 fe·
1140 2284 1192 2340 pro
1207 2269 1302 2326 amico
1316 2269 1504 2343 dispendium
1520 2287 1577 2326 non
1595 2269 1801 2336 reformidabo,
1816 2283 1874 2323 cum
1887 2263 1932 2320 red·

261 2362 373 2427 cerunt,
390 2361 419 2415 et
434 2357 535 2414 multis
549 2356 735 2412 commodare
759 2353 898 2427 pecunias
926 2351 1085 2425 negotiatio
1140 2354 1260 2424 diteris,
1278 2359 1417 2415 reficiam.
1434 2359 1535 2431 ltaque
1556 2363 1716 2432 antequam
1745 2358 1802 2426 det,
1829 2355 1930 2426 recipcre

261 2447 326 2504 fuit.
344 2447 511 2520 etquidem
528 2461 591 2502 eam
605 2443 820 2517 prohibuerunt
834 2441 939 2500 sancti.
1139 2443 1259 2501 festinat
1274 2463 1281 2503 ε
1297 2452 1325 2502 et
1340 2447 1435 2519 quiin
1451 2463 1569 2530 summe
1582 2447 1739 2503 subvenire
1753 2463 1784 2502 se
1798 2444 1868 2509 dicit,
1882 2459 1931 2498 usu·

300 2539 327 2592 8.
342 2538 404 2603 Quo
417 2536 535 2609 gravius
549 2533 661 2590 malum
676 2535 762 2589 fenus
774 2537 830 2599 est,
845 2549 879 2588 eo
908 2529 1086 2587 laudabilior
1139 2533 1583 2609 rasexigit.lialendis,inquit,
1604 2551 1712 2592 usuros
1742 2534 1842 2592 dahis:
1867 2531 1930 2586 fanan

260 2625 311 2700 qui
327 2623 400 2682 illud
417 2625 533 2696 refugit.
550 2623 591 2680 Da
606 2622 762 2696 pecuniam
777 2621 801 2677 si
819 2621 920 2689 hebes,
932 2619 1025 2693 prosit
1035 2617 1085 2674 alii
1140 2621 1196 2695 (12)
1207 2622 1337 2692 interim,
1348 2624 1373 2682 si
1385 2642 1442 2682 non
1454 2624 1592 2682 habueris
1603 2625 1682 2681 unde
1693 2623 1889 2687 restitueremur
1899 2635 1931 2674 ra·

262 2714 397 2788 quoetibi
413 2715 573 2770 otiosaest.
589 2712 631 2769 Da
653 2711 737 2784 quasi
754 2727 812 2767 nou
841 2713 1022 2782 recepturus,
1053 2711 1087 2763 ut
1141 2710 1236 2782 quiro.
1248 2711 1291 2768 Ita
1303 2718 1396 2770 semet
1406 2714 1465 2782 det,
1477 2713 1643 2786 frequenter
1657 2712 1793 2786 exagitat,
1805 2717 1831 2768 et
1841 2723 1931 2780 semper

261 2803 344 2860 lucro
359 2803 452 2870 cedat,
468 2803 494 2859 si
510 2799 730 2858 redditafucrit.
746 2799 800 2864 Qui
817 2815 874 2855 non
890 2796 986 2854 reddit
997 2813 1085 2870 pecu·
1140 2798 1197 2856 sibi
1212 2800 1317 2858 debers
1331 2802 1429 2860 eflicit.
1446 2802 1506 2859 lfao
1519 2807 1583 2859 arte
1598 2806 1706 2859 tractat
1733 2801 1834 2858 virum.
1854 2798 1931 2866 ltaque

262 2891 353 2960 aiam,
369 2891 466 2946 reddit
480 2889 605 2963 gratiam
623 2907 630 2944 :
646 2889 671 2944 si
684 2887 827 2944 fraudaris
837 2885 971 2959 pecunia,
985 2884 1085 2956 acqui·
1140 2887 1224 2961 prius
1238 2905 1304 2946 eum
1319 2889 1521 2966 chirographis
1531 2890 1613 2964 ligat,
1626 2894 1655 2946 et
1667 2889 1805 2962 astringit
1813 2887 1880 2944 vocis
1888 2899 1931 2940 sue

261 2979 486 3052 risjustitiam3
500 2981 659 3051 Justusest
688 2977 767 3034 enim
796 2975 847 3050 qui
873 2975 1029 3032 miseretur
1057 2978 1087 3030 et
1140 2971 1933 3052 nexibus.Numeraturpecunia,addiciturlibertas‚ab

259 3066 437 3126 commodai-
454 3065 484 3122 Si
499 3065 645 3121 amittitur
659 3062 791 3137 Ρθῡῦὓὶίῑι
816 3065 1004 3134 comparatur
1029 3060 1084 3117 mi·
1140 3065 1263 3124 solvitur
1278 3068 1368 3125 miser
1383 3068 1494 3126 minora
1509 3068 1618 3136 debito,
1634 3069 1747 3141 maiore
1760 3066 1867 3140 ligetur.

261 3156 430 3215 sericordia.
446 3155 594 3227 Scriptum
611 3152 746 3210 estenim
763 3168 770 3207 :
789 3151 871 3216 «Qui
886 3137 1122 3208 facitmiseri-C
1179 3158 1221 3212 11,
1237 3155 1521 3225 Talinnuntvostm,
1541 3156 1655 3224 divites,
1687 3155 1833 3212 beneficia.
1858 3149 1932 3208 Minus

261 3245 403 3312 cordiam,
417 3243 530 3300 fenerat
544 3242 675 3314 proximo
690 3241 783 3314 (dccli.
800 3258 877 3310 xxix,
891 3240 928 3313 1).
946 3261 960 3290 u
1141 3243 1228 3312 datis,
1244 3250 1272 3302 et
1286 3245 1353 3318 plus
1369 3245 1494 3320 exigitis.
1511 3245 1591 3303 Talis
1606 3244 1786 3314 humanitas,
1801 3247 1832 3298 ut
1848 3238 1933 3313 spolic-

581 3346 696 3405 gnpg‘p
720 3349 767 3405 ῃ),
1141 3331 1179 3389 tie
1195 3332 1285 3390 etiam
1299 3349 1367 3390 oum
1383 3334 1555 3392 subvenitis.
1581 3333 1737 3391 Facundus
1764 3331 1841 3388 vohis
1865 3327 1933 3384 etiam

263 3441 422 3497 Ambrosias
435 3441 621 3511 [moratorum
643 3439 875 3495 inhumanitatem
889 3441 920 3493 in
940 3453 1085 3509 pauperes,
1141 3438 1253 3495 paupe?
1267 3427 1313 3484 isi
1327 3423 1364 3480 sd
1379 3427 1535 3496 (tumtum-
1552 3422 1712 3480 U⁸Uf⁸fi¹¹⁸
1726 3426 1933 3518 0⁸i0tl⁶¹1f⁰b⁰f

300 3516 327 3570 ct
339 3527 433 3568 eornm
446 3513 520 3567 ortes
534 3511 633 3579 quibas
656 3511 719 3566 illos
745 3510 799 3565 niti
825 3509 965 3576 addimur,
995 3510 1087 3566 oculto
1140 3511 1278 3584 gentibus
1292 3513 1385 3578 vobis,
1398 3512 1488 3569 habet
1502 3513 1580 3585 quod
1596 3511 1699 3569 reddat
1715 3528 1721 3568 :
1747 3509 1823 3583 quod
1845 3519 1933 3576 impen-

297 3584 409 3656 81111011
424 3603 434 3650 ι·
449 3599 482 3638 ‘¹0
495 3583 609 3638 deinum
622 3583 652 3637 5²²
666 3582 773 3638 “fidem
786 3580 935 3638 1111111141·
1141 3598 1202 3668 dat,
1219 3615 1277 3656 non
1293 3599 1390 3657 habet.
1407 3599 1611 3658 Misericordia
1627 3599 1715 3674 plane
1729 3599 1792 3665 viri.
1807 3612 1884 3672 quem
1897 3589 1932 3649 elii

298 3690 325 3745 9.
343 3688 426 3746 Multi
441 3688 587 3761 dispendii
602 3691 682 3745 metu
698 3704 756 3744 non
768 3688 908 3756 fenerant,
924 3686 995 3743 dum
1007 3688 1086 3744 frau-
1141 3688 1304 3756 absolvitis,
1318 3689 1402 3747 vobis
1412 3681 1563 3747 addicitis.
1579 3689 1692 3746 Usuras
1706 3687 1801 3755 solvit,
1816 3683 1860 3758 qui
1874 3681 1933 3737 victv

264 3778 331 3836 dem
346 3783 493 3835 verentur.
509 3779 546 3834 Et
559 3777 614 3833 hoc
628 3781 673 3834 est
688 3777 765 3850 quod
781 3777 948 3850 petentibus
963 3792 1086 3834 consue·
1141 3776 1261 3852 indiget.
1276 3779 1321 3834 Aa
1337 3777 1498 3852 quidquam
1512 3777 1629 3852 gravius
1644 3779 1658 3832 i
1689 3777 1738 3834 llle
1766 3773 1935 3832 medicamen·

229 3882 233 3890 “
262 3872 368 3925 verunt
382 3868 498 3924 referre.
516 3867 626 3922 Horum
641 3865 800 3938 unicuique
814 3865 922 3922 dicitur
937 3883 944 3922 ε
959 3889 973 3916 «
996 3867 1087 3923 Perde
1142 3870 1206 3923 tum
1220 3865 1334 3940 quaerit,
1347 3883 1399 3924 vos
1413 3867 1524 3924 offertis
1538 3883 1684 3924 venenum
1701 3883 1708 3921 :
1725 3880 1825 3938 panem
1850 3857 1934 3930 implo-

262 3957 420 4031 peouniam
451 3950 568 4027 propfer
592 3955 713 4011 fratrem
742 3959 770 4010 et
803 3956 942 4018 amioum,
972 3958 1002 4010 et
1028 3971 1086 4010 non
1142 3959 1197 4024 rat,
1213 3954 1344 4029 gladium
1361 3956 1531 4030 porrigitis:
1548 3955 1715 4012 libertatem
1744 3953 1934 4018 obsecratser·

264 4047 428 4103 abscondas
444 4043 525 4100 illam
541 4045 596 4099 sub
611 4042 707 4115 lapide
721 4043 752 4098 in
779 4042 983 4115 perditionem.
1011 4042 1087 4099 Pone
1140 4043 1265 4100 vitutem
1280 4043 1440 4118 irrogatis:
1461 4042 1677 4102 absolutionem
1702 4045 1841 4114 precatur,
1865 4033 1935 4092 infor·

263 4134 436 4192 thesourum
451 4139 536 4188 tuum
552 4133 582 4186 in
599 4131 751 4203 praeceptis
764 4129 918 4199 ditissimi,
935 4136 964 4186 et
982 4131 1088 4204 prode·
1143 4131 1199 4189 mis
1213 4130 1311 4204 laquei
1327 4133 1438 4190 nodum
1453 4131 1609 4206 stringitis.

262 4223 302 4279 rit
316 4222 369 4278 tibi
384 4221 479 4294 magis
492 4237 581 4294 quam
597 4236 702 4276 aurum
732 4218 810 4292 (ibid.
844 4220 886 4282 13.
915 4219 1002 4290 11).»
1031 4219 1087 4276 Sed
1456 4235 1571 4294 ggpgp
1600 4237 1645 4294 (ν,

263 4311 483 4369 obsurduerunt
508 4327 593 4368 aures
620 4309 774 4365 hominum
801 4309 838 4365 ad
856 4314 918 4365 tam
946 4307 1089 4366 salutaria
1143 4326 1202 4396 Qu,
1217 4328 1324 4383 mum
1336 4328 1502 4398 smum,
1516 4324 1595 4382 ,ιω
1621 4327 1648 4381 02
1672 4323 1779 4380 diagono
1804 4327 1934 4390 compntan-

263 4402 418 4474 praecepto,
434 4404 463 4454 et
478 4399 605 4454 maxime
620 4398 724 4455 divites
739 4413 795 4453 aare
810 4395 859 4497 illo
873 4414 933 4453 sure
957 4397 1087 4470 pecunie
1176 4401 1222 4454 tur
1235 4416 1247 4482 .·'
1261 4399 1287 4454 ci
1301 4395 1366 4470 qaid
1380 4395 1552 4523 ³²⁸9niff?⁶‘¹i7
1562 4396 1722 4453 norninittuc
1745 4390 1885 4450 creditoris,
1905 4384 1935 4452 [r-

263 4485 616 4545 auresctaussshahent.
633 4492 707 4543 Dum
737 4502 891 4559 pecuniam
921 4491 1128 4558 numerant,1)
1177 4485 1265 4537 110111,
1279 4472 1362 4525 301113
1375 4467 1448 4525 “W
1468 4470 1556 4526 lm·

263 4592 408 4650 respousa
419 4593 476 4632 non
493 4576 617 4631 audiunt
632 4577 698 4647 (111).
715 4575 808 4632 Simul
825 4580 857 4630 ut
870 4575 977 4647 aliquis
988 4592 1088 4634 ueces-
1179 4577 1222 4632 12.
1239 4575 1319 4632 Hanc
1334 4574 1478 4648 precipue
1492 4574 1669 4647 injustitiam
1684 4572 1814 4647 deplorat
1839 4565 1935 4623 sanctus

299 4719 337 4792 (9)
353 4717 461 4774 Omnes
477 4733 548 4772 mss.
565 4732 598 4771 aa
614 4719 670 4772 vet.
686 4716 755 4771 edit.
773 4717 802 4772 in
818 4718 913 4789 prima
927 4718 1017 4788 hujus
1031 4718 1088 4776 looi
1141 4719 1210 4776 edit.
1228 4733 1261 4774 ar
1276 4733 1349 4782 mss,
1361 4707 1934 4782 omnescommenctouernt,commendatam·

264 4795 347 4864 parte
362 4788 549 4856 conveniunt,
565 4803 652 4860 quam
670 4787 738 4842 edit.
756 4788 838 4843 Rom.
856 4789 973 4845 invertit
988 4806 1022 4846 ao
1037 4791 1090 4846 de·
1141 4789 1388 4847 commentantem
1397 4805 1455 4844 non
1465 4787 1582 4845 videtur
1592 4771 1932 4864 pretermittendumqucd

264 4861 392 4919 curtavit
420 4861 449 4917 in
477 4860 555 4916 huno
580 4858 703 4914 modum
721 4876 727 4914 ε
750 4860 783 4914 Et
809 4876 844 4915 nc
860 4860 927 4932 qnid
949 4863 1089 4932 furtinum
1143 4866 1176 4919 ut
1189 4861 1310 4918 verbum
1325 4858 1441 4919 δανιιζιιν
1456 4859 1533 4931 apud
1550 4860 1618 4916 Lxx
1632 4856 1803 4930 ethquilam
1815 4869 1841 4908 ro
1852 4851 1934 4930 bonam

265 4934 375 4991 domurn
389 4950 469 4989 ntum
483 4937 609 4998 intraret,
624 4930 757 4986 cunctat:
779 4931 826 4985 ent
851 4933 954 4987 uictum
967 4933 1090 4990 mmccdc
1143 4950 1177 4990 ac
1191 4931 1298 4988 malam
1315 4935 1427 5002 partem
1438 4932 1581 5004 accipitur
1598 4947 1605 4987 ε
1632 4931 1675 4988 sic
1702 4934 1823 5002 tenerare
1849 4921 1889 4975 hro
1908 4913 1935 4968 ab

265 5006 389 5078 conjugio
404 5004 519 5060 teurrlnt.
534 5003 655 5074 flentque
668 5020 680 5066 ;
694 5001 731 5057 ab
746 5000 801 5056 hac
816 5018 881 5058 vero
902 5002 1007 5061 ultima
1020 5021 1090 5062 voce
1143 5004 1244 5061 Ambr.
1261 5006 1290 5058 et
1305 5001 1340 5058 ab
1354 5003 1477 5075 August.
1494 5002 1525 5059 in
1541 5001 1614 5129 gaal.
1631 5017 1717 5058 xxxvi
1730 4998 1883 5124 usurgatur·

266 5093 332 5132 cum
348 5076 443 5131 tribus
472 5093 543 5131 mss.
572 5074 614 5130 ita
639 5073 839 5199 prosequitur,
864 5075 928 5146 pua
954 5076 1091 5134 tonantii
1179 5075 1235 5148 (10)
1252 5075 1532 5147 hemerammum,
1569 5089 1602 5130 oc
1617 5079 1660 5129 est
1675 5071 1776 5128 divina
1814 5063 1934 5134 criptura.

267 5163 351 5220 paam
372 5149 529 5203 necessitati
554 5160 707 5210 consuens,
732 5145 779 5200 oui
805 5161 856 5200 nuo
885 5146 1007 5215 deerant,
1033 5147 1089 5203 oti·
1142 5147 1292 5219 videque
1308 5145 1538 5202 notavimuslib.
1555 5144 1747 5220 Desugasrc.
1763 5135 1933 5211 captonn-

266 5219 389 5272 monr'am
416 5218 632 5275 commodauerat
664 5218 791 5290 proxima
831 5233 880 5272 suo
909 5233 1003 5289 qinom,
1032 5223 1087 5275 etc.
1144 5220 1189 5274 10.

267 5286 336 5341 Atia
360 5288 429 5343 edit.
458 5306 492 5345 ao
521 5291 647 5362 potiorcs
682 5304 754 5343 mss.
786 5292 817 5343 ut
846 5287 876 5342 in
911 5293 1003 5356 textu,
1032 5289 1090 5346 nisi
1179 5285 1471 5364 (filfimttemutu,ii
1494 5305 1551 5344 ura
1578 5291 1647 5344 sunt
1675 5290 1761 5358 atque
1787 5269 1934 5347 ornament?

268 5357 347 5428 qrrod
362 5357 430 5412 edit.
446 5357 563 5426 hubent,
579 5362 624 5415 rui
637 5375 688 5415 sun
703 5359 825 5440 dcerunt,
843 5363 871 5414 et
898 5358 980 5415 sotus
1008 5359 1088 5418 Colh.
1144 5361 1205 5418 vasi
1219 5358 1346 5442 cuipiam
1362 5303 1551 5441 superaidita
1565 5375 1627 5431 quas
1640 5358 1724 5414 facile
1737 5371 1770 5411 ex
1784 5349 1874 5408 eodem
1890 5353 1934 5396 ³¹¹·

269 5427 541 5500 praefertpecnniam
561 5431 716 5502 quomdam.
745 5430 868 5486 Videtur
895 5437 993 5487 autern
1024 5437 1091 5506 post
1145 5432 1186 5490 mi
1200 5434 1324 5506 possint,
1341 5428 1418 5486 dicta
1432 5429 1480 5478 aaa
1493 5433 1536 5480 roo
1553 5429 1695 5494 eptatten.
1874 5484 1880 5498 .

267 5500 549 5567 interammensem,
567 5501 858 5584 subintelligendum,
872 5502 982 5576 nequid
1003 5505 1090 5631 ssmi⁸
1180 5503 1237 5574 (12)
1252 5503 1340 5557 Fenus
1355 5501 1403 5556 hic
1419 5517 1469 5572 pro
1484 5505 1562 5558 sorte
1585 5501 1714 5574 ponitur,
1741 5496 1812 5554 sicat
1825 5496 1849 5546 et
1873 5479 1933 5567 msi'

269 5585 364 5625 uum...
383 5569 500 5626 (retrabat.
521 5573 650 5642 bannique
679 5576 729 5628 uhi
758 5573 826 5629 odit.
857 5572 923 5630 Gilf.
949 5580 977 5631 ct
1031 5593 1089 5632 om.
1145 5592 1170 5631 c.
1188 5577 1232 5642 12,
1250 5591 1279 5629 n.
1296 5573 1340 5642 39,
1361 5573 1494 5630 Nummus
1516 5573 1609 5642 datur,
1624 5579 1705 5643 sertus
1732 5563 1879 5642 appellatur·
1902 5552 1932 5605 bf

268 5639 495 5708 svmmvdstvffssi,
518 5644 729 5702 commodatum.
759 5645 948 5715 commodavit,
965 5647 1005 5704 ibi
1026 5647 1088 5705 aliae
1145 5651 1245 5705 tamen
1258 5661 1313 5703 vox
1328 5644 1436 5718 sapius
1450 5661 1572 5703 usuram
1587 5648 1679 5704 sonet.
