4159 6184
229 321 290 395 915
960 321 994 391 S.
1015 321 1206 392 anneceb
1873 329 1934 398 tlt·

230 460 308 520 0θὸ
323 457 484 518 uniusdiai
507 457 605 517 insons
634 459 698 518 sine
726 466 843 534 peccato
872 467 926 529 est,
958 461 1185 530 multoAxruv,
1201 464 1238 534 8).
1255 461 1431 520 Vulneratus
1451 461 1541 538 igitur
1570 462 1720 524 eharitatis
1748 464 1878 535 vulnero,
1902 471 1928 522 et

229 549 324 621 magis
335 544 441 604 necilli
452 548 575 605 materni
595 555 754 622 conceptus
768 551 832 607 dies
856 553 920 607 sine
935 557 1051 623 peccalo
1109 552 1281 624 indagandas
1295 557 1398 624 eaptus
1413 553 1543 610 veritatis
1558 553 1727 626 cupiditate,
1740 555 1770 611 in
1785 555 1929 628 superiora.

228 640 308 694 sunt.
325 637 512 710 concipimur
527 654 596 710 ergo
611 639 640 693 in
656 645 774 710 peceato
798 646 962 712 parentum,
978 646 1008 697 et
1023 642 1053 696 in
1109 658 1167 697 sues
1189 643 1295 697 mentis
1314 642 1441 697 extendit
1456 641 1607 711 intuitum,
1619 647 1647 698 el
1661 642 1692 699 in
1707 643 1807 700 sutura
1823 645 1929 717 prospi-

228 723 344 783 dolictis
358 742 460 784 eorum
474 727 633 783 nascimur.
649 727 703 784 Sed
719 732 748 784 et
761 729 824 800 ipse
838 734 940 801 partus
966 729 1055 787 habet
1108 730 1198 797 ciens,
1213 731 1366 786 thesauros
1382 729 1530 802 sapientia
1540 737 1568 787 et
1583 732 1712 788 seientia
1726 733 1800 789 vidit
1815 733 1845 788 in
1856 733 1930 788 Chri·

125 855 129 863 -
229 814 617 890 contagiosua,neeunum
644 819 849 873 tantummodo
877 819 961 873 babet
990 818 1055 890 ipsa
1108 820 1930 891 sto,praeviditbaptismatissacramentum,etmiratus

229 909 336 962 natura
349 904 529 978 contagium.
545 905 657 960 Bonum
675 905 794 977 quidem
811 906 903 978 (Cani.
926 907 955 963 S.
977 908 1054 980 Aug.
1108 908 1233 980 gratiam
1248 907 1418 964 exclamavit
1433 909 1530 965 subito
1546 909 1646 966 dicens
1658 926 1665 966 :
1678 932 1692 960 α
1709 911 1778 966 lleee
1795 910 1874 967 enim
1888 927 1930 966 ve·

229 993 282 1052 lib.
299 1011 330 1060 11,
345 993 436 1049 Centr.
451 994 507 1049 lul.
522 995 581 1049 Pet.
602 1010 665 1066 cap.
681 995 720 1065 7),
745 995 927 1068 conjugium,
951 1001 1055 1052 saneta
1108 998 1225 1053 ritatem
1240 996 1385 1053 dilexisti:
1406 997 1519 1054 incerta
1543 1001 1571 1054 et
1597 998 1712 1055 occulto
1726 1000 1803 1055 otte
1820 1000 1931 1072 sapien·

230 1082 350 1156 copula;
365 1082 416 1138 sed
431 1087 529 1139 tamen
545 1083 596 1155 qui
610 1082 720 1140 habent
734 1100 840 1140 uxores
864 1085 906 1141 ita
931 1084 992 1141 sint
1020 1101 1054 1140 ae
1108 1085 1155 1142 tia
1179 1091 1235 1142 tuas
1263 1087 1457 1143 manifestasti
1475 1086 1775 1159 mihi(Pool.a,8).›
1807 1089 1870 1146 Non
1889 1089 1932 1144 in-

230 1170 496 1229 sinenhabentas.
521 1175 586 1243 lpse
612 1172 716 1229 thorus
739 1174 995 1246 incoinquinatus:
1025 1179 1055 1230 et
1109 1180 1188 1231 certa
1203 1175 1351 1248 mysteria,
1369 1175 1439 1247 quia
1453 1178 1532 1231 certa
1552 1181 1640 1243 sunt;
1671 1193 1724 1233 uec
1752 1176 1930 1234 incertase·

231 1277 317 1318 nemo
326 1259 451 1316 alterum
467 1261 603 1317 fraudare
617 1261 703 1318 debet
716 1278 760 1329 eo,
771 1262 829 1318 nisi
844 1262 917 1319 sorte
931 1263 968 1319 ad
980 1267 1054 1319 tem-
1109 1268 1188 1346 erata
1201 1268 1230 1320 ct
1244 1279 1352 1320 arcana
1366 1263 1527 1336 sapientia,
1543 1264 1594 1320 sed
1616 1282 1674 1321 non
1689 1265 1856 1322 manifesta.
1879 1265 1931 1322 llee

230 1365 297 1423 pus,
313 1354 347 1405 ut
359 1354 461 1406 vacent
473 1349 606 1406 orationi.
622 1350 732 1407 Tamen
757 1352 918 1408 secundum
934 1354 1056 1424 Apeste-
1109 1353 1188 1408 enim
1205 1352 1362 1425 signifieat,
1378 1353 1448 1424 quia
1462 1351 1551 1408 nullis
1567 1352 1663 1410 adhue
1678 1358 1777 1412 essent
1796 1353 1931 1410 manitas·

231 1437 293 1496 lum
308 1457 367 1496 nen
381 1443 464 1494 vacat
478 1439 602 1500 orationi
616 1439 683 1511 quis
698 1457 732 1495 eo
747 1445 954 1514 temporaque
968 1455 1056 1498 usum
1109 1444 1179 1497 tata.
1204 1442 1284 1508 Quod
1300 1439 1378 1496 enim
1400 1439 1503 1496 oculus
1523 1458 1581 1496 non
1594 1441 1677 1511 vidit,
1694 1458 1746 1498 nec
1760 1442 1841 1500 auris
1854 1443 1932 1500 audi-

231 1545 375 1602 corpercae
393 1527 473 1584 illius
499 1528 699 1583 conventionis
728 1533 851 1600 exercet,
866 1535 895 1584 et
923 1528 1056 1585 mulieris
1109 1529 1160 1594 vit,
1178 1528 1484 1585 neeineorbemiuis
1512 1529 1653 1598 aseendit,
1683 1530 1738 1587 hee
1766 1531 1933 1603 preparavit

232 1622 419 1676 menstruatas
435 1616 643 1688 coinquinatus
658 1622 702 1672 est
726 1634 852 1688 pannus,
880 1634 933 1674 neo
961 1621 1057 1689 potest
1111 1617 1932 1692 Deusdiligentibuscumvidensigilureadieit:Ecos

231 1707 291 1764 illis
305 1706 410 1764 diebus
423 1706 607 1779 purgationis
621 1723 680 1761 suae
696 1707 798 1761 ollerre
820 1706 1007 1761 sacrificium.
1023 1707 1057 1760 Et
1108 1709 1171 1778 Jam
1188 1725 1245 1762 non
1262 1707 1291 1762 in
1307 1706 1422 1772 umbra,
1438 1722 1490 1762 nee
1505 1706 1536 1762 in
1552 1706 1654 1780 ligura,
1671 1724 1724 1764 nee
1739 1709 1769 1763 in
1792 1713 1871 1782 type,
1886 1709 1931 1766 sed

232 1796 365 1853 mulieris
385 1811 448 1868 qua
475 1793 623 1868 generavit
651 1793 713 1850 dies
739 1797 841 1866 partus
870 1798 899 1851 et
926 1794 1058 1866 plerique
1112 1796 1141 1852 in
1156 1795 1276 1851 veritate
1292 1795 1341 1850 lux
1356 1799 1456 1867 aperta
1470 1794 1655 1867 resplendet:
1669 1812 1736 1854 eece
1755 1813 1834 1852 nunc
1861 1799 1932 1854 veri·

232 1886 282 1944 alii
297 1904 314 1943 a
329 1884 471 1943 sacrificio
493 1882 586 1939 feriati
615 1887 695 1954 sunt,
723 1883 814 1938 donoc
840 1883 970 1956 legitimo
999 1883 1057 1938 ritu
1112 1887 1202 1940 tatem
1219 1883 1338 1955 espicio,
1352 1882 1537 1957 splendorem
1554 1883 1682 1940 veritatis
1698 1901 1844 1958 agnesce;
1861 1903 1933 1941 nune

232 1975 474 2034 letamundetur.
1111 1978 1140 2028 te
1155 1972 1268 2045 majori,
1283 1972 1406 2028 Domine
1437 1977 1512 2029 baua
1538 1978 1646 2040 nester,
1675 1990 1796 2031 veneror
1823 1976 1932 2032 ellectu.

267 2067 313 2122 57.
329 2065 396 2121 Ideo
410 2063 440 2118 iu
456 2079 513 2135 quo
527 2061 619 2118 voluit
627 2061 770 2118 Dominus
789 2062 870 2118 nullo
886 2061 1056 2133 hujusmodi
1113 2085 1127 2112 a
1145 2063 1215 2118 llaec
1230 2061 1308 2118 enim
1320 2061 1471 2117 veritatem
1488 2061 1628 2130 dilexisti,
1644 2084 1658 2114 a
1676 2079 1732 2118 non
1756 2079 1808 2136 per
1835 2081 1933 2137 specu·

190 2227 194 2232 .
233 2154 355 2228 originis
366 2168 431 2210 ease
446 2150 590 2224 contagia,
606 2149 677 2206 dicit
688 2149 731 2205 illi
747 2152 907 2207 Dominus:
923 2175 937 2201 α
957 2150 1057 2207 Prius·
1113 2150 1186 2220 lum,
1202 2167 1259 2206 non
1276 2149 1305 2205 in
1321 2149 1485 2222 enigmate,
1499 2149 1550 2205 sed
1562 2150 1634 2205 lacte
1646 2151 1681 2206 ad
1697 2151 1803 2208 faeiem
1816 2153 1933 2220 temibi,

233 2259 323 2316 quam
339 2247 367 2299 te
382 2243 538 2297 formarem
550 2239 581 2295 in
596 2244 679 2295 utero
695 2238 798 2295 matris
822 2245 889 2307 tua,
920 2241 984 2296 ueri
1009 2245 1056 2308 t.e;
1112 2239 1236 2308 Christe,
1253 2238 1481 2307 demonstrasti;
1499 2237 1528 2293 in
1557 2239 1618 2294 tuis
1647 2245 1675 2295 te
1702 2241 1817 2298 invenio
1842 2259 1933 2298 saera·

232 2337 262 2390 et
276 2331 449 2407 priusquam
462 2328 555 2385 exires
571 2328 608 2384 (le
634 2326 730 2394 vulva,
759 2328 939 2398 sanctificavi
966 2333 1006 2390 te,
1030 2333 1059 2384 et
1112 2328 1231 2384 mentia.
1243 2328 1308 2383 llaee
1323 2331 1393 2382 sunt
1412 2331 1468 2382 tua
1484 2342 1550 2382 sera
1564 2332 1750 2385 sacramenta
1778 2329 1933 2402 sapientia,

233 2419 406 2493 prophetam
435 2418 464 2473 in
493 2416 630 2490 gentibus
656 2415 740 2489 posui
770 2420 798 2472 te
826 2416 934 2488 (leram.
952 2419 1057 2489 r,5).-›»
1113 2413 1674 2490 quibusmentisoeeultamundantur.

233 2506 555 2575 Quietantus,cuitam
571 2503 887 2577 magnadelatasuut?
908 2506 1058 2578 Numquid
1147 2502 1486 2576 59.ltaquejam1aetus
1514 2507 1602 2576 atque
1630 2521 1761 2573 securus,
1789 2509 1867 2580 quod
1897 2509 1933 2562 ri·

232 2595 400 2656 ieremias?
414 2595 470 2652 Sed
486 2595 534 2650 ille
545 2610 602 2651 non
614 2592 715 2666 utique
725 2593 754 2648 in
769 2593 908 2666 gentibus
917 2595 1060 2667 propheta
1113 2595 1291 2664 brussetl5i)
1307 2592 1333 2650 ei
1348 2591 1498 2664 sapientia
1514 2591 1675 2666 plenitudo,
1690 2595 1762 2654 dicit
1785 2597 1821 2652 ud
1846 2598 1936 2652 bomi-

217 2686 411 2760 propositus,
422 2685 473 2740 sed
489 2684 518 2739 in
535 2683 637 2740 ludaea
650 2685 721 2737 tuuc
735 2683 886 2753 temporis,
908 2700 986 2739 nunc
1007 2701 1058 2739 au·
1114 2700 1203 2740 uum:
1222 2706 1235 2733 a
1251 2684 1394 2754 asperges
1409 2697 1456 2737 me
1470 2679 1607 2754 hyssopo,
1635 2688 1664 2739 et
1687 2686 1871 2752 mundabor;
1896 2686 1934 2740 la·

232 2780 293 2834 tem
305 2775 394 2831 etiam
410 2773 441 2829 in
456 2772 634 2838 nationibus,
652 2788 715 2843 quae
739 2771 769 2825 in
787 2771 889 2827 lesum
910 2772 1058 2828 Christum
1112 2773 1194 2828 vebis
1209 2787 1265 2840 me,
1279 2777 1307 2826 st
1322 2787 1410 2842 super
1433 2769 1528 2826 nivem
1552 2771 1711 2829 dealbabor
1726 2774 1812 2844 (Paul,
1829 2792 1855 2840 a,
1867 2775 1905 2844 9).
1921 2798 1934 2824 l

232 2864 392 2922 Dominum
407 2863 604 2918 crediderunt.
620 2859 692 2914 Vide
706 2863 805 2915 tomen
821 2862 876 2932 (33)
892 2878 928 2916 ne
944 2860 986 2916 illi
1015 2862 1059 2916 di·
1113 2862 1190 2917 Bene
1205 2865 1234 2916 et
1245 2857 1356 2915 Veteris
1371 2859 1550 2916 Testamenti
1571 2867 1755 2918 sacramenta
1785 2879 1843 2918 non
1872 2879 1933 2920 era·

233 2957 326 3021 eatur,
343 2951 394 3024 qui
408 2955 565 3022 antequam
581 2950 752 3004 nasceretur
772 2964 807 3003 ex
830 2949 960 3022 Virgine,
980 2950 1060 3022 jam·
1114 2955 1190 3018 enat,
1213 2953 1242 3004 et
1268 2947 1439 3019 Euangeliou
1467 2947 1550 3004 docet
1577 2949 1717 3022 mysteria
1742 2951 1934 3023 preterenda3

233 3041 346 3099 dudum
361 3043 432 3104 erat,
444 3043 473 3094 et
487 3042 550 3095 erat
560 3054 685 3109 semper,
699 3041 728 3093 et
742 3037 918 3108 operabatur
931 3038 1017 3094 etium
1029 3038 1060 3093 in
1114 3038 1240 3112 hyssopo
1256 3037 1391 3093 mundari
1407 3037 1569 3093 secundum
1584 3037 1677 3111 legem
1700 3039 1830 3111 postulat
1842 3041 1936 3113 (deod.

233 3135 316 3187 utero
345 3128 442 3185 Maria
469 3127 662 3192 constitutus3
679 3129 708 3182 et
734 3126 909 3183 itasanetus
930 3131 1002 3195 erat,
1028 3131 1061 3182 ut
1114 3145 1165 3196 xri,
1180 3127 1245 3198 22);
1262 3125 1351 3182 lavari
1367 3125 1529 3182 secuudum
1546 3125 1735 3200 Evangelium
1749 3129 1936 3202 concupiscit,

233 3218 428 3278 sanctificaret
442 3215 600 3289 prophetas
615 3230 699 3270 suos:
715 3214 744 3268 in
763 3231 820 3287 quo
849 3214 910 3270 solo
938 3220 967 3270 et
991 3231 1059 3271 con·
1075 3193 1097 3261 C
1115 3221 1143 3272 et
1158 3232 1247 3288 supra
1262 3214 1357 3269 nivem
1374 3231 1406 3270 se
1419 3213 1577 3278 existimat,
1593 3214 1618 3270 si
1633 3213 1711 3272 lotus
1735 3217 1833 3286 suerit,
1859 3217 1939 3275 deal·

233 3312 336 3381 ceptus
350 3305 502 3378 virginalis
516 3307 544 3359 et
559 3307 662 3375 partus
677 3301 741 3358 sino
756 3302 816 3359 ulle
845 3304 899 3359 luit
927 3305 1060 3362 mortalis
1114 3305 1255 3362 handum.
1268 3303 1322 3360 Per
1331 3303 1450 3376 hyssopi
1463 3302 1638 3360 fasciculum
1648 3306 1861 3378 aspergebatur
1873 3307 1937 3380 agni

232 3395 355 3468 originis
368 3393 602 3466 inquinamento.
620 3390 747 3463 Dignum
762 3390 870 3447 etenim
886 3393 940 3448 luit
965 3395 1057 3466 (Cenl'.
1114 3395 1258 3466 sauguine
1272 3393 1367 3464 (teuit.
1383 3408 1441 3457 xiv,
1457 3392 1496 3463 9),
1513 3392 1565 3464 qui
1593 3393 1731 3449 mundari
1759 3394 1875 3450 volebat
1898 3401 1938 3466 ty-

232 3484 261 3541 S.
277 3484 351 3556 Aug.
364 3479 567 3537 lib.1vCentr.
597 3479 666 3534 dues
691 3481 768 3551 epist.
798 3481 894 3549 Petep.
921 3482 1057 3554 eupli),
1114 3482 1177 3555 pico
1193 3479 1375 3552 baptismate.
1390 3480 1621 3535 bavaturautom
1638 3480 1688 3552 qui
1703 3481 1829 3538 diluitur
1842 3482 1940 3538 aterni

231 3578 260 3629 et
274 3571 325 3644 qui
339 3587 398 3626 nen
412 3572 474 3625 erat
488 3568 642 3624 habiturus
669 3584 790 3640 corpore
816 3573 967 3639 peccatum
994 3586 1059 3642 pro·
1113 3569 1202 3626 tontis
1213 3567 1339 3642 irriguo;
1351 3573 1381 3622 et
1395 3583 1485 3639 supra
1502 3566 1598 3624 nivern
1615 3567 1780 3635 dealbatur,
1792 3571 1841 3627 eui
1855 3571 1940 3644 eulpa

230 3659 383 3734 lapsioris,
408 3657 523 3714 nullum
551 3656 673 3714 sentiret
699 3657 896 3728 generationis
924 3658 1058 3716 naturale
1113 3657 1280 3713 dimittitur.
1298 3656 1426 3728 Denique
1440 3655 1476 3711 de
1490 3655 1556 3727 ipsa
1570 3656 1670 3712 anima
1688 3657 1815 3714 dieitur:
1833 3682 1848 3710 «
1873 3661 1939 3726 Qua

230 3748 409 3821 contagium.
426 3745 529 3802 Merito
544 3762 613 3819 ergo
628 3744 718 3801 David
734 3744 869 3802 flebiliter
889 3747 917 3801 in
946 3764 977 3804 se
1005 3749 1057 3804 de·
1112 3747 1322 3817 rethiamque
1351 3744 1483 3800 aseendit
1511 3743 1647 3802 dealbata
1675 3745 1938 3820 (Caetera-mla

229 3836 352 3913 ploravit
375 3837 439 3909 ipsa
467 3835 691 3907 inquinamenta
718 3840 840 3904 natura,
869 3836 945 3907 quod
974 3838 1058 3908 prius
1111 3837 1275 3907 Antequam
1304 3833 1511 3905 baptizaretur,
1540 3833 1605 3906 ipsa
1637 3837 1683 3890 est
1710 3851 1775 3907 qua
1805 3837 1938 3894 dicebat:

228 3927 370 4001 inciperet
383 3926 414 3980 in
429 3923 549 3981 homine
562 3922 677 3980 macula
692 3941 780 3996 quarn
796 3924 864 3980 vita.
1113 3946 1126 3974 «
1142 3924 1231 3996 Nigra
1245 3938 1312 3978 eum
1328 3926 1356 3978 et
1369 3921 1483 3990 decora,
1497 3920 1562 3976 filiae
1574 3921 1736 3979 Jerusalem
1748 3923 1840 3995 (Ceut.
1853 3943 1872 3994 1,
1884 3927 1939 3998 ⁴)·”

544 4039 660 4097 CAPUT
679 4039 740 4093 ΧΠ,
1112 4011 1272 4069 beatenim
1290 4011 1385 4082 nigra,
1411 4011 1575 4076 tenebrosa,
1605 4015 1791 4083 peccalorum
1821 4013 1941 4072 horrere

230 4132 374 4203 confitenti
401 4138 539 4201 peceatum
569 4129 688 4183 caeleate
718 4133 889 4183 recremento
924 4130 1057 4186 diviniter
1111 4099 1329 4198 deffif'qiffied
1348 4103 1449 4198 9⁰⁸⁸ss
1464 4115 1552 4196 ‘llam
1569 4099 1671 4156 “blm
1685 4116 1737 4172 ΡΘΓ
1755 4101 1941 4201 baptismum

264 4203 393 4275 patefieri
402 4220 412 4256 :
427 4218 488 4257 eum
499 4201 558 4256 ltere
575 4202 679 4254 iar-erte
690 4199 720 4252 ie
734 4199 840 4269 psalmo
855 4198 992 4268 dicuntur,
1014 4203 1056 4256 ai·
1111 4203 1315 4244 remissionem
1332 4193 1438 4242 meruit
1453 4184 1638 4256 delictorum,
1655 4187 1790 4248 dealbata
1809 4193 1942 4248 meandri

265 4273 393 4345 gnificeri
415 4289 472 4328 nee
499 4286 556 4326 esse
582 4271 739 4341 manifeste,
768 4270 815 4324 aed
839 4273 980 4343 proeeipue
1008 4272 1057 4329 lree
1111 4277 1146 4334 ad
1163 4276 1322 4332 Christum.
1339 4275 1453 4331 ladeet
1472 4292 1524 4348 per
1543 4276 1648 4332 lsaiam
1666 4278 1808 4335 Dominus
1823 4279 1940 4337 loeutus

266 4347 322 4400 ¹0⁶0
338 4343 506 4416 baduilla&
521 4342 661 4397 iflvssmlm
671 4343 859 4412 l'laefitlur‘m'·
1110 4371 1156 4422 est
1169 4365 1285 4438 dicens:
1303 4363 1358 4420 «Si
1374 4363 1483 4420 fuerint
1497 4370 1615 4437 peecata
1633 4371 1731 4423 vostra
1756 4367 1836 4426 sicut
1859 4370 1941 4442 phte-

265 4460 310 4514 58.
326 4458 403 4515 Dum
427 4457 488 4512 baec
517 4456 597 4527 dicit,
625 4462 654 4513 et
682 4460 867 4529 peccatorum
883 4456 1055 4530 specialium
1111 4455 1230 4520 nirium,
1248 4461 1279 4508 ut
1294 4455 1389 4508 nivem
1406 4451 1546 4508 dealbabo
1560 4455 1645 4522 (Paul.
1665 4473 1684 4520 1,
1707 4456 1763 4526 18),
1795 4481 1808 4506 a
1840 4459 1941 4526 idest,

231 4553 319 4620 atque
333 4545 536 4601 communium
551 4545 704 4601 colluviem
720 4546 884 4613 confitetur,
905 4547 1003 4604 subite
1031 4549 1056 4604 ei
1073 4559 1095 4624 D
1112 4543 1136 4600 si
1151 4546 1282 4611 eruenta,
1295 4541 1319 4598 si
1334 4547 1419 4609 tetra,
1433 4540 1593 4598 mundabo.
1605 4542 1669 4598 Haec
1693 4548 1738 4624 est
1767 4544 1817 4601 nix
1832 4545 1941 4603 intelli·

230 4634 371 4709 splendor
384 4630 524 4699 veritatis,
539 4637 568 4686 et
582 4632 691 4687 eander
704 4633 804 4703 gratio
817 4631 957 4704 spiritalis
972 4634 1056 4690 ailul-
1109 4631 1217 4706 gibbis,
1234 4631 1270 4687 de
1286 4648 1343 4702 qua
1357 4630 1398 4685 eit
1412 4630 1491 4701 quod
1512 4631 1627 4687 Domini
1651 4632 1723 4688 lesu
1751 4632 1783 4688 in
1813 4635 1939 4706 Evange·

229 4724 508 4795 sit.Supergressus
529 4720 606 4776 enim
635 4720 779 4784 umbram,
795 4721 900 4793 spiritu
928 4723 1053 4796 prophe·
1108 4721 1147 4776 lio
1172 4719 1274 4792 (llottlr.
1305 4737 1375 4786 xvir,
1404 4723 1432 4790 2)
1462 4717 1631 4775 relulserint
1658 4721 1836 4778 vestimenta
1861 4724 1938 4780 sieut

227 4815 284 4871 tice
299 4812 364 4884 ipsa
375 4809 449 4865 vidit
462 4812 571 4880 myster
582 4823 666 4863 orum
682 4812 865 4863 sacramenta
879 4809 1052 4878 coelestium,
1108 4810 1176 4875 nix;
1192 4825 1225 4864 eo
1238 4808 1316 4880 qued
1332 4811 1483 4879 peceatum
1500 4823 1557 4862 nen
1574 4809 1749 4881 cognoverit.
1769 4813 1842 4868 Caro
1857 4811 1935 4868 enim
2046 4873 2047 4888 ἶ

227 4918 354 4976 quorum
367 4904 469 4974 typum
483 4897 598 4969 Moyses
611 4895 808 4968 praefigurarit
822 4897 852 4950 in
867 4898 928 4971 lege
950 4900 1052 4971 (b'red.
1108 4915 1166 4969 qua
1181 4913 1212 4953 se
1226 4896 1332 4962 induit,
1347 4895 1382 4951 ab
1398 4897 1478 4951 omni
1494 4895 1588 4952 luerat
1603 4897 1713 4953 munda
1737 4897 1844 4957 delicto
1866 4901 1934 4972 (35).

225 5081 289 5153 ipse
303 5083 407 5152 partus
421 5078 509 5134 babet
520 5074 656 5148 contagia
669 5091 732 5137 sua,
747 5090 799 5128 nec
815 5091 906 5129 unum
922 5080 1051 5131 tanturn·
1107 5077 1185 5134 enim
1203 5093 1259 5130 non
1276 5074 1305 5130 in
1321 5073 1457 5145 gentibus
1477 5074 1618 5146 propheta
1639 5077 1819 5148 propositus,
1838 5079 1885 5133 sed
1905 5079 1934 5130 in

227 5153 313 5207 modo
329 5152 416 5206 babet
430 5151 495 5217 ipsa
509 5153 613 5203 natura
627 5146 807 5217 contagium.
825 5145 904 5200 Unde
933 5146 963 5201 in
988 5147 1053 5220 lage
1106 5150 1207 5204 diedesa
1222 5151 1348 5210 lautum,
1364 5147 1432 5201 lieet
1451 5162 1528 5200 nuuc
1554 5146 1641 5201 etium
1668 5147 1698 5202 in
1728 5149 1933 5204 nationibus...

226 5223 290 5279 dies
306 5227 417 5293 partus,
431 5226 459 5276 et
470 5219 599 5292 plerique
610 5216 658 5274 alii
674 5216 842 5273 asarritleie
859 5217 954 5272 leriati
966 5225 1049 5274 sunt:
1106 5221 1178 5274 Vide
1194 5219 1293 5290 igitur,
1309 5225 1387 5272 eles

227 5292 333 5346 mulier
345 5293 424 5347 enirn
440 5309 503 5362 quae
516 5290 674 5362 generavit,
692 5305 749 5342 nou
776 5293 869 5358 petest
894 5290 922 5342 iu
946 5289 1052 5344 diebus
1154 5293 1198 5358 34)
1218 5289 1360 5354 librasset,
1377 5286 1598 5360 suppleretur,
1614 5289 1644 5344 id
1665 5292 1719 5356 cst,
1735 5285 1905 5346 illuxisset'

227 5362 409 5432 purgationis
421 5379 480 5417 sues
507 5363 609 5416 offerre
639 5360 827 5427 sacrificium,
858 5376 910 5413 nee
937 5359 1050 5430 ingredi
1142 5357 1424 5433 r35)ltaerlit.Gill.
1446 5374 1479 5413 ac
1508 5359 1591 5427 Rom,
1609 5375 1675 5416 eum
1706 5377 1778 5417 mss.
1808 5360 1926 5432 aliquot.

226 5433 437 5499 sanctuarium,
467 5433 559 5487 donee
589 5433 718 5504 legitimo
747 5431 804 5484 ritu
842 5430 1001 5486 inundetur
1034 5451 1052 5487 a
1106 5434 1180 5488 Edit.
1197 5435 1260 5487 Am.
1286 5437 1373 5501 atque
1402 5429 1476 5495 lira,
1505 5446 1561 5490 noe
1589 5433 1743 5502 cognouerit
1767 5448 1827 5488 coro
1852 5432 1926 5502 ejus:

225 5503 297 5558 latu.
316 5523 330 5549 u
1106 5503 1214 5575 queude
1227 5520 1254 5558 ae
1269 5503 1359 5556 telluri
1373 5503 1500 5556 erudiens
1514 5503 1544 5556 ie
1572 5501 1645 5558 laune
1659 5503 1803 5566 mundum.
1816 5501 1848 5558 ot
1864 5517 1925 5556 em·

261 5569 319 5641 (33)
334 5570 378 5623 lto
390 5587 462 5624 mss.
478 5573 591 5626 uendit.
610 5588 721 5631 omues.
738 5577 858 5641 excepta
886 5571 982 5638 Rom..
1000 5573 1050 5628 ubi
1104 5577 1216 5641 ni,etc.
1242 5576 1371 5639 Ouatuer
1397 5589 1480 5636 ures„
1512 5589 1568 5627 uon
1595 5577 1749 5646 cognouerit
1774 5591 1833 5630 oure
1854 5573 1925 5643 cjrrs.

226 5641 356 5711 legitur:
377 5658 391 5690 ι
417 5639 566 5708 Numquid
579 5641 721 5696 ieremias
731 5644 745 5695 ‘l
773 5642 836 5698 Non
866 5643 977 5715 utique.
1000 5644 1051 5700 llie
1105 5663 1158 5718 qua
1172 5662 1199 5702 re
1214 5645 1339 5701 induit...
1351 5643 1470 5700 edomet
1484 5645 1579 5716 fuant,
1596 5649 1650 5702 etc.
1661 5643 1724 5702 Non
1748 5643 1821 5704 male
1834 5641 1855 5698 si
1869 5640 1924 5696 ad·
