<?xml version="1.0" encoding="UTF-8"?>
<!DOCTYPE html PUBLIC "-//W3C//DTD XHTML 1.0 Transitional//EN"
    "http://www.w3.org/TR/xhtml1/DTD/xhtml1-transitional.dtd">
<html xmlns="http://www.w3.org/1999/xhtml" xml:lang="en" lang="en">
 <head>
  <title>
</title>
<meta http-equiv="Content-Type" content="text/html;charset=utf-8" />
  <meta name='ocr-system' content='tesseract 3.04.00' />
  <meta name='ocr-capabilities' content='ocr_page ocr_carea ocr_par ocr_line ocrx_word'/>
</head>
<body>
  <div class='ocr_page' id='page_1' title='image "./patrologiaecurs31goog_0283.png"; bbox 0 0 4159 6184; ppageno 0'>
   <div class='ocr_carea' id='block_1_1' title="bbox 175 362 1862 433">
    <p class='ocr_par' dir='ltr' id='par_1_1' title="bbox 175 362 1862 433">
     <span class='ocr_line' id='line_1_1' title="bbox 175 362 1862 433; baseline 0.004 -7"><span class='ocrx_word' id='word_1_1' title='bbox 175 364 222 426; x_wconf 77' lang='lat'><strong>557</strong></span> <span class='ocrx_word' id='word_1_2' title='bbox 734 362 850 428; x_wconf 77' lang='lat' dir='ltr'><strong>LlBllli</strong></span> <span class='ocrx_word' id='word_1_3' title='bbox 871 367 922 427; x_wconf 72' lang='lat' dir='ltr'><strong>DF.</strong></span> <span class='ocrx_word' id='word_1_4' title='bbox 944 366 1060 427; x_wconf 76' lang='lat' dir='ltr'><strong>isaac</strong></span> <span class='ocrx_word' id='word_1_5' title='bbox 1081 367 1132 427; x_wconf 73' lang='lat' dir='ltr'><strong>bv</strong></span> <span class='ocrx_word' id='word_1_6' title='bbox 1155 363 1293 428; x_wconf 76' lang='lat' dir='ltr'><strong>salua.</strong></span> <span class='ocrx_word' id='word_1_7' title='bbox 1802 369 1862 433; x_wconf 77' lang='grc'><strong>558</strong></span> 
     </span>
    </p>
   </div>
   <div class='ocr_carea' id='block_1_2' title="bbox 158 496 1954 1996">
    <p class='ocr_par' dir='ltr' id='par_1_2' title="bbox 158 496 1954 1996">
     <span class='ocr_line' id='line_1_2' title="bbox 174 496 1861 573; baseline 0.005 -21"><span class='ocrx_word' id='word_1_8' title='bbox 174 497 201 553; x_wconf 93' lang='lat' dir='ltr'><strong>ln</strong></span> <span class='ocrx_word' id='word_1_9' title='bbox 222 496 325 564; x_wconf 85' lang='lat' dir='ltr'><strong>trente,</strong></span> <span class='ocrx_word' id='word_1_10' title='bbox 353 500 387 553; x_wconf 91' lang='lat' dir='ltr'><strong>ut</strong></span> <span class='ocrx_word' id='word_1_11' title='bbox 408 512 524 572; x_wconf 81' lang='lat' dir='ltr'><strong>semper</strong></span> <span class='ocrx_word' id='word_1_12' title='bbox 553 498 759 568; x_wconf 80' lang='lat' dir='ltr'><strong>confiteamur3</strong></span> <span class='ocrx_word' id='word_1_13' title='bbox 780 499 810 555; x_wconf 91' lang='lat' dir='ltr'><strong>in</strong></span> <span class='ocrx_word' id='word_1_14' title='bbox 836 500 932 567; x_wconf 90' lang='lat' dir='ltr'><strong>corde,</strong></span> <span class='ocrx_word' id='word_1_15' title='bbox 953 503 986 556; x_wconf 86' lang='lat' dir='ltr'><strong>ut</strong></span> <span class='ocrx_word' id='word_1_16' title='bbox 1000 501 1026 566; x_wconf 76' lang='grc' dir='ltr'><strong>Α</strong></span> <span class='ocrx_word' id='word_1_17' title='bbox 1042 500 1219 569; x_wconf 73' lang='lat' dir='ltr'>penetrabat.</span> <span class='ocrx_word' id='word_1_18' title='bbox 1253 502 1287 553; x_wconf 78' lang='lat' dir='ltr'><strong>ot</strong></span> <span class='ocrx_word' id='word_1_19' title='bbox 1310 513 1377 554; x_wconf 85' lang='lat' dir='ltr'><strong>vere</strong></span> <span class='ocrx_word' id='word_1_20' title='bbox 1403 497 1454 553; x_wconf 79' lang='lat' dir='ltr'><strong>ala</strong></span> <span class='ocrx_word' id='word_1_21' title='bbox 1472 497 1560 571; x_wconf 87' lang='lat' dir='ltr'><strong>ignis,</strong></span> <span class='ocrx_word' id='word_1_22' title='bbox 1581 499 1651 571; x_wconf 90' lang='lat' dir='ltr'><strong>quia</strong></span> <span class='ocrx_word' id='word_1_23' title='bbox 1669 498 1786 573; x_wconf 87' lang='lat' dir='ltr'><strong>eloquia</strong></span> <span class='ocrx_word' id='word_1_24' title='bbox 1804 503 1861 559; x_wconf 87' lang='lat' dir='ltr'><strong>Do·</strong></span> 
     </span>
     <span class='ocr_line' id='line_1_3' title="bbox 174 584 1859 661; baseline 0.002 -16"><span class='ocrx_word' id='word_1_25' title='bbox 174 601 277 661; x_wconf 81' lang='lat' dir='ltr'><strong>semper</strong></span> <span class='ocrx_word' id='word_1_26' title='bbox 304 584 480 659; x_wconf 88' lang='lat' dir='ltr'><strong>diligamua;</strong></span> <span class='ocrx_word' id='word_1_27' title='bbox 517 587 703 661; x_wconf 71' lang='lat' dir='ltr'><strong>signaculum</strong></span> <span class='ocrx_word' id='word_1_28' title='bbox 730 588 760 644; x_wconf 92' lang='lat' dir='ltr'><strong>in</strong></span> <span class='ocrx_word' id='word_1_29' title='bbox 789 586 919 652; x_wconf 89' lang='lat' dir='ltr'><strong>brachio,</strong></span> <span class='ocrx_word' id='word_1_30' title='bbox 950 592 984 643; x_wconf 91' lang='lat' dir='ltr'><strong>ot</strong></span> <span class='ocrx_word' id='word_1_31' title='bbox 1037 588 1122 652; x_wconf 91' lang='lat' dir='ltr'><strong>mini,</strong></span> <span class='ocrx_word' id='word_1_32' title='bbox 1141 587 1258 660; x_wconf 87' lang='lat' dir='ltr'><strong>eloquia</strong></span> <span class='ocrx_word' id='word_1_33' title='bbox 1277 591 1367 654; x_wconf 89' lang='lat' dir='ltr'><strong>casta,</strong></span> <span class='ocrx_word' id='word_1_34' title='bbox 1389 591 1544 659; x_wconf 89' lang='lat' dir='ltr'><strong>argentum</strong></span> <span class='ocrx_word' id='word_1_35' title='bbox 1563 588 1631 661; x_wconf 93' lang='lat' dir='ltr'><strong>igne</strong></span> <span class='ocrx_word' id='word_1_36' title='bbox 1650 590 1859 648; x_wconf 84' lang='lat' dir='ltr'><strong>examinatum.</strong></span> 
     </span>
     <span class='ocr_line' id='line_1_4' title="bbox 173 674 1863 750; baseline 0.003 -18"><span class='ocrx_word' id='word_1_37' title='bbox 173 682 277 748; x_wconf 86' lang='lat' dir='ltr'><strong>semper</strong></span> <span class='ocrx_word' id='word_1_38' title='bbox 290 689 454 749; x_wconf 87' lang='lat' dir='ltr'><strong>operemur.</strong></span> <span class='ocrx_word' id='word_1_39' title='bbox 471 676 579 734; x_wconf 87' lang='lat' dir='ltr'><strong>Luceat</strong></span> <span class='ocrx_word' id='word_1_40' title='bbox 593 692 662 750; x_wconf 91' lang='lat' dir='ltr'><strong>ergo</strong></span> <span class='ocrx_word' id='word_1_41' title='bbox 677 676 774 750; x_wconf 90' lang='lat' dir='ltr'><strong>imago</strong></span> <span class='ocrx_word' id='word_1_42' title='bbox 789 677 854 749; x_wconf 87' lang='lat' dir='ltr'><strong>ejus</strong></span> <span class='ocrx_word' id='word_1_43' title='bbox 868 674 898 731; x_wconf 91' lang='lat' dir='ltr'><strong>in</strong></span> <span class='ocrx_word' id='word_1_44' title='bbox 914 692 983 732; x_wconf 92' lang='lat' dir='ltr'><strong>con·</strong></span> <span class='ocrx_word' id='word_1_45' title='bbox 1036 677 1110 732; x_wconf 79' lang='lat' dir='ltr'><strong>Cum</strong></span> <span class='ocrx_word' id='word_1_46' title='bbox 1130 676 1237 733; x_wconf 89' lang='lat' dir='ltr'><strong>Paulus</strong></span> <span class='ocrx_word' id='word_1_47' title='bbox 1255 687 1373 748; x_wconf 92' lang='lat' dir='ltr'><strong>quoque</strong></span> <span class='ocrx_word' id='word_1_48' title='bbox 1393 679 1593 733; x_wconf 78' lang='lat' dir='ltr'><strong>assumeretur</strong></span> <span class='ocrx_word' id='word_1_49' title='bbox 1612 694 1629 731; x_wconf 89' lang='lat' dir='ltr'><strong>a</strong></span> <span class='ocrx_word' id='word_1_50' title='bbox 1646 677 1773 747; x_wconf 84' lang='lat' dir='ltr'><strong>Christo,</strong></span> <span class='ocrx_word' id='word_1_51' title='bbox 1789 680 1863 738; x_wconf 93' lang='lat' dir='ltr'><strong>vidit</strong></span> 
     </span>
     <span class='ocr_line' id='line_1_5' title="bbox 171 762 1862 841; baseline 0.003 -20"><span class='ocrx_word' id='word_1_52' title='bbox 171 762 285 821; x_wconf 83' lang='lat' dir='ltr'><strong>sessione</strong></span> <span class='ocrx_word' id='word_1_53' title='bbox 303 766 414 822; x_wconf 86' lang='lat' dir='ltr'><strong>nostra.</strong></span> <span class='ocrx_word' id='word_1_54' title='bbox 435 765 543 823; x_wconf 84' lang='lat' dir='ltr'><strong>Luceat</strong></span> <span class='ocrx_word' id='word_1_55' title='bbox 570 764 600 822; x_wconf 92' lang='lat' dir='ltr'><strong>in</strong></span> <span class='ocrx_word' id='word_1_56' title='bbox 628 764 781 823; x_wconf 78' lang='lat' dir='ltr'><strong>dilectione</strong></span> <span class='ocrx_word' id='word_1_57' title='bbox 800 765 867 837; x_wconf 85' lang='lat'><strong>(54),</strong></span> <span class='ocrx_word' id='word_1_58' title='bbox 888 763 984 821; x_wconf 88' lang='lat' dir='ltr'><strong>luceat</strong></span> <span class='ocrx_word' id='word_1_59' title='bbox 1037 762 1271 822; x_wconf 77' lang='lat' dir='ltr'><strong>circumfulsisse</strong></span> <span class='ocrx_word' id='word_1_60' title='bbox 1290 780 1379 838; x_wconf 91' lang='lat' dir='ltr'><strong>super</strong></span> <span class='ocrx_word' id='word_1_61' title='bbox 1397 780 1429 820; x_wconf 91' lang='lat' dir='ltr'><strong>se</strong></span> <span class='ocrx_word' id='word_1_62' title='bbox 1447 763 1557 833; x_wconf 91' lang='lat' dir='ltr'><strong>lumen,</strong></span> <span class='ocrx_word' id='word_1_63' title='bbox 1578 770 1607 821; x_wconf 94' lang='lat' dir='ltr'><strong>et</strong></span> <span class='ocrx_word' id='word_1_64' title='bbox 1625 782 1714 839; x_wconf 88' lang='lat' dir='ltr'><strong>super</strong></span> <span class='ocrx_word' id='word_1_65' title='bbox 1732 784 1782 825; x_wconf 91' lang='lat' dir='ltr'><strong>ecs</strong></span> <span class='ocrx_word' id='word_1_66' title='bbox 1811 770 1862 841; x_wconf 91' lang='lat' dir='ltr'><strong>qui</strong></span> 
     </span>
     <span class='ocr_line' id='line_1_6' title="bbox 169 850 1862 928; baseline 0.005 -21"><span class='ocrx_word' id='word_1_67' title='bbox 169 850 196 908; x_wconf 92' lang='lat' dir='ltr'><strong>iu</strong></span> <span class='ocrx_word' id='word_1_68' title='bbox 212 851 347 924; x_wconf 89' lang='lat' dir='ltr'><strong>operibus</strong></span> <span class='ocrx_word' id='word_1_69' title='bbox 365 856 394 909; x_wconf 89' lang='lat' dir='ltr'><strong>et</strong></span> <span class='ocrx_word' id='word_1_70' title='bbox 414 852 510 922; x_wconf 82' lang='lat' dir='ltr'><strong>lactis,</strong></span> <span class='ocrx_word' id='word_1_71' title='bbox 527 857 560 910; x_wconf 89' lang='lat' dir='ltr'><strong>ut</strong></span> <span class='ocrx_word' id='word_1_72' title='bbox 582 854 608 910; x_wconf 91' lang='lat' dir='ltr'><strong>si</strong></span> <span class='ocrx_word' id='word_1_73' title='bbox 630 854 694 912; x_wconf 87' lang='lat' dir='ltr'><strong>lieri</strong></span> <span class='ocrx_word' id='word_1_74' title='bbox 717 857 822 927; x_wconf 92' lang='lat' dir='ltr'><strong>potest,</strong></span> <span class='ocrx_word' id='word_1_75' title='bbox 837 858 900 911; x_wconf 87' lang='lat' dir='ltr'><strong>tota</strong></span> <span class='ocrx_word' id='word_1_76' title='bbox 918 855 982 928; x_wconf 88' lang='lat' dir='ltr'><strong>ejus</strong></span> <span class='ocrx_word' id='word_1_77' title='bbox 1038 852 1129 911; x_wconf 91' lang='lat' dir='ltr'><strong>simul</strong></span> <span class='ocrx_word' id='word_1_78' title='bbox 1145 857 1239 919; x_wconf 89' lang='lat' dir='ltr'><strong>arant,</strong></span> <span class='ocrx_word' id='word_1_79' title='bbox 1254 852 1358 909; x_wconf 87' lang='lat' dir='ltr'><strong>cecidit</strong></span> <span class='ocrx_word' id='word_1_80' title='bbox 1377 869 1394 909; x_wconf 90' lang='lat' dir='ltr'><strong>a</strong></span> <span class='ocrx_word' id='word_1_81' title='bbox 1412 868 1528 925; x_wconf 91' lang='lat' dir='ltr'><strong>pavore,</strong></span> <span class='ocrx_word' id='word_1_82' title='bbox 1547 854 1576 909; x_wconf 91' lang='lat' dir='ltr'><strong>ct</strong></span> <span class='ocrx_word' id='word_1_83' title='bbox 1595 855 1744 926; x_wconf 73' lang='lat' dir='ltr'><strong>probatior</strong></span> <span class='ocrx_word' id='word_1_84' title='bbox 1763 874 1862 915; x_wconf 89' lang='lat' dir='ltr'><strong>resur-</strong></span> 
     </span>
     <span class='ocr_line' id='line_1_7' title="bbox 169 939 1862 1017; baseline 0.004 -20"><span class='ocrx_word' id='word_1_85' title='bbox 169 939 271 1013; x_wconf 86' lang='lat' dir='ltr'><strong>spsciss</strong></span> <span class='ocrx_word' id='word_1_86' title='bbox 287 940 467 1014; x_wconf 78' lang='lat' dir='ltr'><strong>exprimatur</strong></span> <span class='ocrx_word' id='word_1_87' title='bbox 490 941 519 998; x_wconf 95' lang='lat' dir='ltr'><strong>in</strong></span> <span class='ocrx_word' id='word_1_88' title='bbox 544 941 640 1000; x_wconf 90' lang='lat' dir='ltr'><strong>nobis.</strong></span> <span class='ocrx_word' id='word_1_89' title='bbox 656 943 721 1015; x_wconf 91' lang='lat' dir='ltr'><strong>lpse</strong></span> <span class='ocrx_word' id='word_1_90' title='bbox 745 942 785 999; x_wconf 91' lang='lat' dir='ltr'><strong>sit</strong></span> <span class='ocrx_word' id='word_1_91' title='bbox 807 946 896 1016; x_wconf 89' lang='lat' dir='ltr'><strong>caput</strong></span> <span class='ocrx_word' id='word_1_92' title='bbox 915 959 983 1001; x_wconf 88' lang='lat' dir='ltr'><strong>nos·</strong></span> <span class='ocrx_word' id='word_1_93' title='bbox 1036 941 1133 999; x_wconf 88' lang='lat' dir='ltr'><strong>rexit:</strong></span> <span class='ocrx_word' id='word_1_94' title='bbox 1154 942 1280 1013; x_wconf 91' lang='lat' dir='ltr'><strong>denique</strong></span> <span class='ocrx_word' id='word_1_95' title='bbox 1298 940 1448 1014; x_wconf 88' lang='lat' dir='ltr'><strong>apostolus</strong></span> <span class='ocrx_word' id='word_1_96' title='bbox 1467 942 1562 999; x_wconf 84' lang='lat' dir='ltr'><strong>tactus</strong></span> <span class='ocrx_word' id='word_1_97' title='bbox 1580 945 1706 1015; x_wconf 74' lang='lat' dir='ltr'><strong>est,.qui</strong></span> <span class='ocrx_word' id='word_1_98' title='bbox 1726 961 1862 1017; x_wconf 87' lang='lat' dir='ltr'><strong>persecu-</strong></span> 
     </span>
     <span class='ocr_line' id='line_1_8' title="bbox 167 1028 1861 1105; baseline 0.004 -20"><span class='ocrx_word' id='word_1_99' title='bbox 167 1028 323 1102; x_wconf 85' lang='lat' dir='ltr'><strong>trum,quia</strong></span> <span class='ocrx_word' id='word_1_100' title='bbox 336 1033 424 1103; x_wconf 90' lang='lat' dir='ltr'><strong>caput</strong></span> <span class='ocrx_word' id='word_1_101' title='bbox 436 1029 490 1085; x_wconf 90' lang='lat' dir='ltr'><strong>viri</strong></span> <span class='ocrx_word' id='word_1_102' title='bbox 505 1030 640 1089; x_wconf 84' lang='lat' dir='ltr'><strong>Christus</strong></span> <span class='ocrx_word' id='word_1_103' title='bbox 657 1048 664 1087; x_wconf 81' lang='grc' dir='ltr'><strong>ι</strong></span> <span class='ocrx_word' id='word_1_104' title='bbox 679 1030 742 1105; x_wconf 90' lang='lat' dir='ltr'><strong>ipse</strong></span> <span class='ocrx_word' id='word_1_105' title='bbox 756 1032 859 1089; x_wconf 89' lang='lat' dir='ltr'><strong>oculus</strong></span> <span class='ocrx_word' id='word_1_106' title='bbox 873 1034 982 1101; x_wconf 86' lang='lat' dir='ltr'><strong>noster,</strong></span> <span class='ocrx_word' id='word_1_107' title='bbox 1038 1035 1085 1087; x_wconf 91' lang='lat' dir='ltr'><strong>tor</strong></span> <span class='ocrx_word' id='word_1_108' title='bbox 1103 1031 1269 1087; x_wconf 89' lang='lat' dir='ltr'><strong>advenerat.</strong></span> <span class='ocrx_word' id='word_1_109' title='bbox 1283 1030 1412 1103; x_wconf 83' lang='lat' dir='ltr'><strong>Spiritus</strong></span> <span class='ocrx_word' id='word_1_110' title='bbox 1426 1045 1541 1102; x_wconf 87' lang='lat' dir='ltr'><strong>quoque</strong></span> <span class='ocrx_word' id='word_1_111' title='bbox 1560 1035 1681 1088; x_wconf 89' lang='lat' dir='ltr'><strong>sanctus</strong></span> <span class='ocrx_word' id='word_1_112' title='bbox 1700 1033 1861 1103; x_wconf 89' lang='lat' dir='ltr'><strong>descendit,</strong></span> 
     </span>
     <span class='ocr_line' id='line_1_9' title="bbox 168 1108 1861 1194; baseline 0.004 -20"><span class='ocrx_word' id='word_1_113' title='bbox 168 1121 199 1174; x_wconf 88' lang='lat' dir='ltr'><strong>ot</strong></span> <span class='ocrx_word' id='word_1_114' title='bbox 217 1134 268 1191; x_wconf 90' lang='lat' dir='ltr'><strong>per</strong></span> <span class='ocrx_word' id='word_1_115' title='bbox 289 1116 374 1174; x_wconf 90' lang='lat' dir='ltr'><strong>illum</strong></span> <span class='ocrx_word' id='word_1_116' title='bbox 398 1118 550 1177; x_wconf 87' lang='lat' dir='ltr'><strong>videamus</strong></span> <span class='ocrx_word' id='word_1_117' title='bbox 565 1120 679 1177; x_wconf 83' lang='lat' dir='ltr'><strong>Patrem</strong></span> <span class='ocrx_word' id='word_1_118' title='bbox 696 1138 703 1177; x_wconf 91' lang='lat'><strong>:</strong></span> <span class='ocrx_word' id='word_1_119' title='bbox 720 1120 783 1193; x_wconf 88' lang='lat' dir='ltr'><strong>ipsa</strong></span> <span class='ocrx_word' id='word_1_120' title='bbox 801 1137 856 1177; x_wconf 83' lang='lat' dir='ltr'><strong>vox</strong></span> <span class='ocrx_word' id='word_1_121' title='bbox 869 1108 981 1189; x_wconf 76' lang='lat' dir='ltr'><strong>nostra,</strong></span> <span class='ocrx_word' id='word_1_122' title='bbox 1037 1123 1067 1176; x_wconf 92' lang='lat' dir='ltr'><strong>et</strong></span> <span class='ocrx_word' id='word_1_123' title='bbox 1099 1118 1220 1192; x_wconf 90' lang='lat' dir='ltr'><strong>replevit</strong></span> <span class='ocrx_word' id='word_1_124' title='bbox 1239 1122 1331 1176; x_wconf 88' lang='lat' dir='ltr'><strong>totam</strong></span> <span class='ocrx_word' id='word_1_125' title='bbox 1350 1118 1471 1175; x_wconf 92' lang='lat' dir='ltr'><strong>domum</strong></span> <span class='ocrx_word' id='word_1_126' title='bbox 1498 1118 1527 1173; x_wconf 91' lang='lat' dir='ltr'><strong>iu</strong></span> <span class='ocrx_word' id='word_1_127' title='bbox 1555 1134 1613 1190; x_wconf 88' lang='lat' dir='ltr'><strong>qua</strong></span> <span class='ocrx_word' id='word_1_128' title='bbox 1640 1125 1724 1177; x_wconf 90' lang='lat' dir='ltr'><strong>crant</strong></span> <span class='ocrx_word' id='word_1_129' title='bbox 1742 1122 1861 1194; x_wconf 91' lang='lat' dir='ltr'><strong>plurimi</strong></span> 
     </span>
     <span class='ocr_line' id='line_1_10' title="bbox 166 1206 1861 1283; baseline 0.003 -20"><span class='ocrx_word' id='word_1_130' title='bbox 166 1224 313 1281; x_wconf 86' lang='lat' dir='ltr'><strong>perquem</strong></span> <span class='ocrx_word' id='word_1_131' title='bbox 328 1207 485 1281; x_wconf 87' lang='lat' dir='ltr'><strong>loquamur</strong></span> <span class='ocrx_word' id='word_1_132' title='bbox 498 1209 534 1266; x_wconf 89' lang='lat' dir='ltr'><strong>ad</strong></span> <span class='ocrx_word' id='word_1_133' title='bbox 550 1210 665 1266; x_wconf 89' lang='lat' dir='ltr'><strong>Patrem</strong></span> <span class='ocrx_word' id='word_1_134' title='bbox 682 1226 688 1265; x_wconf 96' lang='lat'><strong>:</strong></span> <span class='ocrx_word' id='word_1_135' title='bbox 705 1209 769 1283; x_wconf 90' lang='lat' dir='ltr'><strong>ipsc</strong></span> <span class='ocrx_word' id='word_1_136' title='bbox 783 1210 910 1281; x_wconf 87' lang='lat' dir='ltr'><strong>dextera,</strong></span> <span class='ocrx_word' id='word_1_137' title='bbox 932 1227 984 1283; x_wconf 92' lang='lat' dir='ltr'><strong>per</strong></span> <span class='ocrx_word' id='word_1_138' title='bbox 1037 1208 1182 1276; x_wconf 87' lang='lat' dir='ltr'><strong>sedentes,</strong></span> <span class='ocrx_word' id='word_1_139' title='bbox 1198 1212 1228 1263; x_wconf 90' lang='lat' dir='ltr'><strong>et</strong></span> <span class='ocrx_word' id='word_1_140' title='bbox 1240 1207 1308 1264; x_wconf 78' lang='lat' dir='ltr'><strong>vise</strong></span> <span class='ocrx_word' id='word_1_141' title='bbox 1323 1210 1394 1265; x_wconf 91' lang='lat' dir='ltr'><strong>sunt</strong></span> <span class='ocrx_word' id='word_1_142' title='bbox 1407 1206 1566 1280; x_wconf 79' lang='lat' dir='ltr'><strong>dispertitae</strong></span> <span class='ocrx_word' id='word_1_143' title='bbox 1588 1207 1695 1281; x_wconf 83' lang='lat' dir='ltr'><strong>lingue</strong></span> <span class='ocrx_word' id='word_1_144' title='bbox 1718 1214 1861 1283; x_wconf 88' lang='lat' dir='ltr'><strong>tanquam</strong></span> 
     </span>
     <span class='ocr_line' id='line_1_11' title="bbox 168 1295 1863 1370; baseline 0.003 -18"><span class='ocrx_word' id='word_1_145' title='bbox 168 1313 246 1369; x_wconf 90' lang='lat' dir='ltr'><strong>quem</strong></span> <span class='ocrx_word' id='word_1_146' title='bbox 263 1302 322 1354; x_wconf 83' lang='lat' dir='ltr'><strong>Deo</strong></span> <span class='ocrx_word' id='word_1_147' title='bbox 337 1296 414 1353; x_wconf 89' lang='lat' dir='ltr'><strong>Patri</strong></span> <span class='ocrx_word' id='word_1_148' title='bbox 430 1297 608 1355; x_wconf 83' lang='lat' dir='ltr'><strong>sacrificium</strong></span> <span class='ocrx_word' id='word_1_149' title='bbox 630 1303 764 1357; x_wconf 90' lang='lat' dir='ltr'><strong>nostrum</strong></span> <span class='ocrx_word' id='word_1_150' title='bbox 787 1298 953 1355; x_wconf 80' lang='lat' dir='ltr'><strong>deteramus</strong></span> <span class='ocrx_word' id='word_1_151' title='bbox 974 1316 981 1355; x_wconf 73' lang='grc' dir='ltr'><strong>ι</strong></span> <span class='ocrx_word' id='word_1_152' title='bbox 1036 1296 1124 1370; x_wconf 86' lang='lat' dir='ltr'><strong>iguis.</strong></span> <span class='ocrx_word' id='word_1_153' title='bbox 1137 1301 1221 1354; x_wconf 79' lang='lat' dir='ltr'><strong>Bana</strong></span> <span class='ocrx_word' id='word_1_154' title='bbox 1236 1295 1288 1352; x_wconf 79' lang='lat' dir='ltr'><strong>ala</strong></span> <span class='ocrx_word' id='word_1_155' title='bbox 1302 1295 1539 1363; x_wconf 80' lang='lat' dir='ltr'><strong>charitatis,vere</strong></span> <span class='ocrx_word' id='word_1_156' title='bbox 1554 1295 1606 1353; x_wconf 78' lang='lat' dir='ltr'><strong>alae</strong></span> <span class='ocrx_word' id='word_1_157' title='bbox 1621 1312 1685 1368; x_wconf 79' lang='lat' dir='ltr'><strong>que</strong></span> <span class='ocrx_word' id='word_1_158' title='bbox 1701 1297 1863 1357; x_wconf 83' lang='lat' dir='ltr'><strong>volitabant</strong></span> 
     </span>
     <span class='ocr_line' id='line_1_12' title="bbox 165 1383 1860 1462; baseline 0.001 -19"><span class='ocrx_word' id='word_1_159' title='bbox 165 1386 233 1443; x_wconf 75' lang='lat'><strong>⁸81</strong></span> <span class='ocrx_word' id='word_1_160' title='bbox 251 1386 316 1459; x_wconf 89' lang='lat' dir='ltr'><strong>ipsc</strong></span> <span class='ocrx_word' id='word_1_161' title='bbox 335 1402 451 1459; x_wconf 93' lang='lat' dir='ltr'><strong>quoque</strong></span> <span class='ocrx_word' id='word_1_162' title='bbox 473 1391 518 1443; x_wconf 85' lang='lat' dir='ltr'><strong>est</strong></span> <span class='ocrx_word' id='word_1_163' title='bbox 541 1386 726 1461; x_wconf 76' lang='lat' dir='ltr'><strong>signaculum</strong></span> <span class='ocrx_word' id='word_1_164' title='bbox 750 1390 884 1444; x_wconf 90' lang='lat' dir='ltr'><strong>nostrum</strong></span> <span class='ocrx_word' id='word_1_165' title='bbox 906 1389 983 1461; x_wconf 92' lang='lat' dir='ltr'><strong>quod</strong></span> <span class='ocrx_word' id='word_1_166' title='bbox 1037 1402 1090 1459; x_wconf 89' lang='lat' dir='ltr'><strong>per</strong></span> <span class='ocrx_word' id='word_1_167' title='bbox 1103 1403 1154 1442; x_wconf 91' lang='lat' dir='ltr'><strong>ora</strong></span> <span class='ocrx_word' id='word_1_168' title='bbox 1170 1385 1369 1458; x_wconf 89' lang='lat' dir='ltr'><strong>apostolorum</strong></span> <span class='ocrx_word' id='word_1_169' title='bbox 1385 1386 1451 1457; x_wconf 82' lang='lat'><strong>(56),</strong></span> <span class='ocrx_word' id='word_1_170' title='bbox 1472 1389 1501 1439; x_wconf 89' lang='lat' dir='ltr'><strong>et</strong></span> <span class='ocrx_word' id='word_1_171' title='bbox 1515 1383 1567 1439; x_wconf 77' lang='lat' dir='ltr'><strong>ale</strong></span> <span class='ocrx_word' id='word_1_172' title='bbox 1580 1384 1658 1457; x_wconf 89' lang='lat' dir='ltr'><strong>ignis</strong></span> <span class='ocrx_word' id='word_1_173' title='bbox 1673 1402 1737 1457; x_wconf 77' lang='lat' dir='ltr'><strong>que</strong></span> <span class='ocrx_word' id='word_1_174' title='bbox 1753 1404 1860 1462; x_wconf 88' lang='lat' dir='ltr'><strong>purga-</strong></span> 
     </span>
     <span class='ocr_line' id='line_1_13' title="bbox 165 1472 1862 1550; baseline 0.002 -19"><span class='ocrx_word' id='word_1_175' title='bbox 165 1474 403 1549; x_wconf 82' lang='lat' dir='ltr'><strong>eslperiectionis</strong></span> <span class='ocrx_word' id='word_1_176' title='bbox 418 1480 447 1531; x_wconf 86' lang='lat' dir='ltr'><strong>ct</strong></span> <span class='ocrx_word' id='word_1_177' title='bbox 461 1474 611 1532; x_wconf 84' lang='lat' dir='ltr'><strong>charitatis</strong></span> <span class='ocrx_word' id='word_1_178' title='bbox 632 1476 759 1549; x_wconf 79' lang='lat' dir='ltr'><strong>insigne,</strong></span> <span class='ocrx_word' id='word_1_179' title='bbox 773 1475 842 1548; x_wconf 86' lang='lat' dir='ltr'><strong>quia</strong></span> <span class='ocrx_word' id='word_1_180' title='bbox 857 1475 983 1550; x_wconf 87' lang='lat' dir='ltr'><strong>diligens</strong></span> <span class='ocrx_word' id='word_1_181' title='bbox 1037 1478 1101 1530; x_wconf 89' lang='lat' dir='ltr'><strong>tum</strong></span> <span class='ocrx_word' id='word_1_182' title='bbox 1129 1490 1295 1531; x_wconf 88' lang='lat' dir='ltr'><strong>sermonem</strong></span> <span class='ocrx_word' id='word_1_183' title='bbox 1323 1472 1529 1545; x_wconf 86' lang='lat' dir='ltr'><strong>loquebantur.</strong></span> <span class='ocrx_word' id='word_1_184' title='bbox 1565 1474 1616 1529; x_wconf 91' lang='lat' dir='ltr'><strong>llis</strong></span> <span class='ocrx_word' id='word_1_185' title='bbox 1650 1474 1705 1531; x_wconf 88' lang='lat' dir='ltr'><strong>alis</strong></span> <span class='ocrx_word' id='word_1_186' title='bbox 1739 1476 1862 1535; x_wconf 82' lang='lat' dir='ltr'><strong>evolavit</strong></span> 
     </span>
     <span class='ocr_line' id='line_1_14' title="bbox 164 1560 1861 1638; baseline 0.004 -20"><span class='ocrx_word' id='word_1_187' title='bbox 164 1563 242 1620; x_wconf 86' lang='lat' dir='ltr'><strong>Pater</strong></span> <span class='ocrx_word' id='word_1_188' title='bbox 264 1562 393 1637; x_wconf 85' lang='lat' dir='ltr'><strong>signavit</strong></span> <span class='ocrx_word' id='word_1_189' title='bbox 415 1562 530 1634; x_wconf 80' lang='lat' dir='ltr'><strong>Filium,</strong></span> <span class='ocrx_word' id='word_1_190' title='bbox 545 1565 622 1621; x_wconf 88' lang='lat' dir='ltr'><strong>sicut</strong></span> <span class='ocrx_word' id='word_1_191' title='bbox 637 1563 763 1638; x_wconf 91' lang='lat' dir='ltr'><strong>legimus</strong></span> <span class='ocrx_word' id='word_1_192' title='bbox 779 1582 785 1619; x_wconf 76' lang='grc' dir='ltr'><strong>ι</strong></span> <span class='ocrx_word' id='word_1_193' title='bbox 803 1566 887 1634; x_wconf 76' lang='lat' dir='ltr'><strong>ouen</strong></span> <span class='ocrx_word' id='word_1_194' title='bbox 900 1570 984 1621; x_wconf 84' lang='lat' dir='ltr'><strong>Pater</strong></span> <span class='ocrx_word' id='word_1_195' title='bbox 1037 1562 1135 1619; x_wconf 79' lang='lat' dir='ltr'><strong>Enoch</strong></span> <span class='ocrx_word' id='word_1_196' title='bbox 1152 1567 1253 1635; x_wconf 90' lang='lat' dir='ltr'><strong>raptus</strong></span> <span class='ocrx_word' id='word_1_197' title='bbox 1273 1563 1308 1618; x_wconf 92' lang='lat' dir='ltr'><strong>ad</strong></span> <span class='ocrx_word' id='word_1_198' title='bbox 1329 1562 1443 1617; x_wconf 77' lang='lat' dir='ltr'><strong>calum.</strong></span> <span class='ocrx_word' id='word_1_199' title='bbox 1464 1560 1516 1617; x_wconf 88' lang='lat' dir='ltr'><strong>llis</strong></span> <span class='ocrx_word' id='word_1_200' title='bbox 1544 1561 1599 1621; x_wconf 88' lang='lat' dir='ltr'><strong>alis</strong></span> <span class='ocrx_word' id='word_1_201' title='bbox 1629 1563 1752 1621; x_wconf 88' lang='lat' dir='ltr'><strong>evolavit</strong></span> <span class='ocrx_word' id='word_1_202' title='bbox 1783 1565 1861 1625; x_wconf 78' lang='lat' dir='ltr'><strong>illias</strong></span> 
     </span>
     <span class='ocr_line' id='line_1_15' title="bbox 163 1649 1859 1727; baseline 0.003 -20"><span class='ocrx_word' id='word_1_203' title='bbox 163 1654 277 1724; x_wconf 82' lang='lat' dir='ltr'><strong>sipacvit</strong></span> <span class='ocrx_word' id='word_1_204' title='bbox 291 1653 360 1709; x_wconf 80' lang='lat' dir='ltr'><strong>Deru</strong></span> <span class='ocrx_word' id='word_1_205' title='bbox 375 1655 466 1721; x_wconf 79' lang='lat' dir='ltr'><strong>(taor.</strong></span> <span class='ocrx_word' id='word_1_206' title='bbox 482 1670 521 1719; x_wconf 89' lang='lat' dir='ltr'><strong>vr,</strong></span> <span class='ocrx_word' id='word_1_207' title='bbox 536 1654 593 1725; x_wconf 82' lang='grc'>27).</span> <span class='ocrx_word' id='word_1_208' title='bbox 609 1652 743 1711; x_wconf 84' lang='lat' dir='ltr'><strong>Charitas</strong></span> <span class='ocrx_word' id='word_1_209' title='bbox 758 1654 858 1727; x_wconf 89' lang='lat' dir='ltr'><strong>itaque</strong></span> <span class='ocrx_word' id='word_1_210' title='bbox 883 1659 984 1711; x_wconf 89' lang='lat' dir='ltr'><strong>nostra</strong></span> <span class='ocrx_word' id='word_1_211' title='bbox 1038 1667 1125 1706; x_wconf 91' lang='lat' dir='ltr'><strong>curru</strong></span> <span class='ocrx_word' id='word_1_212' title='bbox 1141 1652 1273 1723; x_wconf 90' lang='lat' dir='ltr'><strong>ignco‚et</strong></span> <span class='ocrx_word' id='word_1_213' title='bbox 1285 1651 1370 1722; x_wconf 89' lang='lat' dir='ltr'><strong>equis</strong></span> <span class='ocrx_word' id='word_1_214' title='bbox 1386 1649 1479 1722; x_wconf 88' lang='lat' dir='ltr'><strong>igneis</strong></span> <span class='ocrx_word' id='word_1_215' title='bbox 1497 1650 1532 1705; x_wconf 91' lang='lat' dir='ltr'><strong>ad</strong></span> <span class='ocrx_word' id='word_1_216' title='bbox 1546 1666 1674 1723; x_wconf 87' lang='lat' dir='ltr'><strong>superna</strong></span> <span class='ocrx_word' id='word_1_217' title='bbox 1688 1654 1859 1726; x_wconf 89' lang='lat' dir='ltr'><strong>translatus,</strong></span> 
     </span>
     <span class='ocr_line' id='line_1_16' title="bbox 162 1737 1860 1815; baseline 0.004 -19"><span class='ocrx_word' id='word_1_218' title='bbox 162 1740 302 1797; x_wconf 84' lang='lat' dir='ltr'><strong>Christus.</strong></span> <span class='ocrx_word' id='word_1_219' title='bbox 319 1741 397 1797; x_wconf 83' lang='lat' dir='ltr'><strong>lione</strong></span> <span class='ocrx_word' id='word_1_220' title='bbox 412 1740 551 1808; x_wconf 86' lang='lat' dir='ltr'><strong>charitas,</strong></span> <span class='ocrx_word' id='word_1_221' title='bbox 572 1742 689 1814; x_wconf 90' lang='lat' dir='ltr'><strong>quanda</strong></span> <span class='ocrx_word' id='word_1_222' title='bbox 713 1742 820 1798; x_wconf 88' lang='lat' dir='ltr'><strong>obtulit</strong></span> <span class='ocrx_word' id='word_1_223' title='bbox 842 1742 927 1799; x_wconf 90' lang='lat' dir='ltr'><strong>morti</strong></span> <span class='ocrx_word' id='word_1_224' title='bbox 953 1758 984 1799; x_wconf 91' lang='lat' dir='ltr'><strong>se</strong></span> <span class='ocrx_word' id='word_1_225' title='bbox 1037 1739 1089 1795; x_wconf 88' lang='lat' dir='ltr'><strong>llis</strong></span> <span class='ocrx_word' id='word_1_226' title='bbox 1104 1738 1158 1796; x_wconf 89' lang='lat' dir='ltr'><strong>alis</strong></span> <span class='ocrx_word' id='word_1_227' title='bbox 1173 1740 1316 1795; x_wconf 90' lang='lat' dir='ltr'><strong>Dominus</strong></span> <span class='ocrx_word' id='word_1_228' title='bbox 1339 1738 1415 1795; x_wconf 82' lang='lat' dir='ltr'><strong>licus</strong></span> <span class='ocrx_word' id='word_1_229' title='bbox 1430 1754 1482 1811; x_wconf 92' lang='lat' dir='ltr'><strong>per</strong></span> <span class='ocrx_word' id='word_1_230' title='bbox 1493 1737 1661 1797; x_wconf 89' lang='lat' dir='ltr'><strong>columnam</strong></span> <span class='ocrx_word' id='word_1_231' title='bbox 1676 1742 1753 1815; x_wconf 86' lang='lat' dir='ltr'><strong>ignia</strong></span> <span class='ocrx_word' id='word_1_232' title='bbox 1769 1745 1860 1801; x_wconf 88' lang='lat' dir='ltr'><strong>dedu·</strong></span> 
     </span>
     <span class='ocr_line' id='line_1_17' title="bbox 160 1825 1954 1934; baseline 0.003 -49"><span class='ocrx_word' id='word_1_233' title='bbox 160 1846 208 1901; x_wconf 85' lang='lat' dir='ltr'><strong>pro</strong></span> <span class='ocrx_word' id='word_1_234' title='bbox 223 1827 339 1886; x_wconf 90' lang='lat' dir='ltr'><strong>delictis</strong></span> <span class='ocrx_word' id='word_1_235' title='bbox 353 1830 462 1885; x_wconf 87' lang='lat' dir='ltr'><strong>nostris</strong></span> <span class='ocrx_word' id='word_1_236' title='bbox 477 1830 533 1901; x_wconf 85' lang='lat'>(55)</span> <span class='ocrx_word' id='word_1_237' title='bbox 549 1848 555 1887; x_wconf 77' lang='grc' dir='ltr'><strong>ι</strong></span> <span class='ocrx_word' id='word_1_238' title='bbox 573 1830 650 1885; x_wconf 89' lang='lat' dir='ltr'><strong>bona</strong></span> <span class='ocrx_word' id='word_1_239' title='bbox 665 1829 803 1899; x_wconf 87' lang='lat' dir='ltr'><strong>ebaritas,</strong></span> <span class='ocrx_word' id='word_1_240' title='bbox 825 1847 889 1902; x_wconf 77' lang='lat' dir='ltr'><strong>quae</strong></span> <span class='ocrx_word' id='word_1_241' title='bbox 916 1846 982 1903; x_wconf 94' lang='lat' dir='ltr'><strong>pec·</strong></span> <span class='ocrx_word' id='word_1_242' title='bbox 997 1868 1022 1934; x_wconf 77' lang='lat' dir='ltr'>B</span> <span class='ocrx_word' id='word_1_243' title='bbox 1038 1827 1122 1884; x_wconf 84' lang='lat' dir='ltr'><strong>cebet</strong></span> <span class='ocrx_word' id='word_1_244' title='bbox 1141 1828 1260 1883; x_wconf 86' lang='lat' dir='ltr'><strong>Petrum</strong></span> <span class='ocrx_word' id='word_1_245' title='bbox 1276 1826 1401 1899; x_wconf 89' lang='lat' dir='ltr'><strong>plebem.</strong></span> <span class='ocrx_word' id='word_1_246' title='bbox 1419 1827 1477 1883; x_wconf 88' lang='lat' dir='ltr'><strong>llas</strong></span> <span class='ocrx_word' id='word_1_247' title='bbox 1497 1825 1558 1882; x_wconf 89' lang='lat' dir='ltr'><strong>alas</strong></span> <span class='ocrx_word' id='word_1_248' title='bbox 1572 1827 1675 1885; x_wconf 89' lang='lat' dir='ltr'><strong>habuit</strong></span> <span class='ocrx_word' id='word_1_249' title='bbox 1692 1830 1858 1905; x_wconf 87' lang='lat' dir='ltr'><strong>Seraphim.</strong></span> <span class='ocrx_word' id='word_1_250' title='bbox 1951 1858 1954 1861; x_wconf 49' lang='lat'><strong>⁴</strong></span> 
     </span>
     <span class='ocr_line' id='line_1_18' title="bbox 158 1915 1861 1996; baseline 0.004 -22"><span class='ocrx_word' id='word_1_251' title='bbox 158 1922 221 1974; x_wconf 87' lang='lat' dir='ltr'><strong>cata</strong></span> <span class='ocrx_word' id='word_1_252' title='bbox 233 1917 357 1975; x_wconf 80' lang='lat' dir='ltr'><strong>remisit.</strong></span> <span class='ocrx_word' id='word_1_253' title='bbox 1037 1916 1156 1988; x_wconf 90' lang='lat' dir='ltr'><strong>quando</strong></span> <span class='ocrx_word' id='word_1_254' title='bbox 1170 1915 1299 1989; x_wconf 90' lang='lat' dir='ltr'><strong>sumpsit</strong></span> <span class='ocrx_word' id='word_1_255' title='bbox 1313 1917 1470 1972; x_wconf 88' lang='lat' dir='ltr'><strong>carbonem</strong></span> <span class='ocrx_word' id='word_1_256' title='bbox 1481 1915 1558 1987; x_wconf 87' lang='lat' dir='ltr'><strong>ignis</strong></span> <span class='ocrx_word' id='word_1_257' title='bbox 1572 1917 1607 1972; x_wconf 89' lang='lat' dir='ltr'><strong>de</strong></span> <span class='ocrx_word' id='word_1_258' title='bbox 1622 1916 1706 1975; x_wconf 85' lang='lat' dir='ltr'><strong>altari</strong></span> <span class='ocrx_word' id='word_1_259' title='bbox 1721 1926 1749 1977; x_wconf 93' lang='lat' dir='ltr'><strong>et</strong></span> <span class='ocrx_word' id='word_1_260' title='bbox 1764 1924 1861 1996; x_wconf 90' lang='lat' dir='ltr'><strong>tetigit</strong></span> 
     </span>
    </p>
   </div>
   <div class='ocr_carea' id='block_1_3' title="bbox 190 2004 1968 2082">
    <p class='ocr_par' dir='ltr' id='par_1_3' title="bbox 190 2004 1968 2082">
     <span class='ocr_line' id='line_1_19' title="bbox 190 2004 1968 2082; baseline 0.003 -19"><span class='ocrx_word' id='word_1_261' title='bbox 190 2008 236 2063; x_wconf 80' lang='lat' dir='ltr'><strong>to.</strong></span> <span class='ocrx_word' id='word_1_262' title='bbox 253 2006 290 2062; x_wconf 77' lang='lat' dir='ltr'><strong>ct</strong></span> <span class='ocrx_word' id='word_1_263' title='bbox 303 2006 368 2063; x_wconf 89' lang='lat' dir='ltr'><strong>idco</strong></span> <span class='ocrx_word' id='word_1_264' title='bbox 394 2008 492 2064; x_wconf 87' lang='lat' dir='ltr'><strong>anima</strong></span> <span class='ocrx_word' id='word_1_265' title='bbox 513 2012 613 2065; x_wconf 89' lang='lat' dir='ltr'><strong>nostra</strong></span> <span class='ocrx_word' id='word_1_266' title='bbox 636 2007 739 2066; x_wconf 89' lang='lat' dir='ltr'><strong>induat</strong></span> <span class='ocrx_word' id='word_1_267' title='bbox 753 2008 937 2077; x_wconf 86' lang='lat' dir='ltr'><strong>charitatem,</strong></span> <span class='ocrx_word' id='word_1_268' title='bbox 954 2013 984 2065; x_wconf 89' lang='lat' dir='ltr'><strong>et</strong></span> <span class='ocrx_word' id='word_1_269' title='bbox 1037 2021 1070 2062; x_wconf 93' lang='lat' dir='ltr'><strong>os</strong></span> <span class='ocrx_word' id='word_1_270' title='bbox 1085 2005 1243 2079; x_wconf 78' lang='lat' dir='ltr'><strong>propheta,</strong></span> <span class='ocrx_word' id='word_1_271' title='bbox 1258 2006 1288 2061; x_wconf 89' lang='lat' dir='ltr'><strong>et</strong></span> <span class='ocrx_word' id='word_1_272' title='bbox 1301 2004 1472 2077; x_wconf 84' lang='lat' dir='ltr'><strong>iniquitates</strong></span> <span class='ocrx_word' id='word_1_273' title='bbox 1486 2005 1550 2074; x_wconf 81' lang='lat' dir='ltr'><strong>ejus</strong></span> <span class='ocrx_word' id='word_1_274' title='bbox 1564 2006 1727 2078; x_wconf 86' lang='lat' dir='ltr'><strong>abstulit‚ct</strong></span> <span class='ocrx_word' id='word_1_275' title='bbox 1741 2016 1860 2082; x_wconf 88' lang='lat' dir='ltr'><strong>peccata</strong></span> <span class='ocrx_word' id='word_1_276' title='bbox 1965 2046 1968 2049; x_wconf 57' lang='lat'>&lt;</span> 
     </span>
    </p>
   </div>
   <div class='ocr_carea' id='block_1_4' title="bbox 151 2093 1867 5274">
    <p class='ocr_par' dir='ltr' id='par_1_4' title="bbox 151 2093 1867 5274">
     <span class='ocr_line' id='line_1_20' title="bbox 156 2093 1860 2171; baseline 0.003 -20"><span class='ocrx_word' id='word_1_277' title='bbox 156 2094 329 2151; x_wconf 87' lang='lat' dir='ltr'><strong>charitatem</strong></span> <span class='ocrx_word' id='word_1_278' title='bbox 345 2094 587 2168; x_wconf 75' lang='lat' dir='ltr'><strong>hujusmodique</strong></span> <span class='ocrx_word' id='word_1_279' title='bbox 598 2096 636 2153; x_wconf 91' lang='lat' dir='ltr'><strong>sit</strong></span> <span class='ocrx_word' id='word_1_280' title='bbox 646 2096 743 2153; x_wconf 87' lang='lat' dir='ltr'><strong>valida</strong></span> <span class='ocrx_word' id='word_1_281' title='bbox 753 2102 785 2153; x_wconf 93' lang='lat' dir='ltr'><strong>ut</strong></span> <span class='ocrx_word' id='word_1_282' title='bbox 800 2098 983 2170; x_wconf 85' lang='lat' dir='ltr'><strong>morcs;quic</strong></span> <span class='ocrx_word' id='word_1_283' title='bbox 1037 2095 1181 2167; x_wconf 68' lang='lat' dir='ltr'><strong>purgavit.</strong></span> <span class='ocrx_word' id='word_1_284' title='bbox 1202 2093 1313 2150; x_wconf 88' lang='lat' dir='ltr'><strong>llarum</strong></span> <span class='ocrx_word' id='word_1_285' title='bbox 1333 2093 1446 2151; x_wconf 86' lang='lat' dir='ltr'><strong>alarum</strong></span> <span class='ocrx_word' id='word_1_286' title='bbox 1464 2094 1543 2151; x_wconf 71' lang='lat'><strong>⁸82</strong></span> <span class='ocrx_word' id='word_1_287' title='bbox 1562 2094 1630 2167; x_wconf 87' lang='lat' dir='ltr'><strong>igne</strong></span> <span class='ocrx_word' id='word_1_288' title='bbox 1648 2099 1764 2171; x_wconf 87' lang='lat' dir='ltr'><strong>purgati</strong></span> <span class='ocrx_word' id='word_1_289' title='bbox 1790 2105 1860 2156; x_wconf 89' lang='lat' dir='ltr'><strong>sunt</strong></span> 
     </span>
     <span class='ocr_line' id='line_1_21' title="bbox 154 2181 1860 2257; baseline 0.002 -16"><span class='ocrx_word' id='word_1_290' title='bbox 154 2184 232 2241; x_wconf 89' lang='lat' dir='ltr'><strong>sicut</strong></span> <span class='ocrx_word' id='word_1_291' title='bbox 246 2184 407 2240; x_wconf 85' lang='lat' dir='ltr'><strong>moralinis</strong></span> <span class='ocrx_word' id='word_1_292' title='bbox 423 2188 609 2257; x_wconf 85' lang='lat' dir='ltr'><strong>peccatorum</strong></span> <span class='ocrx_word' id='word_1_293' title='bbox 637 2188 691 2252; x_wconf 90' lang='lat' dir='ltr'><strong>est,</strong></span> <span class='ocrx_word' id='word_1_294' title='bbox 717 2185 759 2242; x_wconf 90' lang='lat' dir='ltr'><strong>ita</strong></span> <span class='ocrx_word' id='word_1_295' title='bbox 784 2189 812 2241; x_wconf 88' lang='lat' dir='ltr'><strong>et</strong></span> <span class='ocrx_word' id='word_1_296' title='bbox 834 2185 981 2256; x_wconf 87' lang='lat' dir='ltr'><strong>ebaritas;</strong></span> <span class='ocrx_word' id='word_1_297' title='bbox 1038 2182 1091 2239; x_wconf 83' lang='lat' dir='ltr'><strong>biii</strong></span> <span class='ocrx_word' id='word_1_298' title='bbox 1117 2181 1193 2251; x_wconf 90' lang='lat' dir='ltr'><strong>Levi,</strong></span> <span class='ocrx_word' id='word_1_299' title='bbox 1219 2186 1248 2238; x_wconf 92' lang='lat' dir='ltr'><strong>et</strong></span> <span class='ocrx_word' id='word_1_300' title='bbox 1275 2181 1461 2255; x_wconf 85' lang='lat' dir='ltr'><strong>baptizantur</strong></span> <span class='ocrx_word' id='word_1_301' title='bbox 1479 2181 1580 2255; x_wconf 89' lang='lat' dir='ltr'><strong>populi</strong></span> <span class='ocrx_word' id='word_1_302' title='bbox 1599 2184 1762 2255; x_wconf 90' lang='lat' dir='ltr'><strong>nationum,</strong></span> <span class='ocrx_word' id='word_1_303' title='bbox 1784 2188 1860 2245; x_wconf 89' lang='lat' dir='ltr'><strong>sicut</strong></span> 
     </span>
     <span class='ocr_line' id='line_1_22' title="bbox 154 2269 1862 2349; baseline 0.002 -20"><span class='ocrx_word' id='word_1_304' title='bbox 154 2272 298 2347; x_wconf 88' lang='lat' dir='ltr'><strong>quoniam</strong></span> <span class='ocrx_word' id='word_1_305' title='bbox 321 2272 371 2345; x_wconf 92' lang='lat' dir='ltr'><strong>qui</strong></span> <span class='ocrx_word' id='word_1_306' title='bbox 396 2270 492 2345; x_wconf 90' lang='lat' dir='ltr'><strong>diligit</strong></span> <span class='ocrx_word' id='word_1_307' title='bbox 509 2273 678 2340; x_wconf 86' lang='lat' dir='ltr'><strong>Dominum,</strong></span> <span class='ocrx_word' id='word_1_308' title='bbox 701 2290 820 2346; x_wconf 88' lang='lat' dir='ltr'><strong>peccaro</strong></span> <span class='ocrx_word' id='word_1_309' title='bbox 843 2274 952 2331; x_wconf 85' lang='lat' dir='ltr'><strong>desinit</strong></span> <span class='ocrx_word' id='word_1_310' title='bbox 974 2290 980 2330; x_wconf 95' lang='lat'><strong>:</strong></span> <span class='ocrx_word' id='word_1_311' title='bbox 1037 2271 1211 2328; x_wconf 85' lang='lat' dir='ltr'><strong>testificatur</strong></span> <span class='ocrx_word' id='word_1_312' title='bbox 1229 2272 1358 2327; x_wconf 81' lang='lat' dir='ltr'><strong>loannes</strong></span> <span class='ocrx_word' id='word_1_313' title='bbox 1377 2269 1476 2327; x_wconf 90' lang='lat' dir='ltr'><strong>dicens</strong></span> <span class='ocrx_word' id='word_1_314' title='bbox 1496 2272 1532 2327; x_wconf 91' lang='lat' dir='ltr'><strong>de</strong></span> <span class='ocrx_word' id='word_1_315' title='bbox 1551 2272 1673 2329; x_wconf 81' lang='grc' dir='ltr'><strong>ῠοιιιίιιο</strong></span> <span class='ocrx_word' id='word_1_316' title='bbox 1692 2273 1762 2331; x_wconf 81' lang='lat' dir='ltr'><strong>lesu</strong></span> <span class='ocrx_word' id='word_1_317' title='bbox 1778 2292 1786 2332; x_wconf 76' lang='grc' dir='ltr'><strong>ι</strong></span> <span class='ocrx_word' id='word_1_318' title='bbox 1802 2278 1862 2349; x_wconf 88' lang='lat' dir='ltr'><strong>lpse</strong></span> 
     </span>
     <span class='ocr_line' id='line_1_23' title="bbox 154 2360 1859 2437; baseline 0.002 -20"><span class='ocrx_word' id='word_1_319' title='bbox 154 2361 287 2419; x_wconf 89' lang='lat' dir='ltr'><strong>charitas</strong></span> <span class='ocrx_word' id='word_1_320' title='bbox 308 2361 386 2418; x_wconf 90' lang='lat' dir='ltr'><strong>enim</strong></span> <span class='ocrx_word' id='word_1_321' title='bbox 408 2378 466 2417; x_wconf 94' lang='lat' dir='ltr'><strong>non</strong></span> <span class='ocrx_word' id='word_1_322' title='bbox 490 2361 599 2435; x_wconf 87' lang='lat' dir='ltr'><strong>cogitat</strong></span> <span class='ocrx_word' id='word_1_323' title='bbox 625 2362 747 2431; x_wconf 86' lang='lat' dir='ltr'><strong>malum,</strong></span> <span class='ocrx_word' id='word_1_324' title='bbox 764 2378 858 2434; x_wconf 87' lang='lat' dir='ltr'><strong>neque</strong></span> <span class='ocrx_word' id='word_1_325' title='bbox 875 2364 984 2435; x_wconf 87' lang='lat' dir='ltr'><strong>gaudet</strong></span> <span class='ocrx_word' id='word_1_326' title='bbox 1036 2377 1083 2417; x_wconf 85' lang='lat' dir='ltr'><strong>vos</strong></span> <span class='ocrx_word' id='word_1_327' title='bbox 1113 2360 1262 2431; x_wconf 68' lang='lat' dir='ltr'><strong>baptizabit</strong></span> <span class='ocrx_word' id='word_1_328' title='bbox 1285 2362 1316 2415; x_wconf 86' lang='lat' dir='ltr'><strong>ia</strong></span> <span class='ocrx_word' id='word_1_329' title='bbox 1343 2361 1445 2431; x_wconf 85' lang='lat' dir='ltr'><strong>spirita</strong></span> <span class='ocrx_word' id='word_1_330' title='bbox 1466 2364 1492 2415; x_wconf 84' lang='lat' dir='ltr'><strong>et</strong></span> <span class='ocrx_word' id='word_1_331' title='bbox 1513 2362 1577 2431; x_wconf 83' lang='lat' dir='ltr'><strong>ipae</strong></span> <span class='ocrx_word' id='word_1_332' title='bbox 1602 2361 1707 2432; x_wconf 75' lang='lat' dir='ltr'><strong>(dotti.</strong></span> <span class='ocrx_word' id='word_1_333' title='bbox 1732 2381 1774 2434; x_wconf 87' lang='grc' dir='ltr'><strong>ιιι,</strong></span> <span class='ocrx_word' id='word_1_334' title='bbox 1803 2366 1859 2437; x_wconf 87' lang='grc'>11).</span> 
     </span>
     <span class='ocr_line' id='line_1_24' title="bbox 153 2447 1858 2524; baseline 0.001 -17"><span class='ocrx_word' id='word_1_335' title='bbox 153 2467 246 2524; x_wconf 91' lang='lat' dir='ltr'><strong>super</strong></span> <span class='ocrx_word' id='word_1_336' title='bbox 260 2450 426 2523; x_wconf 89' lang='lat' dir='ltr'><strong>iniquitate,</strong></span> <span class='ocrx_word' id='word_1_337' title='bbox 443 2450 493 2507; x_wconf 91' lang='lat' dir='ltr'><strong>sed</strong></span> <span class='ocrx_word' id='word_1_338' title='bbox 509 2450 610 2507; x_wconf 89' lang='lat' dir='ltr'><strong>omnia</strong></span> <span class='ocrx_word' id='word_1_339' title='bbox 624 2452 760 2507; x_wconf 88' lang='lat' dir='ltr'><strong>sustinet.</strong></span> <span class='ocrx_word' id='word_1_340' title='bbox 787 2451 861 2507; x_wconf 87' lang='lat' dir='ltr'><strong>Nam</strong></span> <span class='ocrx_word' id='word_1_341' title='bbox 877 2451 927 2524; x_wconf 91' lang='lat' dir='ltr'><strong>qui</strong></span> <span class='ocrx_word' id='word_1_342' title='bbox 949 2467 984 2508; x_wconf 92' lang='lat' dir='ltr'><strong>ea</strong></span> <span class='ocrx_word' id='word_1_343' title='bbox 1038 2450 1141 2504; x_wconf 86' lang='lat' dir='ltr'><strong>Merito</strong></span> <span class='ocrx_word' id='word_1_344' title='bbox 1157 2449 1202 2503; x_wconf 90' lang='lat' dir='ltr'><strong>uri</strong></span> <span class='ocrx_word' id='word_1_345' title='bbox 1218 2464 1302 2505; x_wconf 89' lang='lat' dir='ltr'><strong>renes</strong></span> <span class='ocrx_word' id='word_1_346' title='bbox 1317 2464 1387 2505; x_wconf 90' lang='lat' dir='ltr'><strong>suos</strong></span> <span class='ocrx_word' id='word_1_347' title='bbox 1402 2447 1526 2516; x_wconf 89' lang='lat' dir='ltr'><strong>volebat,</strong></span> <span class='ocrx_word' id='word_1_348' title='bbox 1542 2454 1569 2504; x_wconf 89' lang='lat' dir='ltr'><strong>ct</strong></span> <span class='ocrx_word' id='word_1_349' title='bbox 1585 2466 1635 2505; x_wconf 89' lang='lat' dir='ltr'><strong>cor</strong></span> <span class='ocrx_word' id='word_1_350' title='bbox 1649 2468 1737 2508; x_wconf 90' lang='lat' dir='ltr'><strong>suum</strong></span> <span class='ocrx_word' id='word_1_351' title='bbox 1757 2454 1858 2523; x_wconf 86' lang='lat' dir='ltr'><strong>David,</strong></span> 
     </span>
     <span class='ocr_line' id='line_1_25' title="bbox 152 2536 1859 2613; baseline 0.002 -16"><span class='ocrx_word' id='word_1_352' title='bbox 152 2557 220 2613; x_wconf 76' lang='lat' dir='ltr'><strong>quae</strong></span> <span class='ocrx_word' id='word_1_353' title='bbox 236 2556 293 2596; x_wconf 88' lang='lat' dir='ltr'><strong>sua</strong></span> <span class='ocrx_word' id='word_1_354' title='bbox 308 2544 378 2596; x_wconf 89' lang='lat' dir='ltr'><strong>sunt</strong></span> <span class='ocrx_word' id='word_1_355' title='bbox 391 2554 450 2595; x_wconf 91' lang='lat' dir='ltr'><strong>non</strong></span> <span class='ocrx_word' id='word_1_356' title='bbox 466 2538 838 2611; x_wconf 78' lang='lat' dir='ltr'><strong>quarit,quomodaaliena</strong></span> <span class='ocrx_word' id='word_1_357' title='bbox 853 2540 983 2612; x_wconf 77' lang='lat' dir='ltr'><strong>queret?</strong></span> <span class='ocrx_word' id='word_1_358' title='bbox 1038 2537 1088 2610; x_wconf 90' lang='lat' dir='ltr'><strong>qui</strong></span> <span class='ocrx_word' id='word_1_359' title='bbox 1115 2536 1177 2594; x_wconf 88' lang='lat' dir='ltr'><strong>alas</strong></span> <span class='ocrx_word' id='word_1_360' title='bbox 1206 2537 1307 2608; x_wconf 87' lang='lat' dir='ltr'><strong>igneas</strong></span> <span class='ocrx_word' id='word_1_361' title='bbox 1329 2536 1480 2592; x_wconf 87' lang='lat' dir='ltr'><strong>charitatis</strong></span> <span class='ocrx_word' id='word_1_362' title='bbox 1508 2537 1619 2595; x_wconf 88' lang='lat' dir='ltr'><strong>sciebat</strong></span> <span class='ocrx_word' id='word_1_363' title='bbox 1638 2556 1695 2596; x_wconf 91' lang='lat' dir='ltr'><strong>non</strong></span> <span class='ocrx_word' id='word_1_364' title='bbox 1715 2558 1779 2599; x_wconf 91' lang='lat' dir='ltr'><strong>esse</strong></span> <span class='ocrx_word' id='word_1_365' title='bbox 1799 2559 1859 2600; x_wconf 88' lang='lat' dir='ltr'><strong>me·</strong></span> 
     </span>
     <span class='ocr_line' id='line_1_26' title="bbox 151 2624 1861 2700; baseline -0.001 -13"><span class='ocrx_word' id='word_1_366' title='bbox 151 2630 207 2687; x_wconf 79' lang='lat' dir='ltr'><strong>list</strong></span> <span class='ocrx_word' id='word_1_367' title='bbox 226 2632 256 2685; x_wconf 89' lang='lat' dir='ltr'><strong>et</strong></span> <span class='ocrx_word' id='word_1_368' title='bbox 276 2644 356 2685; x_wconf 90' lang='lat' dir='ltr'><strong>mors</strong></span> <span class='ocrx_word' id='word_1_369' title='bbox 374 2626 426 2685; x_wconf 86' lang='lat' dir='ltr'><strong>illa</strong></span> <span class='ocrx_word' id='word_1_370' title='bbox 443 2626 539 2684; x_wconf 89' lang='lat' dir='ltr'><strong>valida</strong></span> <span class='ocrx_word' id='word_1_371' title='bbox 563 2644 615 2700; x_wconf 88' lang='lat' dir='ltr'><strong>per</strong></span> <span class='ocrx_word' id='word_1_372' title='bbox 637 2628 795 2697; x_wconf 89' lang='lat' dir='ltr'><strong>lavacrum,</strong></span> <span class='ocrx_word' id='word_1_373' title='bbox 821 2644 983 2700; x_wconf 85' lang='lat' dir='ltr'><strong>perquam</strong></span> <span class='ocrx_word' id='word_1_374' title='bbox 1037 2626 1172 2682; x_wconf 88' lang='lat' dir='ltr'><strong>tuendas.</strong></span> <span class='ocrx_word' id='word_1_375' title='bbox 1189 2625 1291 2681; x_wconf 87' lang='lat' dir='ltr'><strong>Merito</strong></span> <span class='ocrx_word' id='word_1_376' title='bbox 1316 2624 1426 2680; x_wconf 85' lang='lat' dir='ltr'><strong>llcbraei</strong></span> <span class='ocrx_word' id='word_1_377' title='bbox 1449 2624 1532 2697; x_wconf 91' lang='lat' dir='ltr'><strong>pueri</strong></span> <span class='ocrx_word' id='word_1_378' title='bbox 1554 2624 1584 2680; x_wconf 91' lang='lat' dir='ltr'><strong>in</strong></span> <span class='ocrx_word' id='word_1_379' title='bbox 1607 2626 1724 2683; x_wconf 82' lang='lat' dir='ltr'><strong>fornace</strong></span> <span class='ocrx_word' id='word_1_380' title='bbox 1745 2631 1861 2686; x_wconf 87' lang='lat' dir='ltr'><strong>ardenti</strong></span> 
     </span>
     <span class='ocr_line' id='line_1_27' title="bbox 152 2711 1860 2791; baseline 0 -16"><span class='ocrx_word' id='word_1_381' title='bbox 152 2722 308 2791; x_wconf 88' lang='lat' dir='ltr'><strong>peccatum</strong></span> <span class='ocrx_word' id='word_1_382' title='bbox 324 2732 411 2774; x_wconf 88' lang='lat' dir='ltr'><strong>omne</strong></span> <span class='ocrx_word' id='word_1_383' title='bbox 426 2714 577 2790; x_wconf 87' lang='lat' dir='ltr'><strong>sepelitur,</strong></span> <span class='ocrx_word' id='word_1_384' title='bbox 588 2720 617 2773; x_wconf 87' lang='lat' dir='ltr'><strong>et</strong></span> <span class='ocrx_word' id='word_1_385' title='bbox 630 2717 718 2789; x_wconf 91' lang='lat' dir='ltr'><strong>culpa</strong></span> <span class='ocrx_word' id='word_1_386' title='bbox 733 2715 983 2773; x_wconf 63' lang='lat' dir='ltr'><strong>dimittiturll&#39;alis</strong></span> <span class='ocrx_word' id='word_1_387' title='bbox 1038 2730 1095 2769; x_wconf 90' lang='lat' dir='ltr'><strong>nou</strong></span> <span class='ocrx_word' id='word_1_388' title='bbox 1112 2713 1278 2770; x_wconf 88' lang='lat' dir='ltr'><strong>sentiebant</strong></span> <span class='ocrx_word' id='word_1_389' title='bbox 1299 2711 1377 2785; x_wconf 90' lang='lat' dir='ltr'><strong>ignia</strong></span> <span class='ocrx_word' id='word_1_390' title='bbox 1401 2712 1546 2780; x_wconf 85' lang='lat' dir='ltr'><strong>incendia,</strong></span> <span class='ocrx_word' id='word_1_391' title='bbox 1558 2712 1629 2785; x_wconf 91' lang='lat' dir='ltr'><strong>quia</strong></span> <span class='ocrx_word' id='word_1_392' title='bbox 1643 2714 1795 2773; x_wconf 90' lang='lat' dir='ltr'><strong>charitatis</strong></span> <span class='ocrx_word' id='word_1_393' title='bbox 1809 2735 1860 2775; x_wconf 88' lang='lat' dir='ltr'><strong>cos</strong></span> 
     </span>
     <span class='ocr_line' id='line_1_28' title="bbox 152 2800 1858 2879; baseline -0.001 -15"><span class='ocrx_word' id='word_1_394' title='bbox 152 2812 218 2864; x_wconf 87' lang='lat' dir='ltr'><strong>erat</strong></span> <span class='ocrx_word' id='word_1_395' title='bbox 232 2805 363 2863; x_wconf 90' lang='lat' dir='ltr'><strong>charitas</strong></span> <span class='ocrx_word' id='word_1_396' title='bbox 378 2820 468 2877; x_wconf 89' lang='lat' dir='ltr'><strong>quam</strong></span> <span class='ocrx_word' id='word_1_397' title='bbox 482 2804 631 2862; x_wconf 78' lang='lat' dir='ltr'><strong>deferebat</strong></span> <span class='ocrx_word' id='word_1_398' title='bbox 654 2803 821 2879; x_wconf 86' lang='lat' dir='ltr'><strong>evangelica</strong></span> <span class='ocrx_word' id='word_1_399' title='bbox 845 2803 896 2861; x_wconf 88' lang='lat' dir='ltr'><strong>ilia</strong></span> <span class='ocrx_word' id='word_1_400' title='bbox 917 2822 983 2861; x_wconf 86' lang='lat' dir='ltr'><strong>rou·</strong></span> <span class='ocrx_word' id='word_1_401' title='bbox 1038 2802 1159 2859; x_wconf 85' lang='lat' dir='ltr'><strong>flamma</strong></span> <span class='ocrx_word' id='word_1_402' title='bbox 1179 2800 1379 2873; x_wconf 79' lang='lat' dir='ltr'><strong>refrigerabat.</strong></span> <span class='ocrx_word' id='word_1_403' title='bbox 1396 2802 1478 2856; x_wconf 81' lang='lat' dir='ltr'><strong>litut</strong></span> <span class='ocrx_word' id='word_1_404' title='bbox 1497 2801 1612 2873; x_wconf 90' lang='lat' dir='ltr'><strong>plenius</strong></span> <span class='ocrx_word' id='word_1_405' title='bbox 1636 2819 1858 2877; x_wconf 88' lang='lat' dir='ltr'><strong>cognoscamus,</strong></span> 
     </span>
     <span class='ocr_line' id='line_1_29' title="bbox 152 2889 1861 2967; baseline 0 -15"><span class='ocrx_word' id='word_1_406' title='bbox 152 2896 220 2963; x_wconf 81' lang='lat' dir='ltr'><strong>lier,</strong></span> <span class='ocrx_word' id='word_1_407' title='bbox 245 2895 282 2951; x_wconf 91' lang='lat' dir='ltr'><strong>de</strong></span> <span class='ocrx_word' id='word_1_408' title='bbox 305 2910 363 2967; x_wconf 85' lang='lat' dir='ltr'><strong>qua</strong></span> <span class='ocrx_word' id='word_1_409' title='bbox 387 2893 532 2949; x_wconf 89' lang='lat' dir='ltr'><strong>Dominus</strong></span> <span class='ocrx_word' id='word_1_410' title='bbox 561 2892 603 2949; x_wconf 90' lang='lat' dir='ltr'><strong>ait</strong></span> <span class='ocrx_word' id='word_1_411' title='bbox 619 2910 626 2949; x_wconf 81' lang='grc' dir='ltr'><strong>ι</strong></span> <span class='ocrx_word' id='word_1_412' title='bbox 645 2894 765 2949; x_wconf 82' lang='lat' dir='ltr'><strong>Remissa</strong></span> <span class='ocrx_word' id='word_1_413' title='bbox 788 2896 853 2949; x_wconf 81' lang='lat' dir='ltr'><strong>sant</strong></span> <span class='ocrx_word' id='word_1_414' title='bbox 872 2902 983 2964; x_wconf 87' lang='lat' dir='ltr'><strong>peccata</strong></span> <span class='ocrx_word' id='word_1_415' title='bbox 1038 2890 1109 2964; x_wconf 87' lang='lat' dir='ltr'><strong>quia</strong></span> <span class='ocrx_word' id='word_1_416' title='bbox 1133 2889 1195 2947; x_wconf 91' lang='lat' dir='ltr'><strong>alas</strong></span> <span class='ocrx_word' id='word_1_417' title='bbox 1218 2890 1344 2946; x_wconf 89' lang='lat' dir='ltr'><strong>habebat</strong></span> <span class='ocrx_word' id='word_1_418' title='bbox 1367 2890 1495 2961; x_wconf 87' lang='lat' dir='ltr'><strong>perlecta</strong></span> <span class='ocrx_word' id='word_1_419' title='bbox 1517 2890 1655 2963; x_wconf 90' lang='lat' dir='ltr'><strong>charitas,</strong></span> <span class='ocrx_word' id='word_1_420' title='bbox 1671 2893 1781 2951; x_wconf 91' lang='lat' dir='ltr'><strong>audisti</strong></span> <span class='ocrx_word' id='word_1_421' title='bbox 1804 2900 1861 2952; x_wconf 87' lang='lat' dir='ltr'><strong>Do-</strong></span> 
     </span>
     <span class='ocr_line' id='line_1_30' title="bbox 154 2977 1863 3057; baseline 0.001 -17"><span class='ocrx_word' id='word_1_422' title='bbox 154 2987 214 3057; x_wconf 76' lang='lat' dir='ltr'><strong>ep&#39;as</strong></span> <span class='ocrx_word' id='word_1_423' title='bbox 227 2984 337 3051; x_wconf 84' lang='lat' dir='ltr'><strong>malta,</strong></span> <span class='ocrx_word' id='word_1_424' title='bbox 360 2984 491 3054; x_wconf 82' lang='lat' dir='ltr'><strong>quoniam</strong></span> <span class='ocrx_word' id='word_1_425' title='bbox 514 2982 613 3039; x_wconf 77' lang='lat' dir='ltr'><strong>dilexit</strong></span> <span class='ocrx_word' id='word_1_426' title='bbox 632 2982 752 3037; x_wconf 83' lang='lat' dir='ltr'><strong>mattam</strong></span> <span class='ocrx_word' id='word_1_427' title='bbox 766 2982 842 3055; x_wconf 85' lang='lat' dir='ltr'><strong>(tae.</strong></span> <span class='ocrx_word' id='word_1_428' title='bbox 859 2999 908 3050; x_wconf 88' lang='lat' dir='ltr'><strong>vu,</strong></span> <span class='ocrx_word' id='word_1_429' title='bbox 924 2983 981 3051; x_wconf 73' lang='lat' dir='ltr'><strong>tt).</strong></span> <span class='ocrx_word' id='word_1_430' title='bbox 1038 2978 1153 3034; x_wconf 89' lang='lat' dir='ltr'><strong>minum</strong></span> <span class='ocrx_word' id='word_1_431' title='bbox 1173 2978 1317 3034; x_wconf 88' lang='lat' dir='ltr'><strong>dicentem</strong></span> <span class='ocrx_word' id='word_1_432' title='bbox 1339 2994 1346 3033; x_wconf 78' lang='grc' dir='ltr'><strong>ι</strong></span> <span class='ocrx_word' id='word_1_433' title='bbox 1367 2978 1475 3047; x_wconf 80' lang='lat' dir='ltr'><strong>Quoties</strong></span> <span class='ocrx_word' id='word_1_434' title='bbox 1492 2977 1572 3035; x_wconf 84' lang='lat' dir='ltr'><strong>volat</strong></span> <span class='ocrx_word' id='word_1_435' title='bbox 1599 2995 1762 3054; x_wconf 74' lang='lat' dir='ltr'><strong>congregare</strong></span> <span class='ocrx_word' id='word_1_436' title='bbox 1789 2985 1863 3055; x_wconf 82' lang='lat' dir='ltr'><strong>filios</strong></span> 
     </span>
     <span class='ocr_line' id='line_1_31' title="bbox 153 3067 1863 3142; baseline 0 -11"><span class='ocrx_word' id='word_1_437' title='bbox 153 3070 412 3131; x_wconf 64' lang='lat' dir='ltr'><strong>mauriliensis</strong></span> <span class='ocrx_word' id='word_1_438' title='bbox 428 3072 596 3127; x_wconf 87' lang='lat' dir='ltr'><strong>sanctorum</strong></span> <span class='ocrx_word' id='word_1_439' title='bbox 611 3072 773 3141; x_wconf 79' lang='lat' dir='ltr'><strong>martyrum</strong></span> <span class='ocrx_word' id='word_1_440' title='bbox 788 3068 895 3138; x_wconf 89' lang='lat' dir='ltr'><strong>valida,</strong></span> <span class='ocrx_word' id='word_1_441' title='bbox 919 3086 983 3142; x_wconf 82' lang='lat' dir='ltr'><strong>qua</strong></span> <span class='ocrx_word' id='word_1_442' title='bbox 1036 3071 1096 3123; x_wconf 86' lang='lat' dir='ltr'><strong>taos</strong></span> <span class='ocrx_word' id='word_1_443' title='bbox 1122 3069 1194 3125; x_wconf 84' lang='lat' dir='ltr'><strong>sicat</strong></span> <span class='ocrx_word' id='word_1_444' title='bbox 1219 3067 1327 3138; x_wconf 81' lang='lat' dir='ltr'><strong>pottiao</strong></span> <span class='ocrx_word' id='word_1_445' title='bbox 1349 3071 1493 3138; x_wconf 77' lang='lat' dir='ltr'><strong>casprepat</strong></span> <span class='ocrx_word' id='word_1_446' title='bbox 1518 3069 1609 3140; x_wconf 82' lang='lat' dir='ltr'><strong>potios</strong></span> <span class='ocrx_word' id='word_1_447' title='bbox 1635 3086 1698 3126; x_wconf 86' lang='lat' dir='ltr'><strong>saos</strong></span> <span class='ocrx_word' id='word_1_448' title='bbox 1726 3074 1776 3129; x_wconf 81' lang='lat' dir='ltr'><strong>sab</strong></span> <span class='ocrx_word' id='word_1_449' title='bbox 1802 3074 1863 3131; x_wconf 86' lang='lat' dir='ltr'><strong>atas</strong></span> 
     </span>
     <span class='ocr_line' id='line_1_32' title="bbox 156 3155 1382 3237; baseline -0.006 -20"><span class='ocrx_word' id='word_1_450' title='bbox 156 3160 276 3237; x_wconf 86' lang='lat' dir='ltr'><strong>culpam</strong></span> <span class='ocrx_word' id='word_1_451' title='bbox 297 3158 395 3217; x_wconf 84' lang='lat' dir='ltr'><strong>abolet</strong></span> <span class='ocrx_word' id='word_1_452' title='bbox 417 3157 610 3232; x_wconf 62' lang='lat' dir='ltr'><strong>superiorem</strong></span> <span class='ocrx_word' id='word_1_453' title='bbox 635 3160 665 3214; x_wconf 93' lang='lat' dir='ltr'><strong>et</strong></span> <span class='ocrx_word' id='word_1_454' title='bbox 687 3155 752 3214; x_wconf 91' lang='lat' dir='ltr'><strong>ideo</strong></span> <span class='ocrx_word' id='word_1_455' title='bbox 777 3157 873 3214; x_wconf 90' lang='lat' dir='ltr'><strong>valida</strong></span> <span class='ocrx_word' id='word_1_456' title='bbox 898 3158 984 3229; x_wconf 88' lang='lat' dir='ltr'><strong>cujus</strong></span> <span class='ocrx_word' id='word_1_457' title='bbox 1036 3173 1101 3213; x_wconf 81' lang='lat' dir='ltr'><strong>scas</strong></span> <span class='ocrx_word' id='word_1_458' title='bbox 1114 3156 1219 3227; x_wconf 88' lang='lat' dir='ltr'><strong>(ltcttb.</strong></span> <span class='ocrx_word' id='word_1_459' title='bbox 1233 3171 1313 3225; x_wconf 77' lang='lat' dir='ltr'><strong>arur,</strong></span> <span class='ocrx_word' id='word_1_460' title='bbox 1325 3157 1382 3227; x_wconf 86' lang='grc'>37).</span> 
     </span>
     <span class='ocr_line' id='line_1_33' title="bbox 158 3235 1861 3323; baseline 0.002 -19"><span class='ocrx_word' id='word_1_461' title='bbox 158 3264 215 3305; x_wconf 89' lang='lat' dir='ltr'><strong>nan</strong></span> <span class='ocrx_word' id='word_1_462' title='bbox 229 3246 329 3323; x_wconf 84' lang='lat' dir='ltr'><strong>impar</strong></span> <span class='ocrx_word' id='word_1_463' title='bbox 342 3250 388 3304; x_wconf 86' lang='lat' dir='ltr'><strong>est</strong></span> <span class='ocrx_word' id='word_1_464' title='bbox 402 3245 540 3317; x_wconf 88' lang='lat' dir='ltr'><strong>charitas,</strong></span> <span class='ocrx_word' id='word_1_465' title='bbox 555 3263 618 3319; x_wconf 78' lang='lat' dir='ltr'><strong>quae</strong></span> <span class='ocrx_word' id='word_1_466' title='bbox 634 3246 806 3319; x_wconf 80' lang='lat' dir='ltr'><strong>adaquatur</strong></span> <span class='ocrx_word' id='word_1_467' title='bbox 821 3250 981 3320; x_wconf 79' lang='lat' dir='ltr'><strong>martyrum</strong></span> <span class='ocrx_word' id='word_1_468' title='bbox 996 3235 1019 3301; x_wconf 92' lang='lat' dir='ltr'>C</span> <span class='ocrx_word' id='word_1_469' title='bbox 1071 3248 1117 3302; x_wconf 86' lang='grc'><strong>78.</strong></span> <span class='ocrx_word' id='word_1_470' title='bbox 1133 3246 1292 3302; x_wconf 82' lang='lat' dir='ltr'><strong>sumamus</strong></span> <span class='ocrx_word' id='word_1_471' title='bbox 1306 3245 1398 3317; x_wconf 91' lang='lat' dir='ltr'><strong>igitur</strong></span> <span class='ocrx_word' id='word_1_472' title='bbox 1410 3244 1465 3300; x_wconf 89' lang='lat' dir='ltr'><strong>bas</strong></span> <span class='ocrx_word' id='word_1_473' title='bbox 1479 3245 1551 3313; x_wconf 90' lang='lat' dir='ltr'><strong>alas,</strong></span> <span class='ocrx_word' id='word_1_474' title='bbox 1565 3263 1631 3318; x_wconf 80' lang='lat' dir='ltr'><strong>quae</strong></span> <span class='ocrx_word' id='word_1_475' title='bbox 1645 3247 1722 3307; x_wconf 91' lang='lat' dir='ltr'><strong>sicut</strong></span> <span class='ocrx_word' id='word_1_476' title='bbox 1736 3250 1861 3307; x_wconf 80' lang='lat' dir='ltr'><strong>flammae</strong></span> 
     </span>
     <span class='ocr_line' id='line_1_34' title="bbox 160 3332 1861 3409; baseline 0.002 -16"><span class='ocrx_word' id='word_1_477' title='bbox 160 3337 300 3409; x_wconf 87' lang='lat' dir='ltr'><strong>passioni,</strong></span> <span class='ocrx_word' id='word_1_478' title='bbox 316 3339 349 3395; x_wconf 88' lang='lat' dir='ltr'><strong>ut</strong></span> <span class='ocrx_word' id='word_1_479' title='bbox 363 3336 477 3393; x_wconf 86' lang='lat' dir='ltr'><strong>aulsrat</strong></span> <span class='ocrx_word' id='word_1_480' title='bbox 490 3336 628 3392; x_wconf 88' lang='lat' dir='ltr'><strong>meritum</strong></span> <span class='ocrx_word' id='word_1_481' title='bbox 643 3334 826 3393; x_wconf 88' lang='lat' dir='ltr'><strong>delictorum.</strong></span> <span class='ocrx_word' id='word_1_482' title='bbox 1035 3335 1073 3392; x_wconf 88' lang='lat' dir='ltr'><strong>ad</strong></span> <span class='ocrx_word' id='word_1_483' title='bbox 1085 3333 1239 3406; x_wconf 88' lang='lat' dir='ltr'><strong>superiora</strong></span> <span class='ocrx_word' id='word_1_484' title='bbox 1251 3332 1390 3406; x_wconf 91' lang='lat' dir='ltr'><strong>dirigant.</strong></span> <span class='ocrx_word' id='word_1_485' title='bbox 1402 3333 1496 3389; x_wconf 75' lang='lat' dir='ltr'><strong>llxuat</strong></span> <span class='ocrx_word' id='word_1_486' title='bbox 1510 3335 1715 3408; x_wconf 91' lang='lat' dir='ltr'><strong>unusquisque</strong></span> <span class='ocrx_word' id='word_1_487' title='bbox 1730 3338 1861 3397; x_wconf 86' lang='lat' dir='ltr'><strong>animam</strong></span> 
     </span>
     <span class='ocr_line' id='line_1_35' title="bbox 191 3421 1862 3501; baseline 0.003 -20"><span class='ocrx_word' id='word_1_488' title='bbox 191 3428 238 3483; x_wconf 78' lang='lat'><strong>77.</strong></span> <span class='ocrx_word' id='word_1_489' title='bbox 253 3424 339 3482; x_wconf 88' lang='lat' dir='ltr'><strong>Zelus</strong></span> <span class='ocrx_word' id='word_1_490' title='bbox 361 3440 480 3499; x_wconf 88' lang='lat' dir='ltr'><strong>quoque</strong></span> <span class='ocrx_word' id='word_1_491' title='bbox 503 3428 535 3481; x_wconf 86' lang='lat' dir='ltr'><strong>ut</strong></span> <span class='ocrx_word' id='word_1_492' title='bbox 557 3423 642 3480; x_wconf 84' lang='lat' dir='ltr'><strong>interi</strong></span> <span class='ocrx_word' id='word_1_493' title='bbox 662 3424 753 3494; x_wconf 83' lang='lat' dir='ltr'><strong>(Cant.</strong></span> <span class='ocrx_word' id='word_1_494' title='bbox 776 3425 982 3498; x_wconf 84' lang='lat' dir='ltr'><strong>v111,b),quo-</strong></span> <span class='ocrx_word' id='word_1_495' title='bbox 1035 3440 1121 3480; x_wconf 89' lang='lat' dir='ltr'><strong>suam</strong></span> <span class='ocrx_word' id='word_1_496' title='bbox 1135 3421 1294 3479; x_wconf 91' lang='lat' dir='ltr'><strong>involucris</strong></span> <span class='ocrx_word' id='word_1_497' title='bbox 1309 3422 1533 3492; x_wconf 87' lang='lat' dir='ltr'><strong>sordidioribus,</strong></span> <span class='ocrx_word' id='word_1_498' title='bbox 1542 3428 1572 3480; x_wconf 91' lang='lat' dir='ltr'><strong>et</strong></span> <span class='ocrx_word' id='word_1_499' title='bbox 1586 3425 1784 3497; x_wconf 89' lang='lat' dir='ltr'><strong>quasiaurum</strong></span> <span class='ocrx_word' id='word_1_500' title='bbox 1794 3429 1862 3501; x_wconf 89' lang='lat' dir='ltr'><strong>igne</strong></span> 
     </span>
     <span class='ocr_line' id='line_1_36' title="bbox 161 3508 1860 3588; baseline 0.003 -18"><span class='ocrx_word' id='word_1_501' title='bbox 161 3514 237 3571; x_wconf 88' lang='lat' dir='ltr'><strong>uiam</strong></span> <span class='ocrx_word' id='word_1_502' title='bbox 253 3514 303 3587; x_wconf 92' lang='lat' dir='ltr'><strong>qui</strong></span> <span class='ocrx_word' id='word_1_503' title='bbox 318 3512 414 3571; x_wconf 87' lang='lat' dir='ltr'><strong>zelum</strong></span> <span class='ocrx_word' id='word_1_504' title='bbox 438 3512 489 3571; x_wconf 87' lang='lat' dir='ltr'><strong>Dei</strong></span> <span class='ocrx_word' id='word_1_505' title='bbox 513 3513 611 3582; x_wconf 87' lang='lat' dir='ltr'><strong>habet,</strong></span> <span class='ocrx_word' id='word_1_506' title='bbox 627 3529 678 3583; x_wconf 92' lang='lat' dir='ltr'><strong>pro</strong></span> <span class='ocrx_word' id='word_1_507' title='bbox 701 3512 815 3569; x_wconf 86' lang='lat' dir='ltr'><strong>christo</strong></span> <span class='ocrx_word' id='word_1_508' title='bbox 843 3529 895 3570; x_wconf 86' lang='lat' dir='ltr'><strong>occ</strong></span> <span class='ocrx_word' id='word_1_509' title='bbox 918 3514 981 3570; x_wconf 88' lang='lat' dir='ltr'><strong>suis</strong></span> <span class='ocrx_word' id='word_1_510' title='bbox 1035 3511 1176 3585; x_wconf 89' lang='lat' dir='ltr'><strong>approbet</strong></span> <span class='ocrx_word' id='word_1_511' title='bbox 1190 3511 1336 3567; x_wconf 89' lang='lat' dir='ltr'><strong>detersam</strong></span> <span class='ocrx_word' id='word_1_512' title='bbox 1351 3508 1423 3565; x_wconf 92' lang='lat' dir='ltr'><strong>luto.</strong></span> <span class='ocrx_word' id='word_1_513' title='bbox 1436 3510 1483 3566; x_wconf 90' lang='lat' dir='ltr'><strong>Sic</strong></span> <span class='ocrx_word' id='word_1_514' title='bbox 1497 3511 1577 3567; x_wconf 89' lang='lat' dir='ltr'><strong>enim</strong></span> <span class='ocrx_word' id='word_1_515' title='bbox 1592 3519 1735 3588; x_wconf 88' lang='lat' dir='ltr'><strong>purgatur</strong></span> <span class='ocrx_word' id='word_1_516' title='bbox 1749 3518 1860 3587; x_wconf 90' lang='lat' dir='ltr'><strong>anima,</strong></span> 
     </span>
     <span class='ocr_line' id='line_1_37' title="bbox 161 3597 1860 3675; baseline 0.002 -16"><span class='ocrx_word' id='word_1_517' title='bbox 161 3604 260 3675; x_wconf 90' lang='lat' dir='ltr'><strong>parcit.</strong></span> <span class='ocrx_word' id='word_1_518' title='bbox 277 3604 379 3675; x_wconf 88' lang='lat' dir='ltr'><strong>ltaque</strong></span> <span class='ocrx_word' id='word_1_519' title='bbox 398 3604 427 3659; x_wconf 89' lang='lat' dir='ltr'><strong>et</strong></span> <span class='ocrx_word' id='word_1_520' title='bbox 442 3605 567 3659; x_wconf 87' lang='lat' dir='ltr'><strong>mortem</strong></span> <span class='ocrx_word' id='word_1_521' title='bbox 582 3600 670 3659; x_wconf 86' lang='lat' dir='ltr'><strong>babet</strong></span> <span class='ocrx_word' id='word_1_522' title='bbox 689 3601 827 3667; x_wconf 89' lang='lat' dir='ltr'><strong>charitas,</strong></span> <span class='ocrx_word' id='word_1_523' title='bbox 843 3600 981 3657; x_wconf 79' lang='lat' dir='ltr'><strong>strelam</strong></span> <span class='ocrx_word' id='word_1_524' title='bbox 1035 3600 1115 3657; x_wconf 90' lang='lat' dir='ltr'><strong>velut</strong></span> <span class='ocrx_word' id='word_1_525' title='bbox 1128 3615 1233 3655; x_wconf 89' lang='lat' dir='ltr'><strong>aarum</strong></span> <span class='ocrx_word' id='word_1_526' title='bbox 1249 3597 1405 3671; x_wconf 89' lang='lat' dir='ltr'><strong>optimum.</strong></span> <span class='ocrx_word' id='word_1_527' title='bbox 1422 3598 1611 3658; x_wconf 88' lang='lat' dir='ltr'><strong>Pulchritudo</strong></span> <span class='ocrx_word' id='word_1_528' title='bbox 1633 3608 1731 3661; x_wconf 90' lang='lat' dir='ltr'><strong>autem</strong></span> <span class='ocrx_word' id='word_1_529' title='bbox 1756 3607 1860 3663; x_wconf 81' lang='lat' dir='ltr'><strong>anime</strong></span> 
     </span>
     <span class='ocr_line' id='line_1_38' title="bbox 161 3686 1862 3766; baseline 0.002 -19"><span class='ocrx_word' id='word_1_530' title='bbox 161 3690 247 3749; x_wconf 87' lang='lat' dir='ltr'><strong>babet</strong></span> <span class='ocrx_word' id='word_1_531' title='bbox 260 3692 398 3758; x_wconf 87' lang='lat' dir='ltr'><strong>ebaritas,</strong></span> <span class='ocrx_word' id='word_1_532' title='bbox 415 3689 517 3747; x_wconf 89' lang='lat' dir='ltr'><strong>etalaa</strong></span> <span class='ocrx_word' id='word_1_533' title='bbox 532 3690 610 3765; x_wconf 88' lang='lat' dir='ltr'><strong>ignis</strong></span> <span class='ocrx_word' id='word_1_534' title='bbox 625 3688 713 3747; x_wconf 87' lang='lat' dir='ltr'><strong>habet</strong></span> <span class='ocrx_word' id='word_1_535' title='bbox 736 3688 872 3747; x_wconf 81' lang='lat' dir='ltr'><strong>charitas.</strong></span> <span class='ocrx_word' id='word_1_536' title='bbox 894 3690 981 3746; x_wconf 87' lang='lat' dir='ltr'><strong>Deni-</strong></span> <span class='ocrx_word' id='word_1_537' title='bbox 1037 3689 1150 3745; x_wconf 86' lang='lat' dir='ltr'><strong>sincera</strong></span> <span class='ocrx_word' id='word_1_538' title='bbox 1168 3686 1271 3752; x_wconf 89' lang='lat' dir='ltr'><strong>virtus,</strong></span> <span class='ocrx_word' id='word_1_539' title='bbox 1295 3690 1324 3742; x_wconf 88' lang='lat' dir='ltr'><strong>ct</strong></span> <span class='ocrx_word' id='word_1_540' title='bbox 1347 3686 1437 3742; x_wconf 87' lang='lat' dir='ltr'><strong>decus</strong></span> <span class='ocrx_word' id='word_1_541' title='bbox 1459 3689 1554 3745; x_wconf 90' lang='lat' dir='ltr'><strong>verior</strong></span> <span class='ocrx_word' id='word_1_542' title='bbox 1573 3691 1700 3763; x_wconf 90' lang='lat' dir='ltr'><strong>cognitio</strong></span> <span class='ocrx_word' id='word_1_543' title='bbox 1719 3710 1862 3766; x_wconf 90' lang='lat' dir='ltr'><strong>superno·</strong></span> 
     </span>
     <span class='ocr_line' id='line_1_39' title="bbox 162 3773 1863 3853; baseline 0.002 -16"><span class='ocrx_word' id='word_1_544' title='bbox 162 3794 214 3852; x_wconf 85' lang='lat' dir='ltr'><strong>qus</strong></span> <span class='ocrx_word' id='word_1_545' title='bbox 228 3780 360 3837; x_wconf 81' lang='lat' dir='ltr'><strong>Christus</strong></span> <span class='ocrx_word' id='word_1_546' title='bbox 375 3778 502 3853; x_wconf 89' lang='lat' dir='ltr'><strong>diligens</strong></span> <span class='ocrx_word' id='word_1_547' title='bbox 517 3778 647 3853; x_wconf 79' lang='lat' dir='ltr'><strong>Moysen,</strong></span> <span class='ocrx_word' id='word_1_548' title='bbox 663 3778 694 3835; x_wconf 92' lang='lat' dir='ltr'><strong>in</strong></span> <span class='ocrx_word' id='word_1_549' title='bbox 712 3776 780 3853; x_wconf 90' lang='lat' dir='ltr'><strong>igne</strong></span> <span class='ocrx_word' id='word_1_550' title='bbox 793 3778 818 3833; x_wconf 90' lang='lat' dir='ltr'><strong>ei</strong></span> <span class='ocrx_word' id='word_1_551' title='bbox 834 3778 980 3850; x_wconf 89' lang='lat' dir='ltr'><strong>apparuit.</strong></span> <span class='ocrx_word' id='word_1_552' title='bbox 1037 3794 1114 3847; x_wconf 90' lang='lat' dir='ltr'><strong>rum,</strong></span> <span class='ocrx_word' id='word_1_553' title='bbox 1135 3780 1168 3831; x_wconf 93' lang='lat' dir='ltr'><strong>ut</strong></span> <span class='ocrx_word' id='word_1_554' title='bbox 1185 3775 1282 3831; x_wconf 84' lang='lat' dir='ltr'><strong>videat</strong></span> <span class='ocrx_word' id='word_1_555' title='bbox 1301 3773 1374 3830; x_wconf 93' lang='lat' dir='ltr'><strong>illud</strong></span> <span class='ocrx_word' id='word_1_556' title='bbox 1395 3775 1505 3833; x_wconf 87' lang='lat' dir='ltr'><strong>bouum</strong></span> <span class='ocrx_word' id='word_1_557' title='bbox 1524 3792 1559 3833; x_wconf 86' lang='lat' dir='ltr'><strong>ex</strong></span> <span class='ocrx_word' id='word_1_558' title='bbox 1578 3796 1637 3851; x_wconf 90' lang='lat' dir='ltr'><strong>quo</strong></span> <span class='ocrx_word' id='word_1_559' title='bbox 1656 3783 1784 3852; x_wconf 85' lang='lat' dir='ltr'><strong>pendeat</strong></span> <span class='ocrx_word' id='word_1_560' title='bbox 1803 3800 1863 3839; x_wconf 90' lang='lat' dir='ltr'><strong>om·</strong></span> 
     </span>
     <span class='ocr_line' id='line_1_40' title="bbox 162 3862 1862 3942; baseline 0.002 -18"><span class='ocrx_word' id='word_1_561' title='bbox 162 3868 366 3926; x_wconf 78' lang='lat' dir='ltr'><strong>litilieremias</strong></span> <span class='ocrx_word' id='word_1_562' title='bbox 381 3868 539 3925; x_wconf 85' lang='lat' dir='ltr'><strong>hahensin</strong></span> <span class='ocrx_word' id='word_1_563' title='bbox 554 3868 711 3926; x_wconf 80' lang='lat' dir='ltr'><strong>cadonum</strong></span> <span class='ocrx_word' id='word_1_564' title='bbox 730 3865 834 3923; x_wconf 75' lang='lat' dir='ltr'><strong>divinae</strong></span> <span class='ocrx_word' id='word_1_565' title='bbox 860 3865 984 3923; x_wconf 86' lang='lat' dir='ltr'><strong>charita·</strong></span> <span class='ocrx_word' id='word_1_566' title='bbox 1037 3865 1097 3934; x_wconf 92' lang='lat' dir='ltr'><strong>nia,</strong></span> <span class='ocrx_word' id='word_1_567' title='bbox 1114 3865 1212 3938; x_wconf 89' lang='lat' dir='ltr'><strong>ipsum</strong></span> <span class='ocrx_word' id='word_1_568' title='bbox 1228 3869 1327 3921; x_wconf 88' lang='lat' dir='ltr'><strong>autem</strong></span> <span class='ocrx_word' id='word_1_569' title='bbox 1343 3880 1377 3920; x_wconf 85' lang='lat' dir='ltr'><strong>cx</strong></span> <span class='ocrx_word' id='word_1_570' title='bbox 1392 3862 1483 3920; x_wconf 91' lang='lat' dir='ltr'><strong>nullo.</strong></span> <span class='ocrx_word' id='word_1_571' title='bbox 1500 3865 1540 3921; x_wconf 78' lang='lat' dir='ltr'><strong>llo</strong></span> <span class='ocrx_word' id='word_1_572' title='bbox 1564 3866 1655 3938; x_wconf 87' lang='lat' dir='ltr'><strong>igitur</strong></span> <span class='ocrx_word' id='word_1_573' title='bbox 1677 3869 1757 3935; x_wconf 87' lang='lat' dir='ltr'><strong>vivit,</strong></span> <span class='ocrx_word' id='word_1_574' title='bbox 1774 3874 1862 3942; x_wconf 91' lang='lat' dir='ltr'><strong>atque</strong></span> 
     </span>
     <span class='ocr_line' id='line_1_41' title="bbox 163 3952 1862 4027; baseline 0.001 -15"><span class='ocrx_word' id='word_1_575' title='bbox 163 3957 210 4026; x_wconf 88' lang='lat' dir='ltr'><strong>tis,</strong></span> <span class='ocrx_word' id='word_1_576' title='bbox 228 3957 342 4014; x_wconf 89' lang='lat' dir='ltr'><strong>dicebat</strong></span> <span class='ocrx_word' id='word_1_577' title='bbox 363 3974 369 4012; x_wconf 96' lang='lat'><strong>:</strong></span> <span class='ocrx_word' id='word_1_578' title='bbox 392 3960 425 4014; x_wconf 80' lang='lat' dir='ltr'><strong>aa</strong></span> <span class='ocrx_word' id='word_1_579' title='bbox 442 3963 501 4013; x_wconf 85' lang='lat' dir='ltr'><strong>erat</strong></span> <span class='ocrx_word' id='word_1_580' title='bbox 519 3957 591 4027; x_wconf 72' lang='lat' dir='ltr'><strong>ipris</strong></span> <span class='ocrx_word' id='word_1_581' title='bbox 616 3956 795 4026; x_wconf 69' lang='lat' dir='ltr'><strong>inflammans</strong></span> <span class='ocrx_word' id='word_1_582' title='bbox 822 3955 854 4011; x_wconf 81' lang='lat' dir='ltr'><strong>ire</strong></span> <span class='ocrx_word' id='word_1_583' title='bbox 878 3956 983 4011; x_wconf 81' lang='lat' dir='ltr'><strong>ossibus</strong></span> <span class='ocrx_word' id='word_1_584' title='bbox 1038 3952 1218 4011; x_wconf 89' lang='lat' dir='ltr'><strong>intellectum</strong></span> <span class='ocrx_word' id='word_1_585' title='bbox 1238 3952 1351 4025; x_wconf 92' lang='lat' dir='ltr'><strong>accipit.</strong></span> <span class='ocrx_word' id='word_1_586' title='bbox 1366 3952 1437 4007; x_wconf 75' lang='lat' dir='ltr'><strong>Vico</strong></span> <span class='ocrx_word' id='word_1_587' title='bbox 1461 3953 1541 4008; x_wconf 90' lang='lat' dir='ltr'><strong>enim</strong></span> <span class='ocrx_word' id='word_1_588' title='bbox 1563 3954 1634 4010; x_wconf 81' lang='lat' dir='ltr'><strong>fons·</strong></span> <span class='ocrx_word' id='word_1_589' title='bbox 1647 3961 1692 4011; x_wconf 89' lang='lat' dir='ltr'><strong>est</strong></span> <span class='ocrx_word' id='word_1_590' title='bbox 1710 3954 1862 4014; x_wconf 86' lang='lat' dir='ltr'><strong>summum</strong></span> 
     </span>
     <span class='ocr_line' id='line_1_42' title="bbox 162 4041 1862 4118; baseline -0.001 -14"><span class='ocrx_word' id='word_1_591' title='bbox 162 4048 226 4103; x_wconf 71' lang='lat' dir='ltr'><strong>mab</strong></span> <span class='ocrx_word' id='word_1_592' title='bbox 241 4065 248 4104; x_wconf 93' lang='lat'>:</span> <span class='ocrx_word' id='word_1_593' title='bbox 263 4050 289 4104; x_wconf 86' lang='lat' dir='ltr'><strong>et</strong></span> <span class='ocrx_word' id='word_1_594' title='bbox 304 4047 453 4104; x_wconf 84' lang='lat' dir='ltr'><strong>dissolatas</strong></span> <span class='ocrx_word' id='word_1_595' title='bbox 466 4061 528 4101; x_wconf 84' lang='lat' dir='ltr'><strong>sam</strong></span> <span class='ocrx_word' id='word_1_596' title='bbox 546 4044 678 4118; x_wconf 77' lang='lat' dir='ltr'><strong>audique,</strong></span> <span class='ocrx_word' id='word_1_597' title='bbox 702 4049 730 4101; x_wconf 86' lang='lat' dir='ltr'><strong>et</strong></span> <span class='ocrx_word' id='word_1_598' title='bbox 751 4048 825 4117; x_wconf 77' lang='lat' dir='ltr'><strong>terre</strong></span> <span class='ocrx_word' id='word_1_599' title='bbox 845 4061 900 4103; x_wconf 84' lang='lat' dir='ltr'><strong>aon</strong></span> <span class='ocrx_word' id='word_1_600' title='bbox 921 4060 982 4117; x_wconf 87' lang='lat' dir='ltr'><strong>pos·</strong></span> <span class='ocrx_word' id='word_1_601' title='bbox 1038 4042 1112 4099; x_wconf 91' lang='lat' dir='ltr'><strong>illud</strong></span> <span class='ocrx_word' id='word_1_602' title='bbox 1135 4042 1258 4107; x_wconf 91' lang='lat' dir='ltr'><strong>bonum,</strong></span> <span class='ocrx_word' id='word_1_603' title='bbox 1274 4041 1360 4112; x_wconf 79' lang='lat' dir='ltr'><strong>quus</strong></span> <span class='ocrx_word' id='word_1_604' title='bbox 1384 4041 1511 4097; x_wconf 87' lang='lat' dir='ltr'><strong>charitas</strong></span> <span class='ocrx_word' id='word_1_605' title='bbox 1531 4044 1616 4099; x_wconf 90' lang='lat' dir='ltr'><strong>nobis</strong></span> <span class='ocrx_word' id='word_1_606' title='bbox 1635 4048 1664 4100; x_wconf 90' lang='lat' dir='ltr'><strong>et</strong></span> <span class='ocrx_word' id='word_1_607' title='bbox 1682 4045 1862 4103; x_wconf 87' lang='lat' dir='ltr'><strong>desiderium</strong></span> 
     </span>
     <span class='ocr_line' id='line_1_43' title="bbox 163 4130 1863 4209; baseline 0.002 -20"><span class='ocrx_word' id='word_1_608' title='bbox 163 4151 221 4190; x_wconf 84' lang='lat' dir='ltr'><strong>sam</strong></span> <span class='ocrx_word' id='word_1_609' title='bbox 239 4137 349 4205; x_wconf 75' lang='lat' dir='ltr'><strong>(terrra.</strong></span> <span class='ocrx_word' id='word_1_610' title='bbox 374 4151 422 4200; x_wconf 80' lang='lat' dir='ltr'><strong>xx,</strong></span> <span class='ocrx_word' id='word_1_611' title='bbox 446 4134 486 4206; x_wconf 82' lang='grc'><strong>9),</strong></span> <span class='ocrx_word' id='word_1_612' title='bbox 509 4134 588 4190; x_wconf 85' lang='lat' dir='ltr'><strong>lions</strong></span> <span class='ocrx_word' id='word_1_613' title='bbox 612 4131 702 4206; x_wconf 90' lang='lat' dir='ltr'><strong>igitur</strong></span> <span class='ocrx_word' id='word_1_614' title='bbox 725 4132 853 4193; x_wconf 84' lang='lat' dir='ltr'><strong>ebaritas</strong></span> <span class='ocrx_word' id='word_1_615' title='bbox 872 4132 984 4190; x_wconf 90' lang='lat' dir='ltr'><strong>habens</strong></span> <span class='ocrx_word' id='word_1_616' title='bbox 1040 4130 1217 4197; x_wconf 84' lang='lat' dir='ltr'><strong>ascenditur,</strong></span> <span class='ocrx_word' id='word_1_617' title='bbox 1234 4130 1281 4186; x_wconf 94' lang='lat' dir='ltr'><strong>cui</strong></span> <span class='ocrx_word' id='word_1_618' title='bbox 1296 4131 1531 4202; x_wconf 86' lang='lat' dir='ltr'><strong>appropinquare</strong></span> <span class='ocrx_word' id='word_1_619' title='bbox 1545 4136 1573 4187; x_wconf 90' lang='lat' dir='ltr'><strong>et</strong></span> <span class='ocrx_word' id='word_1_620' title='bbox 1598 4133 1715 4190; x_wconf 89' lang='lat' dir='ltr'><strong>misceri</strong></span> <span class='ocrx_word' id='word_1_621' title='bbox 1728 4134 1863 4209; x_wconf 89' lang='lat' dir='ltr'><strong>voluptas</strong></span> 
     </span>
     <span class='ocr_line' id='line_1_44' title="bbox 164 4218 1864 4298; baseline 0.004 -23"><span class='ocrx_word' id='word_1_622' title='bbox 164 4222 223 4280; x_wconf 84' lang='lat' dir='ltr'><strong>alas</strong></span> <span class='ocrx_word' id='word_1_623' title='bbox 236 4223 314 4297; x_wconf 88' lang='lat' dir='ltr'><strong>ignis</strong></span> <span class='ocrx_word' id='word_1_624' title='bbox 328 4223 540 4296; x_wconf 72' lang='lat' dir='ltr'><strong>ardentisque</strong></span> <span class='ocrx_word' id='word_1_625' title='bbox 553 4221 655 4278; x_wconf 90' lang='lat' dir='ltr'><strong>volitat</strong></span> <span class='ocrx_word' id='word_1_626' title='bbox 664 4237 715 4295; x_wconf 94' lang='lat' dir='ltr'><strong>per</strong></span> <span class='ocrx_word' id='word_1_627' title='bbox 730 4226 848 4293; x_wconf 85' lang='lat' dir='ltr'><strong>pectora</strong></span> <span class='ocrx_word' id='word_1_628' title='bbox 858 4220 986 4278; x_wconf 87' lang='lat' dir='ltr'><strong>etcorda</strong></span> <span class='ocrx_word' id='word_1_629' title='bbox 1039 4223 1105 4276; x_wconf 91' lang='lat' dir='ltr'><strong>est:</strong></span> <span class='ocrx_word' id='word_1_630' title='bbox 1122 4219 1200 4291; x_wconf 91' lang='lat' dir='ltr'><strong>quod</strong></span> <span class='ocrx_word' id='word_1_631' title='bbox 1215 4218 1242 4275; x_wconf 93' lang='lat' dir='ltr'><strong>ei</strong></span> <span class='ocrx_word' id='word_1_632' title='bbox 1256 4218 1307 4291; x_wconf 90' lang='lat' dir='ltr'><strong>qui</strong></span> <span class='ocrx_word' id='word_1_633' title='bbox 1322 4236 1381 4275; x_wconf 89' lang='lat' dir='ltr'><strong>non</strong></span> <span class='ocrx_word' id='word_1_634' title='bbox 1395 4218 1482 4287; x_wconf 90' lang='lat' dir='ltr'><strong>videt,</strong></span> <span class='ocrx_word' id='word_1_635' title='bbox 1498 4220 1642 4278; x_wconf 91' lang='lat' dir='ltr'><strong>desiderio</strong></span> <span class='ocrx_word' id='word_1_636' title='bbox 1657 4228 1712 4293; x_wconf 85' lang='lat' dir='ltr'><strong>cst,</strong></span> <span class='ocrx_word' id='word_1_637' title='bbox 1728 4229 1757 4281; x_wconf 92' lang='lat' dir='ltr'><strong>st</strong></span> <span class='ocrx_word' id='word_1_638' title='bbox 1771 4224 1797 4280; x_wconf 90' lang='lat' dir='ltr'><strong>ei</strong></span> <span class='ocrx_word' id='word_1_639' title='bbox 1812 4226 1864 4298; x_wconf 86' lang='lat' dir='ltr'><strong>qni</strong></span> 
     </span>
     <span class='ocr_line' id='line_1_45' title="bbox 164 4308 1865 4386; baseline 0.004 -20"><span class='ocrx_word' id='word_1_640' title='bbox 164 4316 383 4381; x_wconf 87' lang='lat' dir='ltr'><strong>sanctorum,et</strong></span> <span class='ocrx_word' id='word_1_641' title='bbox 397 4311 491 4368; x_wconf 86' lang='lat' dir='ltr'><strong>exurit</strong></span> <span class='ocrx_word' id='word_1_642' title='bbox 505 4308 651 4383; x_wconf 91' lang='lat' dir='ltr'><strong>quidquid</strong></span> <span class='ocrx_word' id='word_1_643' title='bbox 662 4308 813 4367; x_wconf 84' lang='lat' dir='ltr'><strong>materiale</strong></span> <span class='ocrx_word' id='word_1_644' title='bbox 827 4312 915 4384; x_wconf 88' lang='lat' dir='ltr'><strong>atque</strong></span> <span class='ocrx_word' id='word_1_645' title='bbox 930 4314 986 4366; x_wconf 86' lang='lat' dir='ltr'><strong>ber-</strong></span> <span class='ocrx_word' id='word_1_646' title='bbox 1039 4308 1127 4377; x_wconf 86' lang='lat' dir='ltr'><strong>videt,</strong></span> <span class='ocrx_word' id='word_1_647' title='bbox 1158 4308 1249 4376; x_wconf 81' lang='lat' dir='ltr'><strong>inest3</strong></span> <span class='ocrx_word' id='word_1_648' title='bbox 1278 4308 1401 4379; x_wconf 87' lang='lat' dir='ltr'><strong>ideoque</strong></span> <span class='ocrx_word' id='word_1_649' title='bbox 1424 4308 1560 4366; x_wconf 88' lang='lat' dir='ltr'><strong>universa</strong></span> <span class='ocrx_word' id='word_1_650' title='bbox 1578 4311 1636 4367; x_wconf 91' lang='lat' dir='ltr'><strong>alia</strong></span> <span class='ocrx_word' id='word_1_651' title='bbox 1655 4314 1789 4386; x_wconf 89' lang='lat' dir='ltr'><strong>despicit,</strong></span> <span class='ocrx_word' id='word_1_652' title='bbox 1809 4315 1865 4373; x_wconf 92' lang='lat' dir='ltr'><strong>hoc</strong></span> 
     </span>
     <span class='ocr_line' id='line_1_46' title="bbox 166 4395 1866 4474; baseline 0.004 -20"><span class='ocrx_word' id='word_1_653' title='bbox 166 4416 264 4458; x_wconf 87' lang='lat' dir='ltr'><strong>renum</strong></span> <span class='ocrx_word' id='word_1_654' title='bbox 289 4403 345 4467; x_wconf 90' lang='lat' dir='ltr'><strong>est,</strong></span> <span class='ocrx_word' id='word_1_655' title='bbox 370 4399 515 4473; x_wconf 90' lang='lat' dir='ltr'><strong>quidquid</strong></span> <span class='ocrx_word' id='word_1_656' title='bbox 538 4414 606 4455; x_wconf 88' lang='lat' dir='ltr'><strong>vero</strong></span> <span class='ocrx_word' id='word_1_657' title='bbox 630 4398 777 4454; x_wconf 91' lang='lat' dir='ltr'><strong>sincerum</strong></span> <span class='ocrx_word' id='word_1_658' title='bbox 793 4402 847 4466; x_wconf 88' lang='lat' dir='ltr'><strong>est,</strong></span> <span class='ocrx_word' id='word_1_659' title='bbox 870 4397 984 4470; x_wconf 88' lang='lat' dir='ltr'><strong>probat,</strong></span> <span class='ocrx_word' id='word_1_660' title='bbox 1040 4414 1100 4453; x_wconf 91' lang='lat' dir='ltr'><strong>ono</strong></span> <span class='ocrx_word' id='word_1_661' title='bbox 1115 4395 1259 4453; x_wconf 90' lang='lat' dir='ltr'><strong>mulcetur</strong></span> <span class='ocrx_word' id='word_1_662' title='bbox 1277 4400 1306 4452; x_wconf 86' lang='lat' dir='ltr'><strong>ei</strong></span> <span class='ocrx_word' id='word_1_663' title='bbox 1325 4396 1495 4452; x_wconf 89' lang='lat' dir='ltr'><strong>delectatur.</strong></span> <span class='ocrx_word' id='word_1_664' title='bbox 1515 4398 1575 4454; x_wconf 90' lang='lat' dir='ltr'><strong>Hoc</strong></span> <span class='ocrx_word' id='word_1_665' title='bbox 1594 4403 1736 4474; x_wconf 88' lang='lat' dir='ltr'><strong>estquod</strong></span> <span class='ocrx_word' id='word_1_666' title='bbox 1756 4404 1866 4461; x_wconf 91' lang='lat' dir='ltr'><strong>submi·</strong></span> 
     </span>
     <span class='ocr_line' id='line_1_47' title="bbox 164 4485 1865 4565; baseline 0.005 -23"><span class='ocrx_word' id='word_1_667' title='bbox 164 4490 281 4562; x_wconf 80' lang='lat' dir='ltr'><strong>siquod</strong></span> <span class='ocrx_word' id='word_1_668' title='bbox 297 4488 461 4562; x_wconf 86' lang='lat' dir='ltr'><strong>contigerit,</strong></span> <span class='ocrx_word' id='word_1_669' title='bbox 479 4504 533 4544; x_wconf 89' lang='lat' dir='ltr'><strong>suo</strong></span> <span class='ocrx_word' id='word_1_670' title='bbox 546 4488 614 4561; x_wconf 87' lang='lat' dir='ltr'><strong>igne</strong></span> <span class='ocrx_word' id='word_1_671' title='bbox 629 4486 772 4544; x_wconf 89' lang='lat' dir='ltr'><strong>meliorat.</strong></span> <span class='ocrx_word' id='word_1_672' title='bbox 789 4486 872 4543; x_wconf 86' lang='lat' dir='ltr'><strong>Hunc</strong></span> <span class='ocrx_word' id='word_1_673' title='bbox 887 4488 986 4561; x_wconf 86' lang='lat' dir='ltr'><strong>ignem</strong></span> <span class='ocrx_word' id='word_1_674' title='bbox 1041 4487 1147 4542; x_wconf 90' lang='lat' dir='ltr'><strong>nistrat</strong></span> <span class='ocrx_word' id='word_1_675' title='bbox 1165 4485 1309 4541; x_wconf 89' lang='lat' dir='ltr'><strong>universis</strong></span> <span class='ocrx_word' id='word_1_676' title='bbox 1328 4486 1525 4542; x_wconf 88' lang='lat' dir='ltr'><strong>substantiam</strong></span> <span class='ocrx_word' id='word_1_677' title='bbox 1544 4489 1601 4559; x_wconf 85' lang='grc'>(57)</span> <span class='ocrx_word' id='word_1_678' title='bbox 1622 4508 1628 4545; x_wconf 93' lang='lat'>:</span> <span class='ocrx_word' id='word_1_679' title='bbox 1650 4491 1748 4565; x_wconf 89' lang='lat' dir='ltr'><strong>ipsum</strong></span> <span class='ocrx_word' id='word_1_680' title='bbox 1768 4499 1865 4551; x_wconf 90' lang='lat' dir='ltr'><strong>autem</strong></span> 
     </span>
     <span class='ocr_line' id='line_1_48' title="bbox 165 4574 1866 4667; baseline 0.006 -39"><span class='ocrx_word' id='word_1_681' title='bbox 165 4575 194 4632; x_wconf 88' lang='lat' dir='ltr'><strong>in</strong></span> <span class='ocrx_word' id='word_1_682' title='bbox 215 4582 322 4635; x_wconf 84' lang='lat' dir='ltr'><strong>terram</strong></span> <span class='ocrx_word' id='word_1_683' title='bbox 347 4577 430 4633; x_wconf 87' lang='lat' dir='ltr'><strong>misit</strong></span> <span class='ocrx_word' id='word_1_684' title='bbox 449 4576 593 4635; x_wconf 87' lang='lat' dir='ltr'><strong>Dominus</strong></span> <span class='ocrx_word' id='word_1_685' title='bbox 615 4576 712 4641; x_wconf 83' lang='lat' dir='ltr'><strong>lesus,</strong></span> <span class='ocrx_word' id='word_1_686' title='bbox 729 4578 757 4631; x_wconf 90' lang='lat' dir='ltr'><strong>ct</strong></span> <span class='ocrx_word' id='word_1_687' title='bbox 772 4574 888 4631; x_wconf 89' lang='lat' dir='ltr'><strong>relulsit</strong></span> <span class='ocrx_word' id='word_1_688' title='bbox 902 4574 985 4643; x_wconf 83' lang='lat' dir='ltr'><strong>fides,</strong></span> <span class='ocrx_word' id='word_1_689' title='bbox 1001 4597 1026 4667; x_wconf 71' lang='lat' dir='ltr'>D</span> <span class='ocrx_word' id='word_1_690' title='bbox 1041 4575 1073 4631; x_wconf 92' lang='lat' dir='ltr'><strong>in</strong></span> <span class='ocrx_word' id='word_1_691' title='bbox 1091 4574 1248 4646; x_wconf 88' lang='lat' dir='ltr'><strong>semetipso</strong></span> <span class='ocrx_word' id='word_1_692' title='bbox 1268 4589 1392 4630; x_wconf 90' lang='lat' dir='ltr'><strong>manens</strong></span> <span class='ocrx_word' id='word_1_693' title='bbox 1410 4574 1462 4630; x_wconf 91' lang='lat' dir='ltr'><strong>dat</strong></span> <span class='ocrx_word' id='word_1_694' title='bbox 1479 4574 1556 4641; x_wconf 90' lang='lat' dir='ltr'><strong>aliis,</strong></span> <span class='ocrx_word' id='word_1_695' title='bbox 1577 4578 1651 4635; x_wconf 90' lang='lat' dir='ltr'><strong>nibil</strong></span> <span class='ocrx_word' id='word_1_696' title='bbox 1671 4584 1769 4639; x_wconf 90' lang='lat' dir='ltr'><strong>autem</strong></span> <span class='ocrx_word' id='word_1_697' title='bbox 1789 4584 1820 4641; x_wconf 90' lang='lat' dir='ltr'><strong>in</strong></span> <span class='ocrx_word' id='word_1_698' title='bbox 1835 4599 1866 4640; x_wconf 91' lang='lat' dir='ltr'><strong>se</strong></span> 
     </span>
     <span class='ocr_line' id='line_1_49' title="bbox 166 4662 1866 4739; baseline 0.006 -20"><span class='ocrx_word' id='word_1_699' title='bbox 166 4666 285 4723; x_wconf 87' lang='lat' dir='ltr'><strong>accerisa</strong></span> <span class='ocrx_word' id='word_1_700' title='bbox 299 4670 345 4724; x_wconf 89' lang='lat' dir='ltr'><strong>est</strong></span> <span class='ocrx_word' id='word_1_701' title='bbox 359 4664 653 4733; x_wconf 88' lang='lat' dir='ltr'><strong>devotio,illuminats</strong></span> <span class='ocrx_word' id='word_1_702' title='bbox 665 4664 856 4732; x_wconf 88' lang='lat' dir='ltr'><strong>estcharitas,</strong></span> <span class='ocrx_word' id='word_1_703' title='bbox 870 4663 988 4735; x_wconf 87' lang='lat' dir='ltr'><strong>justitia</strong></span> <span class='ocrx_word' id='word_1_704' title='bbox 1041 4680 1075 4721; x_wconf 85' lang='lat' dir='ltr'><strong>ax</strong></span> <span class='ocrx_word' id='word_1_705' title='bbox 1090 4662 1157 4719; x_wconf 87' lang='lat' dir='ltr'><strong>aliis</strong></span> <span class='ocrx_word' id='word_1_706' title='bbox 1171 4662 1307 4734; x_wconf 89' lang='lat' dir='ltr'><strong>suscipit.</strong></span> <span class='ocrx_word' id='word_1_707' title='bbox 1328 4663 1369 4720; x_wconf 89' lang='lat' dir='ltr'><strong>De</strong></span> <span class='ocrx_word' id='word_1_708' title='bbox 1393 4680 1451 4735; x_wconf 92' lang='lat' dir='ltr'><strong>quo</strong></span> <span class='ocrx_word' id='word_1_709' title='bbox 1477 4664 1623 4739; x_wconf 88' lang='lat' dir='ltr'><strong>Propheta</strong></span> <span class='ocrx_word' id='word_1_710' title='bbox 1646 4670 1709 4727; x_wconf 90' lang='lat' dir='ltr'><strong>ait:</strong></span> <span class='ocrx_word' id='word_1_711' title='bbox 1726 4672 1792 4727; x_wconf 80' lang='lat' dir='ltr'><strong>litei</strong></span> <span class='ocrx_word' id='word_1_712' title='bbox 1813 4673 1866 4727; x_wconf 84' lang='lat' dir='ltr'><strong>llo·</strong></span> 
     </span>
     <span class='ocr_line' id='line_1_50' title="bbox 166 4750 1867 4827; baseline 0.004 -20"><span class='ocrx_word' id='word_1_713' title='bbox 166 4754 355 4827; x_wconf 87' lang='lat' dir='ltr'><strong>resplenduit.</strong></span> <span class='ocrx_word' id='word_1_714' title='bbox 370 4750 430 4811; x_wconf 86' lang='lat' dir='ltr'><strong>Hoc</strong></span> <span class='ocrx_word' id='word_1_715' title='bbox 454 4754 522 4827; x_wconf 89' lang='lat' dir='ltr'><strong>igne</strong></span> <span class='ocrx_word' id='word_1_716' title='bbox 542 4751 736 4810; x_wconf 86' lang='lat' dir='ltr'><strong>inflammavit</strong></span> <span class='ocrx_word' id='word_1_717' title='bbox 759 4753 847 4811; x_wconf 85' lang='lat' dir='ltr'><strong>corda</strong></span> <span class='ocrx_word' id='word_1_718' title='bbox 871 4756 986 4825; x_wconf 89' lang='lat' dir='ltr'><strong>aposto·</strong></span> <span class='ocrx_word' id='word_1_719' title='bbox 1040 4753 1117 4809; x_wconf 81' lang='lat' dir='ltr'><strong>miae</strong></span> <span class='ocrx_word' id='word_1_720' title='bbox 1134 4769 1140 4808; x_wconf 94' lang='lat'><strong>:</strong></span> <span class='ocrx_word' id='word_1_721' title='bbox 1156 4753 1226 4808; x_wconf 84' lang='lat' dir='ltr'><strong>beas</strong></span> <span class='ocrx_word' id='word_1_722' title='bbox 1240 4766 1316 4807; x_wconf 76' lang='lat' dir='ltr'><strong>amas</strong></span> <span class='ocrx_word' id='word_1_723' title='bbox 1339 4767 1367 4806; x_wconf 88' lang='lat' dir='ltr'><strong>es</strong></span> <span class='ocrx_word' id='word_1_724' title='bbox 1388 4762 1428 4820; x_wconf 87' lang='lat' dir='ltr'><strong>ta,</strong></span> <span class='ocrx_word' id='word_1_725' title='bbox 1443 4756 1575 4824; x_wconf 83' lang='lat' dir='ltr'><strong>quoniam</strong></span> <span class='ocrx_word' id='word_1_726' title='bbox 1594 4757 1727 4815; x_wconf 83' lang='lat' dir='ltr'><strong>bonoram</strong></span> <span class='ocrx_word' id='word_1_727' title='bbox 1745 4774 1867 4815; x_wconf 76' lang='lat' dir='ltr'><strong>arearum</strong></span> 
     </span>
     <span class='ocr_line' id='line_1_51' title="bbox 167 4840 1865 4913; baseline 0.005 -19"><span class='ocrx_word' id='word_1_728' title='bbox 167 4840 259 4899; x_wconf 90' lang='lat' dir='ltr'><strong>lorum</strong></span> <span class='ocrx_word' id='word_1_729' title='bbox 291 4858 426 4913; x_wconf 88' lang='lat' dir='ltr'><strong>suorum,</strong></span> <span class='ocrx_word' id='word_1_730' title='bbox 446 4840 523 4898; x_wconf 91' lang='lat' dir='ltr'><strong>sicut</strong></span> <span class='ocrx_word' id='word_1_731' title='bbox 541 4844 666 4898; x_wconf 87' lang='lat' dir='ltr'><strong>testatur</strong></span> <span class='ocrx_word' id='word_1_732' title='bbox 690 4840 833 4912; x_wconf 89' lang='lat' dir='ltr'><strong>Cleophas</strong></span> <span class='ocrx_word' id='word_1_733' title='bbox 858 4840 958 4899; x_wconf 89' lang='lat' dir='ltr'><strong>dicens</strong></span> <span class='ocrx_word' id='word_1_734' title='bbox 979 4858 986 4896; x_wconf 90' lang='lat'>:</span> <span class='ocrx_word' id='word_1_735' title='bbox 1041 4857 1098 4897; x_wconf 81' lang='lat' dir='ltr'><strong>aaa</strong></span> <span class='ocrx_word' id='word_1_736' title='bbox 1111 4856 1172 4913; x_wconf 79' lang='lat' dir='ltr'><strong>epea</strong></span> <span class='ocrx_word' id='word_1_737' title='bbox 1184 4840 1271 4912; x_wconf 83' lang='lat' dir='ltr'><strong>(Psoi.</strong></span> <span class='ocrx_word' id='word_1_738' title='bbox 1287 4857 1333 4907; x_wconf 88' lang='lat' dir='ltr'><strong>xv,</strong></span> <span class='ocrx_word' id='word_1_739' title='bbox 1348 4842 1387 4911; x_wconf 86' lang='lat'><strong>2).</strong></span> <span class='ocrx_word' id='word_1_740' title='bbox 1414 4842 1473 4897; x_wconf 92' lang='lat' dir='ltr'><strong>Hoc</strong></span> <span class='ocrx_word' id='word_1_741' title='bbox 1495 4843 1592 4900; x_wconf 92' lang='lat' dir='ltr'><strong>solum</strong></span> <span class='ocrx_word' id='word_1_742' title='bbox 1607 4847 1706 4903; x_wconf 88' lang='lat' dir='ltr'><strong>videre</strong></span> <span class='ocrx_word' id='word_1_743' title='bbox 1718 4846 1865 4903; x_wconf 87' lang='lat' dir='ltr'><strong>desidera-</strong></span> 
     </span>
     <span class='ocr_line' id='line_1_52' title="bbox 165 4918 1866 5004; baseline 0.003 -20"><span class='ocrx_word' id='word_1_744' title='bbox 165 4931 258 4988; x_wconf 74' lang='lat' dir='ltr'><strong>Noaae</strong></span> <span class='ocrx_word' id='word_1_745' title='bbox 272 4938 455 4988; x_wconf 84' lang='lat' dir='ltr'><strong>coraostram</strong></span> <span class='ocrx_word' id='word_1_746' title='bbox 469 4928 569 4987; x_wconf 75' lang='lat' dir='ltr'><strong>arderes</strong></span> <span class='ocrx_word' id='word_1_747' title='bbox 584 4936 643 4986; x_wconf 87' lang='lat' dir='ltr'><strong>erat</strong></span> <span class='ocrx_word' id='word_1_748' title='bbox 657 4918 776 4985; x_wconf 78' lang='lat' dir='ltr'><strong>iacebis</strong></span> <span class='ocrx_word' id='word_1_749' title='bbox 794 4945 856 4985; x_wconf 79' lang='lat' dir='ltr'><strong>crim</strong></span> <span class='ocrx_word' id='word_1_750' title='bbox 870 4932 990 5002; x_wconf 85' lang='lat' dir='ltr'><strong>aperiret</strong></span> <span class='ocrx_word' id='word_1_751' title='bbox 1042 4927 1094 4994; x_wconf 83' lang='lat' dir='ltr'><strong>rit,</strong></span> <span class='ocrx_word' id='word_1_752' title='bbox 1120 4927 1196 4984; x_wconf 91' lang='lat' dir='ltr'><strong>siout</strong></span> <span class='ocrx_word' id='word_1_753' title='bbox 1221 4926 1284 4999; x_wconf 92' lang='lat' dir='ltr'><strong>ipse</strong></span> <span class='ocrx_word' id='word_1_754' title='bbox 1314 4926 1383 4984; x_wconf 91' lang='lat' dir='ltr'><strong>alibi</strong></span> <span class='ocrx_word' id='word_1_755' title='bbox 1410 4929 1451 4993; x_wconf 83' lang='lat' dir='ltr'><strong>ait</strong></span> <span class='ocrx_word' id='word_1_756' title='bbox 1473 4946 1479 4985; x_wconf 94' lang='lat'><strong>:</strong></span> <span class='ocrx_word' id='word_1_757' title='bbox 1502 4933 1589 4989; x_wconf 82' lang='lat' dir='ltr'><strong>Unam</strong></span> <span class='ocrx_word' id='word_1_758' title='bbox 1614 4936 1688 5004; x_wconf 83' lang='lat' dir='ltr'><strong>petii</strong></span> <span class='ocrx_word' id='word_1_759' title='bbox 1705 4951 1722 4988; x_wconf 90' lang='lat' dir='ltr'><strong>a</strong></span> <span class='ocrx_word' id='word_1_760' title='bbox 1740 4934 1866 5002; x_wconf 82' lang='lat' dir='ltr'><strong>Domino,</strong></span> 
     </span>
     <span class='ocr_line' id='line_1_53' title="bbox 166 5016 1867 5093; baseline 0.002 -18"><span class='ocrx_word' id='word_1_761' title='bbox 166 5018 320 5092; x_wconf 75' lang='lat' dir='ltr'><strong>Scripturas</strong></span> <span class='ocrx_word' id='word_1_762' title='bbox 335 5019 499 5093; x_wconf 79' lang='lat' dir='ltr'><strong>(Lacxmv,</strong></span> <span class='ocrx_word' id='word_1_763' title='bbox 516 5016 584 5090; x_wconf 78' lang='lat'><strong>32)?</strong></span> <span class='ocrx_word' id='word_1_764' title='bbox 608 5017 666 5073; x_wconf 80' lang='lat' dir='ltr'><strong>Ale</strong></span> <span class='ocrx_word' id='word_1_765' title='bbox 691 5016 781 5091; x_wconf 90' lang='lat' dir='ltr'><strong>igitur</strong></span> <span class='ocrx_word' id='word_1_766' title='bbox 804 5017 881 5090; x_wconf 88' lang='lat' dir='ltr'><strong>ignis</strong></span> <span class='ocrx_word' id='word_1_767' title='bbox 905 5018 988 5075; x_wconf 86' lang='lat' dir='ltr'><strong>llam-</strong></span> <span class='ocrx_word' id='word_1_768' title='bbox 1043 5016 1113 5072; x_wconf 79' lang='lat' dir='ltr'><strong>banc</strong></span> <span class='ocrx_word' id='word_1_769' title='bbox 1127 5017 1278 5089; x_wconf 81' lang='lat' dir='ltr'><strong>requiram,</strong></span> <span class='ocrx_word' id='word_1_770' title='bbox 1303 5024 1334 5073; x_wconf 87' lang='lat' dir='ltr'><strong>at</strong></span> <span class='ocrx_word' id='word_1_771' title='bbox 1355 5017 1507 5075; x_wconf 75' lang='lat' dir='ltr'><strong>inhabitem</strong></span> <span class='ocrx_word' id='word_1_772' title='bbox 1532 5023 1562 5076; x_wconf 86' lang='lat' dir='ltr'><strong>ta</strong></span> <span class='ocrx_word' id='word_1_773' title='bbox 1580 5021 1657 5077; x_wconf 87' lang='lat' dir='ltr'><strong>domo</strong></span> <span class='ocrx_word' id='word_1_774' title='bbox 1675 5023 1785 5077; x_wconf 83' lang='lat' dir='ltr'><strong>Domini</strong></span> <span class='ocrx_word' id='word_1_775' title='bbox 1806 5037 1867 5079; x_wconf 89' lang='lat' dir='ltr'><strong>om-</strong></span> 
     </span>
     <span class='ocr_line' id='line_1_54' title="bbox 166 5104 1866 5181; baseline 0.004 -18"><span class='ocrx_word' id='word_1_776' title='bbox 166 5122 220 5163; x_wconf 83' lang='lat' dir='ltr'><strong>mae</strong></span> <span class='ocrx_word' id='word_1_777' title='bbox 249 5108 407 5181; x_wconf 78' lang='lat' dir='ltr'><strong>Scriptura</strong></span> <span class='ocrx_word' id='word_1_778' title='bbox 437 5111 507 5164; x_wconf 91' lang='lat' dir='ltr'><strong>sunt</strong></span> <span class='ocrx_word' id='word_1_779' title='bbox 535 5106 649 5161; x_wconf 75' lang='lat' dir='ltr'><strong>diviua.</strong></span> <span class='ocrx_word' id='word_1_780' title='bbox 686 5104 814 5178; x_wconf 87' lang='lat' dir='ltr'><strong>Denique</strong></span> <span class='ocrx_word' id='word_1_781' title='bbox 841 5106 991 5178; x_wconf 89' lang='lat' dir='ltr'><strong>aperiebat</strong></span> <span class='ocrx_word' id='word_1_782' title='bbox 1043 5122 1092 5162; x_wconf 80' lang='lat' dir='ltr'><strong>aas</strong></span> <span class='ocrx_word' id='word_1_783' title='bbox 1106 5105 1162 5161; x_wconf 87' lang='lat' dir='ltr'><strong>dies</strong></span> <span class='ocrx_word' id='word_1_784' title='bbox 1175 5106 1241 5165; x_wconf 73' lang='lat' dir='ltr'><strong>vitae</strong></span> <span class='ocrx_word' id='word_1_785' title='bbox 1260 5122 1336 5175; x_wconf 74' lang='lat' dir='ltr'><strong>aree,</strong></span> <span class='ocrx_word' id='word_1_786' title='bbox 1351 5116 1376 5164; x_wconf 85' lang='lat' dir='ltr'><strong>et</strong></span> <span class='ocrx_word' id='word_1_787' title='bbox 1389 5107 1496 5163; x_wconf 87' lang='lat' dir='ltr'><strong>videam</strong></span> <span class='ocrx_word' id='word_1_788' title='bbox 1518 5108 1722 5166; x_wconf 68' lang='lat' dir='ltr'><strong>detractionem</strong></span> <span class='ocrx_word' id='word_1_789' title='bbox 1744 5112 1866 5181; x_wconf 85' lang='lat' dir='ltr'><strong>llomiai,</strong></span> 
     </span>
     <span class='ocr_line' id='line_1_55' title="bbox 166 5193 1867 5274; baseline 0.006 -25"><span class='ocrx_word' id='word_1_790' title='bbox 166 5194 344 5271; x_wconf 84' lang='lat' dir='ltr'><strong>Scripturas,</strong></span> <span class='ocrx_word' id='word_1_791' title='bbox 360 5200 388 5253; x_wconf 89' lang='lat' dir='ltr'><strong>ot</strong></span> <span class='ocrx_word' id='word_1_792' title='bbox 402 5194 480 5269; x_wconf 89' lang='lat' dir='ltr'><strong>ignis</strong></span> <span class='ocrx_word' id='word_1_793' title='bbox 494 5194 690 5266; x_wconf 79' lang='lat' dir='ltr'><strong>exibat,atque</strong></span> <span class='ocrx_word' id='word_1_794' title='bbox 705 5193 889 5251; x_wconf 87' lang='lat' dir='ltr'><strong>audientium</strong></span> <span class='ocrx_word' id='word_1_795' title='bbox 905 5194 992 5252; x_wconf 92' lang='lat' dir='ltr'><strong>corda</strong></span> <span class='ocrx_word' id='word_1_796' title='bbox 1044 5198 1071 5252; x_wconf 82' lang='lat' dir='ltr'><strong>et</strong></span> <span class='ocrx_word' id='word_1_797' title='bbox 1089 5194 1255 5253; x_wconf 84' lang='lat' dir='ltr'><strong>considerem</strong></span> <span class='ocrx_word' id='word_1_798' title='bbox 1276 5194 1407 5268; x_wconf 85' lang='lat' dir='ltr'><strong>temptam</strong></span> <span class='ocrx_word' id='word_1_799' title='bbox 1426 5196 1484 5267; x_wconf 86' lang='lat' dir='ltr'><strong>ejas</strong></span> <span class='ocrx_word' id='word_1_800' title='bbox 1507 5197 1592 5268; x_wconf 85' lang='lat' dir='ltr'><strong>(Psat.</strong></span> <span class='ocrx_word' id='word_1_801' title='bbox 1608 5214 1685 5267; x_wconf 81' lang='lat' dir='ltr'><strong>xxvi,</strong></span> <span class='ocrx_word' id='word_1_802' title='bbox 1702 5200 1739 5272; x_wconf 81' lang='lat' dir='ltr'><strong>t).</strong></span> <span class='ocrx_word' id='word_1_803' title='bbox 1755 5200 1867 5274; x_wconf 86' lang='lat' dir='ltr'><strong>siquis</strong></span> 
     </span>
    </p>
   </div>
   <div class='ocr_carea' id='block_1_5' title="bbox 164 5389 1870 5755">
    <p class='ocr_par' dir='ltr' id='par_1_5' title="bbox 164 5389 1870 5755">
     <span class='ocr_line' id='line_1_56' title="bbox 173 5389 1867 5493; baseline 0.006 -44"><span class='ocrx_word' id='word_1_804' title='bbox 173 5464 178 5475; x_wconf 31' lang='grc' dir='ltr'>Ι</span> <span class='ocrx_word' id='word_1_805' title='bbox 203 5392 384 5479; x_wconf 52' lang='lat' dir='ltr'><strong>(bypmues</strong></span> <span class='ocrx_word' id='word_1_806' title='bbox 398 5392 481 5469; x_wconf 78' lang='lat' dir='ltr'><strong>edit,</strong></span> <span class='ocrx_word' id='word_1_807' title='bbox 494 5393 594 5450; x_wconf 83' lang='lat' dir='ltr'><strong>taceat</strong></span> <span class='ocrx_word' id='word_1_808' title='bbox 607 5394 638 5449; x_wconf 89' lang='lat' dir='ltr'><strong>ia</strong></span> <span class='ocrx_word' id='word_1_809' title='bbox 651 5393 775 5461; x_wconf 85' lang='lat' dir='ltr'><strong>lecticae,</strong></span> <span class='ocrx_word' id='word_1_810' title='bbox 789 5408 891 5451; x_wconf 88' lang='lat' dir='ltr'><strong>omnes</strong></span> <span class='ocrx_word' id='word_1_811' title='bbox 906 5408 990 5465; x_wconf 79' lang='lat' dir='ltr'><strong>maa,</strong></span> <span class='ocrx_word' id='word_1_812' title='bbox 1082 5391 1139 5465; x_wconf 80' lang='grc'>(56)</span> <span class='ocrx_word' id='word_1_813' title='bbox 1154 5392 1227 5448; x_wconf 70' lang='lat' dir='ltr'><strong>Mss-</strong></span> <span class='ocrx_word' id='word_1_814' title='bbox 1247 5390 1313 5457; x_wconf 76' lang='lat' dir='ltr'><strong>rh..</strong></span> <span class='ocrx_word' id='word_1_815' title='bbox 1329 5389 1405 5462; x_wconf 77' lang='lat' dir='ltr'><strong>sig,</strong></span> <span class='ocrx_word' id='word_1_816' title='bbox 1421 5389 1520 5493; x_wconf 59' lang='lat' dir='ltr'><strong>&#39;l&#39;0fssw</strong></span> <span class='ocrx_word' id='word_1_817' title='bbox 1536 5391 1616 5449; x_wconf 78' lang='lat' dir='ltr'><strong>Colb·</strong></span> <span class='ocrx_word' id='word_1_818' title='bbox 1633 5398 1661 5451; x_wconf 72' lang='lat' dir='ltr'><strong>et</strong></span> <span class='ocrx_word' id='word_1_819' title='bbox 1674 5395 1785 5455; x_wconf 77' lang='lat' dir='ltr'><strong>Theod·</strong></span> <span class='ocrx_word' id='word_1_820' title='bbox 1805 5397 1867 5472; x_wconf 83' lang='lat' dir='ltr'><strong>pri·</strong></span> 
     </span>
     <span class='ocr_line' id='line_1_57' title="bbox 166 5460 1868 5617; baseline 0.004 -24"><span class='ocrx_word' id='word_1_821' title='bbox 166 5464 409 5609; x_wconf 55' lang='lat' dir='ltr'><strong>mtdbilioetiigng&#39;dit.</strong></span> <span class='ocrx_word' id='word_1_822' title='bbox 424 5537 488 5592; x_wconf 81' lang='lat' dir='ltr'><strong>Am.</strong></span> <span class='ocrx_word' id='word_1_823' title='bbox 514 5539 543 5592; x_wconf 91' lang='lat' dir='ltr'><strong>et</strong></span> <span class='ocrx_word' id='word_1_824' title='bbox 564 5550 636 5593; x_wconf 87' lang='lat' dir='ltr'><strong>mss.</strong></span> <span class='ocrx_word' id='word_1_825' title='bbox 662 5534 719 5592; x_wconf 87' lang='lat' dir='ltr'><strong>lere</strong></span> <span class='ocrx_word' id='word_1_826' title='bbox 744 5534 780 5591; x_wconf 90' lang='lat' dir='ltr'><strong>ad</strong></span> <span class='ocrx_word' id='word_1_827' title='bbox 792 5524 906 5591; x_wconf 83' lang='lat' dir='ltr'><strong>onum.</strong></span> <span class='ocrx_word' id='word_1_828' title='bbox 922 5534 992 5593; x_wconf 79' lang='lat' dir='ltr'><strong>Alia</strong></span> <span class='ocrx_word' id='word_1_829' title='bbox 1047 5460 1715 5617; x_wconf 38' lang='grc' dir='ltr'><strong>ωῗδῗᾶἕὲἷιρῗωοιζὲεᾞωέιᾬ.,μοιιιιιιΙΙίι</strong></span> <span class='ocrx_word' id='word_1_830' title='bbox 1729 5543 1868 5599; x_wconf 88' lang='lat' dir='ltr'><strong>sabmiai·</strong></span> 
     </span>
     <span class='ocr_line' id='line_1_58' title="bbox 165 5602 1870 5689; baseline 0.006 -25"><span class='ocrx_word' id='word_1_831' title='bbox 165 5610 268 5667; x_wconf 85' lang='lat' dir='ltr'><strong>autem</strong></span> <span class='ocrx_word' id='word_1_832' title='bbox 292 5606 363 5667; x_wconf 90' lang='lat' dir='ltr'><strong>edit.</strong></span> <span class='ocrx_word' id='word_1_833' title='bbox 382 5611 595 5667; x_wconf 69' lang='lat' dir='ltr'><strong>simmacus</strong></span> <span class='ocrx_word' id='word_1_834' title='bbox 618 5610 717 5667; x_wconf 86' lang='lat' dir='ltr'><strong>autem</strong></span> <span class='ocrx_word' id='word_1_835' title='bbox 743 5605 827 5677; x_wconf 85' lang='lat' dir='ltr'><strong>aller,</strong></span> <span class='ocrx_word' id='word_1_836' title='bbox 852 5622 901 5683; x_wconf 77' lang='lat' dir='ltr'><strong>pro</strong></span> <span class='ocrx_word' id='word_1_837' title='bbox 923 5605 993 5669; x_wconf 84' lang='lat' dir='ltr'><strong>dite·</strong></span> <span class='ocrx_word' id='word_1_838' title='bbox 1046 5616 1115 5667; x_wconf 88' lang='lat' dir='ltr'><strong>strat</strong></span> <span class='ocrx_word' id='word_1_839' title='bbox 1128 5619 1286 5663; x_wconf 74' lang='lat' dir='ltr'><strong>universam</strong></span> <span class='ocrx_word' id='word_1_840' title='bbox 1298 5602 1491 5686; x_wconf 75' lang='lat' dir='ltr'><strong>substantiam.</strong></span> <span class='ocrx_word' id='word_1_841' title='bbox 1505 5605 1560 5663; x_wconf 83' lang='lat' dir='ltr'><strong>Ala</strong></span> <span class='ocrx_word' id='word_1_842' title='bbox 1577 5613 1756 5689; x_wconf 82' lang='lat' dir='ltr'><strong>mssmajmi</strong></span> <span class='ocrx_word' id='word_1_843' title='bbox 1770 5630 1870 5684; x_wconf 79' lang='lat' dir='ltr'><strong>nome·</strong></span> 
     </span>
     <span class='ocr_line' id='line_1_59' title="bbox 164 5672 1585 5755; baseline 0.001 -15"><span class='ocrx_word' id='word_1_844' title='bbox 164 5681 231 5741; x_wconf 75' lang='lat' dir='ltr'><strong>aas.</strong></span> <span class='ocrx_word' id='word_1_845' title='bbox 869 5710 872 5716; x_wconf 74' lang='lat'><strong>,</strong></span> <span class='ocrx_word' id='word_1_846' title='bbox 1048 5672 1585 5755; x_wconf 79' lang='lat' dir='ltr'><strong>ro,atqoeauctcritcte,ot1atcato.</strong></span> 
     </span>
    </p>
   </div>
   <div class='ocr_carea' id='block_1_6' title="bbox 0 0 2084 6180">
    <p class='ocr_par' dir='ltr' id='par_1_6' title="bbox 0 0 2084 6180">
     <span class='ocr_line' id='line_1_60' title="bbox 0 0 2084 6180; baseline 0 0"><span class='ocrx_word' id='word_1_847' title='bbox 0 0 2084 6180; x_wconf 95' lang='lat' dir='ltr'><strong> </strong></span> 
     </span>
    </p>
   </div>
  </div>
 </body>
</html>
