4159 6184
270 331 350 406 eu·
668 367 673 379 ι
1002 333 1250 406 seuerum
1882 325 1926 414 tit

272 475 423 543 iaciamus,
439 483 529 548 opere
543 469 677 531 necanda
691 473 745 531 eet.
761 467 881 531 liullum
905 471 1211 547 porrcvelidiusesse
1226 468 1417 550 putamusne
1432 467 1587 530 honorem
1610 476 1805 548 argumentum
1822 467 1893 551 qnam
1904 498 1928 540 a

268 563 435 635 verbaque
451 562 603 620 occasione
617 562 707 620 unies
722 580 739 620 e
754 561 870 620 duobus
885 561 1045 620 Pharaonis
1060 561 1205 619 eunuchis
1218 559 1266 618 cui
1281 563 1311 618 in
1325 568 1442 619 carcere
1454 553 1564 636 ioseph
1579 547 1737 620 adamum
1751 561 1834 623 crucis
1845 564 1929 643 suppli·

269 652 349 710 cium
364 652 540 709 vaticinatus
564 657 618 724 est,
634 653 771 708 dicautur
786 669 802 708 a
819 653 847 710 S.
866 652 1006 709 antistite.
1023 653 1138 709 Etenim
1163 651 1240 708 alius
1264 651 1418 708 cunuchus
1432 651 1474 708 ibi
1498 649 1675 708 describitur
1688 652 1758 726 (cap.
1771 648 1796 725 d,
1810 660 1877 712 dum.
1889 653 1930 727 tt),

270 740 321 814 qui
337 745 405 798 ante
419 741 570 797 biennium
587 739 625 796 im
631 739 772 812 paraturis
792 740 888 796 lavere
903 739 1046 811 tumidus,
1062 739 1196 797 Ecclesia
1212 744 1324 797 tentum
1347 740 1526 813 irrogaverat
1547 736 1761 809 contemeliam,
1774 744 1805 798 et
1815 756 1868 799 eam
1879 745 1933 801 Sen-

270 835 336 886 atus
352 834 453 886 noster
467 829 552 886 dictis
567 846 693 901 quorum
716 829 886 886 meminisse
906 829 969 900 jem
994 846 1052 885 non
1077 827 1197 898 libebat,
1211 829 1369 886 retundere
1392 833 1471 886 essct
1493 831 1622 886 euectus.
1638 827 1690 884 ilic
1718 829 1790 886 idem
1814 832 1933 890 eunuchus

269 923 410 992 tanquam
427 918 500 975 alter
513 917 609 975 Doech
634 918 734 990 freuile
755 935 846 990 reqem
872 919 1015 974 eommomt
1029 918 1059 973 in
1074 917 1234 984 sucmdutis,
1248 917 1277 972 id
1305 921 1351 973 est
1378 917 1535 990 ipsiusmet
1555 915 1711 986 Ambrosii,
1724 919 1861 992 penuriam
1873 921 1933 990 (itit.

268 1024 351 1065 num.
368 1007 426 1078 35),
442 1011 471 1063 et
484 1011 625 1079 tauquam
642 1007 716 1063 alter
740 1009 835 1063 Amen
860 1005 1018 1062 crudeliter
1034 1005 1233 1062 orthodoxum
1248 1003 1390 1078 populum
1414 1005 1565 1078 aegitane
1589 1010 1677 1078 atque
1699 1002 1834 1073 direxere,
1846 1008 1934 1065 nullan

267 1095 396 1167 lapidem
413 1112 470 1151 non
487 1095 633 1161 movebat,
649 1101 682 1152 ut
695 1095 738 1151 iili
754 1113 824 1152 suas
839 1094 983 1152 Ecclesiae
1007 1095 1143 1166 eriperet,
1159 1106 1267 1167 easque
1289 1091 1415 1164 Arianis,
1431 1104 1557 1167 quorum
1582 1093 1759 1167 impietatem
1780 1097 1935 1181 sequebatur,

270 1188 423 1241 assereret.
438 1185 480 1240 Ad
496 1191 658 1250 extremum
674 1201 707 1240 ee
722 1185 812 1240 crevit
837 1185 902 1255 ejus
926 1185 1055 1240 amentia
1069 1187 1103 1240 ut
1115 1182 1190 1251 aliie,
1206 1199 1313 1256 nempe
1331 1188 1434 1242 aneu
1446 1183 1585 1257 episcope
1597 1183 1752 1242 intentaret
1770 1186 1862 1243 mertis
1878 1187 1936 1258 peri

270 1271 370 1328 culum
388 1288 395 1328 :
411 1273 462 1328 sed
479 1289 536 1328 non
553 1272 783 1345 advertensque
807 1273 863 1345 ipsi
877 1273 921 1328 vir
935 1277 1055 1330 sanctus
1081 1272 1259 1346 prediceret,
1275 1272 1437 1328 minabatur
1447 1273 1514 1329 otiis
1533 1275 1593 1346 ipae
1613 1288 1680 1330 mox
1692 1275 1818 1346 supplicio
1830 1273 1937 1331 deimdu

271 1371 394 1418 asumma
409 1361 488 1434 (ibid.
506 1378 588 1416 num.
604 1361 660 1433 34).
677 1361 712 1417 Et
725 1377 754 1418 re
769 1377 834 1417 vera
849 1360 927 1417 haud
943 1361 982 1418 ita
997 1361 1091 1418 mutto
1106 1365 1173 1434 pest
1186 1361 1282 1419 lavore
1303 1360 1492 1434 imperatorie
1500 1360 1616 1430 incidit,
1632 1365 1662 1418 et
1675 1361 1937 1436 inanimantium

269 1449 375 1507 Christi
391 1449 477 1521 cujus
493 1449 676 1505 divinitatem
701 1447 894 1517 inficiabatur,
912 1466 1038 1518 servum,
1055 1450 1110 1506 hoc
1133 1452 1178 1506 est
1201 1449 1403 1521 Ambrosium,
1418 1466 1507 1523 quem
1523 1455 1584 1507 tem
1599 1449 1756 1508 insolenter
1777 1453 1862 1508 iuerat
1880 1450 1938 1508 inse·

268 1541 376 1607 cintus,
392 1537 582 1610 confugisset,
600 1541 780 1592 mortemer
796 1537 942 1594 carnificis
957 1536 1054 1609 giudic
1070 1540 1223 1594 truncatus
1237 1540 1292 1593 eet.

302 1627 344 1682 lla
358 1626 414 1682 huc
431 1629 492 1682 tete
506 1624 647 1682 erationis
674 1624 749 1681 serie
777 1641 951 1698 cognoscere
965 1629 1011 1681 ost
1024 1630 1086 1681 tam
1104 1625 1209 1681 sedulo
1222 1625 1375 1682 historiam
1404 1625 1481 1682 baec
1508 1626 1571 1683 aeis
1599 1626 1738 1686 ombus
1761 1625 1892 1698 atheum
1912 1626 1939 1682 ab

266 1713 584 1770 Ambrusic'encultam
599 1717 628 1769 et
643 1712 727 1786 quasi
742 1713 878 1769 vestitam
894 1713 995 1784 luisse,
1011 1718 1045 1770 ut
1060 1713 1101 1770 nil
1120 1713 1178 1770 nisi
1202 1712 1386 1786 illiusquam
1409 1714 1565 1787 spectabat
1572 1730 1608 1772 ea
1621 1714 1760 1784 nammis,
1773 1727 1868 1772 nomn
1879 1713 1940 1770 desi·

266 1801 363 1860 denari
383 1801 539 1858 videretur.
555 1802 586 1859 ld
613 1807 688 1858 certe
713 1819 772 1858 eon
797 1807 912 1874 peterat
934 1801 1118 1860 auditoribus
1132 1802 1407 1876 esseiineogeitem,
1422 1802 1621 1876 sequentiam
1633 1801 1753 1860 difficile
1777 1800 1854 1858 nobis
1874 1801 1941 1859 insit

265 1887 365 1964 ipsum
382 1891 610 1964 deprehendere,
627 1890 652 1947 si
668 1891 755 1948 modo
771 1891 851 1948 hune
876 1891 974 1948 lecum
990 1907 1160 1964 campmare
1175 1889 1318 1964 placuerit
1331 1904 1399 1948 curn
1413 1890 1451 1948 iis
1465 1904 1532 1964 quaa
1545 1889 1627 1950 idem
1639 1893 1741 1947 meter
1752 1889 1905 1946 ambrosius
1915 1889 1943 1944 de

173 1999 176 2006 ·
266 1981 469 2053 persecutione
491 1996 580 2053 quam
605 1997 622 2036 a
645 1981 762 2036 lustina
778 1980 961 2055 imperatrice
976 1980 1278 2054 eaeterisquedrianie
1304 1993 1411 2052 passus
1438 1979 1546 2049 heret
1561 1980 1604 2036 ad·
1625 1978 1818 2036 Mareellinam
1839 1989 1942 2034 aerumna

266 2070 393 2142 scripsit.
411 2069 462 2126 lile
476 2069 624 2142 siquidem
639 2069 669 2126 in
685 2069 763 2126 calce
778 2069 908 2142 epistola
929 2071 970 2126 ite
993 2068 1147 2141 loquitur:
1163 2069 1286 2141 lienique
1298 2070 1384 2124 etiae
1404 2069 1528 2141 maur:
1538 2069 1713 2140 manicae
1727 2067 1873 2136 Gatiiqeaet
1882 2077 1942 2138 pra·

263 2160 370 2230 positus
384 2160 506 2216 minuti
518 2158 650 2216 mundare
665 2160 737 2214 miii
757 2175 841 2215 cums
864 2167 904 2215 est
916 2178 926 2215 .·
940 2158 980 2215 iia
1002 2161 1073 2224 uiuo,
1089 2162 1121 2214 tu
1142 2159 1294 2214 emmanu
1319 2155 1649 2230 tetmarimmiepiete
1670 2157 1715 2223 lla
1727 2154 1873 2213 serame
1884 2152 1943 2209 eber
2012 2136 2013 2191 i

267 2247 352 2316 enti
366 2247 507 2304 Videlicet
522 2247 600 2320 quod
615 2246 715 2320 impiis
730 2246 809 2303 illius
825 2246 983 2312 mandatis,
1000 2250 1029 2302 et
1044 2245 1081 2302 iis
1096 2245 1224 2302 maxime
1237 2244 1348 2318 quibua
1367 2257 1457 2304 unam
1472 2261 1509 2303 eu
1519 2245 1651 2304 merab
1666 2243 1872 2303 (tetheliecrum
1880 2239 1944 2298 iria·

268 2335 315 2391 nis
331 2339 365 2390 ut
379 2351 449 2392 euos
464 2334 504 2392 ibi
520 2339 679 2392 cenventus
693 2339 821 2408 agerent,
838 2335 952 2392 tradere
961 2335 1133 2405 jubebatur,
1149 2347 1261 2391 meram
1284 2333 1696 2408 paracoemumenum
1716 2334 1767 2392 titi
1787 2333 1856 2401 tatu,
1868 2329 1944 2401 inquit

268 2438 410 2496 arrogans
425 2422 480 2481 iste
494 2423 657 2492 cunuchus,
675 2423 721 2480 eui
737 2423 911 2481 Ambrosius
932 2421 1141 2480 mummola
1159 2421 1259 2480 retulit
1284 2438 1381 2495 panea
1403 2420 1454 2480 iila
1469 2439 1477 2479 ε
1492 2423 1566 2480 nem
1582 2423 1801 2497 peniteat-titi,
1813 2419 1944 2491 aiimptau
2012 2468 2013 2477 ,

269 2511 340 2581 quod
353 2512 481 2567 minoris.
498 2513 552 2582 Epo
567 2513 642 2567 enim
662 2513 756 2584 patior
770 2511 841 2584 quod
854 2513 996 2584 episcopi:
1012 2519 1043 2567 tu
1069 2511 1156 2586 sumar
1183 2511 1257 2586 qued
1281 2511 1491 2584 aeramnae
1508 2511 1578 2569 llere
1599 2521 1671 2570 use
1693 2505 1947 2583 semiquinaria

268 2603 388 2657 sanctus
399 2601 462 2672 jam
478 2599 650 2657 memoriam
673 2599 789 2656 abolere
804 2617 836 2656 se
850 2600 923 2658 veile
938 2600 1096 2673 signifieat,
1111 2600 1263 2673 probabile
1277 2605 1331 2658 aet.
1347 2599 1376 2656 Si
1390 2599 1555 2658 unientem
1574 2611 1753 2674 ingemuere
1764 2598 1861 2655 visum
1874 2592 1944 2650 luit
2012 2608 2013 2671 i

267 2703 327 2760 qua
342 2689 453 2747 ratione
467 2689 546 2746 idern
561 2689 717 2747 eunuchus
732 2688 910 2762 supplicium
935 2689 1013 2762 qnod
1029 2693 1132 2746 sancto
1146 2689 1284 2762 episcope
1301 2689 1505 2760 minitabatur,
1520 2689 1587 2764 ipae
1607 2687 1839 2762 „mentitae
1853 2687 1945 2756 magur
2012 2716 2013 2771 q

264 2778 347 2834 tinus
361 2777 491 2836 declarat
507 2777 568 2836 illis
581 2779 678 2834 verbis
695 2795 703 2836 ι
720 2778 904 2848 Gallicorum,
919 2778 1025 2851 inquit,
1045 2779 1362 2852 tamosissimam
1376 2777 1533 2836 maius
1545 2778 1642 2850 olatio
1653 2771 1945 2847 summaeripae
2012 2780 2013 2801 ¹

264 2870 333 2933 tum,
349 2868 500 2922 meretricie
517 2868 688 2939 conternans
700 2867 854 2922 cervulum
868 2865 931 2938 (lib.
947 2883 987 2938 vr,
1003 2866 1095 2923 Ceutr.
1111 2868 1217 2935 taliam
1232 2868 1327 2938 icisse
1343 2879 1409 2941 cap.
1425 2868 1481 2937 aaa
2012 2920 2013 2941 ,

301 2954 338 3012 Ut
350 2953 441 3026 igitur
456 2971 515 3026 quo
533 2959 664 3026 tempere
679 2954 727 3011 hic
741 2954 816 3010 liber
844 2953 972 3032 scriptus
999 2955 1097 3023 luerit,
1112 2955 1390 3030 lusitaniamque
1412 2956 1480 3032 jaer
1499 2955 1584 3014 aliud
1601 2959 1707 3026 restat,
1721 2954 1780 3012 nisi
1804 2956 1840 3010 u't
1858 2961 1947 3008 rernm
2012 3004 2013 3007 ,

266 3057 324 3114 que
339 3039 414 3098 banc
429 3042 464 3097 ad
480 3041 683 3099 Mareellinam
699 3042 852 3116 epistelam
869 3042 1043 3100 Ambrosius
1067 3043 1159 3112 misit,
1174 3043 1390 3118 dispiciamust
1404 3044 1558 3105 ermines
1571 3049 1680 3104 misna
1698 3051 1769 3100 eum
1789 3045 1948 3113 nequamus
2012 3042 2013 3049 ’

271 3134 381 3186 temere
394 3129 540 3186 iacturum
558 3130 608 3202 qui
623 3130 733 3188 eisdem
746 3131 851 3192 litteris
866 3147 978 3191 annum
992 3133 1047 3210 385
1060 3132 1262 3206 assignaverit,
1278 3144 1342 3205 quo
1357 3132 1473 3192 esiliam
1492 3133 1582 3191 iestis?
1597 3133 1792 3206 paschalibus
1801 3130 1832 3186 ia
1842 3122 1949 3185 eami-
2012 3126 2013 3135 ’

267 3234 317 3279 ecs
333 3217 431 3291 prima
445 3218 569 3276 lustina
583 3217 693 3288 exarsit
706 3220 880 3293 persecutio,
896 3237 960 3292 quae
975 3219 1110 3293 sequenti
1124 3221 1214 3278 etiam
1229 3221 1441 3280 serotinam
1462 3221 1560 3280 seems
1578 3222 1692 3280 &bns
1709 3217 1862 3278 merrrdeit.
1875 3216 1952 3285 aeque

265 3307 338 3364 adeo
352 3307 510 3366 dicendum
525 3312 570 3364 est
587 3324 735 3366 sermones
750 3308 838 3366 hosce
860 3308 891 3364 in
914 3308 1023 3382 loseph
1038 3309 1237 3382 patriarcham
1249 3327 1328 3368 aare
1339 3311 1531 3368 &thabitam
1547 3310 1652 3380 inim,
1667 3315 1735 3369 cum
1759 3309 1878 3384 ipsemet
1896 3305 1950 3358 An·

266 3395 363 3452 brosio
379 3397 485 3452 reduce
500 3412 533 3454 en
548 3395 692 3469 legatione
713 3398 748 3454 ed
773 3398 933 3454 Maximum
949 3403 1119 3472 tyranrmm,
1134 3397 1219 3458 ltalia
1241 3408 1338 3472 usqne
1356 3401 1394 3458 ad
1417 3406 1557 3458 manaem
1576 3401 1821 3475 angustumque
1833 3393 1905 3450 illam
1916 3390 1951 3445 in·

265 3483 433 3542 ussitidem
448 3488 592 3559 tyrannus
606 3491 708 3559 pecata
724 3486 788 3544 fuit.
804 3487 887 3544 Certe
909 3487 1028 3559 quidem
1056 3491 1086 3542 et
1108 3486 1274 3560 superiores
1286 3486 1358 3545 iibri
1369 3487 1433 3561 (libe
1447 3489 1681 3546 Deimiat'drn
1699 3489 1762 3560 naqa
1777 3487 1893 3551 iseum·
1905 3477 1951 3558 Ἢ),
2012 3542 2013 3547 ,

264 3577 294 3630 et
309 3573 389 3644 alibi,
405 3577 434 3630 et
447 3573 495 3629 hic
511 3575 547 3631 de
562 3590 620 3647 que
649 3574 812 3648 loquimur,
826 3575 899 3634 satie
921 3581 1020 3649 aperte
1034 3575 1168 3634 indicant
1192 3577 1312 3634 beatum
1326 3578 1475 3635 dutum
1503 3582 1558 3652 per
1580 3582 1704 3652 impiae
1730 3572 1857 3649 maten
1880 3565 1953 3623 itti·

265 3659 369 3716 iecisse
385 3677 392 3714 ε
410 3661 480 3734 quin
503 3662 600 3718 ctiam
631 3662 703 3720 locis
730 3663 881 3720 nonnullis
896 3662 958 3738 (lib.
975 3665 1014 3720 na
1028 3665 1096 3720 ione
1110 3673 1191 3722 murt.
1207 3681 1271 3738 cap.
1289 3667 1333 3733 12,
1351 3682 1434 3724 num.
1448 3666 1494 3735 53,
1510 3670 1539 3723 et
1559 3665 1643 3740 alibi)
1658 3655 1956 3722 inanimatorum

264 3747 293 3804 id
309 3749 449 3819 temporis
464 3764 565 3806 eorum
590 3751 641 3822 qni
666 3767 701 3806 ex
725 3751 828 3808 heresi
854 3750 1075 3824 resipiscebant,
1091 3752 1490 3828 aemuioueloeepleaaeen.
1506 3753 1588 3820 Oudd
1608 3758 1679 3828 pet
1702 3752 1835 3810 mum
1851 3743 1952 3804 hiult-

266 3852 371 3894 nerum
387 3837 620 3909 persecutionem
637 3839 672 3896 de
687 3855 748 3912 que
759 3843 842 3896 tanta
856 3856 922 3896 cum
941 3839 1027 3898 laude
1040 3857 1096 3898 nec
1109 3840 1179 3898 sine
1188 3840 1331 3900 miracula
1344 3840 1545 3915 triumphavit
1551 3840 1740 3909 ambroniaci
1755 3827 1955 3908 taeterrimis

265 3939 390 3981 evenire.
868 3959 875 3968 ·
1488 3961 1493 3970 ·

301 4012 331 4070 Si
347 4016 449 4069 nostra
462 4013 522 4070 bec
537 4013 679 4087 temperis
695 4015 771 4072 ratio
788 4031 862 4071 vara
885 4016 934 4084 sit,
951 4016 1053 4089 procul
1067 4018 1320 4076 dubioailtrmare
1334 4018 1436 4077 licebit
1455 4015 1797 4078 meermannianam
1817 4011 1952 4070 antimi

264 4101 342 4158 siout
358 4105 387 4158 et
402 4102 477 4158 inter
493 4103 653 4177 neophytes
668 4119 743 4175 quoe
757 4103 806 4160 ille
821 4103 876 4160 hec
892 4121 970 4162 anuo
984 4105 1037 4162 337
1052 4106 1257 4178 baptizaverat,
1265 4108 1713 4185 amnemamnem
1724 4099 1953 4179 mpm'ffl·

265 4190 388 4247 atinum.
406 4189 493 4248 Porro
508 4207 577 4247 cum
592 4189 641 4248 hio
656 4191 770 4265 legetur
786 4192 894 4250 mirum
909 4193 940 4250 in
955 4195 1077 4250 modum
1092 4195 1233 4267 probasse
1247 4195 1425 4253 methodum
1440 4194 1527 4254 illelmi
1537 4211 1597 4269 qna
1609 4185 1954 4259 emamanuetenrfflii·

264 4276 331 4334 liter
346 4294 379 4334 no
395 4279 517 4352 mystice
531 4279 714 4353 scripturam
732 4279 899 4338 edisserens
913 4285 1004 4355 (dous.
1019 4283 1144 4356 August.
1160 4282 1212 4340 lib.
1228 4299 1266 4353 rr,
1282 4300 1346 4357 esp.
1362 4283 1603 4357 inambiguum
1613 4266 1953 4356 neaeraqwueeiditwi

265 4365 382 4437 spiritui
399 4367 449 4438 qui
464 4367 601 4436 viviticat,
618 4369 804 4442 precipiebat
818 4370 1042 4440 adherendum
1058 4375 1176 4428 nonaest
1196 4385 1251 4429 car
1264 4371 1421 4446 quisqam
1444 4372 1668 4447 anhigatrquin·
1678 4371 1710 4428 hi
1722 4363 1954 4432 martiii*

183 4499 185 4504 .
265 4453 398 4509 triorchis
411 4454 437 4509 ei
453 4455 639 4513 vehementer
652 4457 814 4528 arriserint,
831 4476 890 4532 pre
905 4460 1018 4518 ceteris
1031 4477 1098 4517 vero
1117 4460 1242 4520 librilte‘
1258 4462 1430 4519 luuram
1441 4463 1548 4535 sareu
1562 4461 1601 4517 int
1614 4460 1729 4534 qaihua
1747 4462 1815 4515 tam·
1830 4449 1957 4524 ΜΝ

265 4539 408 4613 mysticus
424 4543 651 4617 reconditusque
666 4563 773 4604 senens
787 4547 931 4605 evolvitur
946 4565 979 4606 ee
994 4549 1147 4606 enodatur.

300 4629 585 4689 Praetermittendum
601 4633 655 4690 hec
670 4633 733 4692 loeo
749 4653 806 4694 non
821 4641 962 4711 putamus
975 4638 1177 4706 Ambrosium,
1192 4641 1226 4696 nt
1239 4638 1365 4705 vidntur,
1382 4639 1478 4697 mmai
1493 4626 1952 4712 mquemmoeaigmnearetuu

263 4721 291 4786 6,
308 4734 391 4776 num.
408 4720 453 4790 30,
470 4723 500 4776 et
513 4737 577 4794 cap.
593 4725 622 4788 7,
638 4740 720 4780 num.
737 4726 783 4798 38)
798 4725 874 4784 hene
893 4726 988 4800 ipsam
1003 4725 1159 4784 historiam
1173 4728 1310 4799 ersejem
1325 4726 1418 4785 susm
1442 4727 1629 4800 euphemum,
1644 4715 1956 4806 resumentem?

264 4823 332 4864 eum
349 4807 434 4866 statis
450 4809 634 4882 temporibus
648 4827 683 4867 ex
698 4828 778 4870 more
794 4813 844 4870 illa
871 4833 942 4888 pers
955 4816 1101 4873 Genescos
1115 4815 1297 4874 recitaretur.
1313 4815 1416 4873 Prima
1431 4813 1497 4874 mm
1510 4814 1675 4888 inviniapir
1686 4806 1956 4887 contererim-

264 4896 348 4964 dere;
365 4899 548 4969 testaturque
564 4899 618 4954 hee
633 4900 663 4954 in
678 4903 924 4960 commentatione
939 4905 969 4960 S.
985 4903 1093 4977 presul
1109 4920 1174 4962 sess
1189 4920 1248 4976 quo
1262 4910 1394 4977 tempore
1407 4903 1474 4961 ilias
1487 4903 1601 4971 hebuit,
1617 4893 1957 4974 dunelmiensis

263 4984 365 5057 quisse.
383 4984 450 5041 Fuit
464 4984 519 5042 hoo
534 4987 659 5060 insignis
683 4989 832 5046 modestia
847 4997 934 5064 atque
956 4992 1120 5063 eharitatiei
1137 4992 1306 5066 quibusvis
1319 4990 1542 5066 metalepsim
1558 4990 1723 5050 biennium
1737 4972 1955 5055 taam-sirati&

264 5077 396 5140 eventus,
411 5089 498 5146 quem
516 5076 615 5148 populi
631 5077 676 5134 sui
690 5079 838 5136 mentibus
853 5081 1042 5154 profuturum
1058 5082 1138 5140 haud
1153 5081 1621 5158 ignorabat-msaiioraaniaeere
1631 5078 1798 5154 pefflsaufl
1810 5076 1863 5131 W
1872 5063 1955 5126 ΒΜ

265 5161 427 5218 moderatio
443 5180 500 5220 non
516 5164 614 5221 minue
629 5165 658 5221 in
674 5182 707 5224 ee
722 5166 823 5236 eluxit,
837 5169 915 5242 quod
931 5169 1170 5228 Valentinianum
1185 5170 1272 5243 enjus
1294 5169 1426 5229 ministri·
1445 5157 1955 5244 snb-impenterieaaatedtatsim

265 5249 403 5308 atrociter
418 5251 448 5308 in
463 5267 531 5310 eum
547 5254 717 5314 debacchati
731 5257 858 5327 luerent,
874 5263 992 5316 excuset
1003 5262 1083 5332 (capr
1097 5262 1127 5329 6,
1141 5276 1224 5320 num.
1238 5260 1296 5333 35).
