4159 6184
113 387 166 449 le

112 607 191 676 Unde
206 606 348 682 preclare
363 604 455 662 David
471 603 564 661 totius
583 605 723 680 temporis
744 606 809 678 ejus
832 606 948 664 veniam

112 697 166 756 sibi
183 715 200 754 a
215 696 341 754 Domino
353 692 517 768 postulavit
532 691 654 751 dicens:
672 718 686 746 a
697 694 842 752 Delictum
848 697 949 768 juven·

112 786 315 844 tutismerset
341 783 518 858 ignorantie
549 797 587 838 ne
616 784 797 852 memineris,
827 784 950 842 Domine

114 876 196 947 (Paul.
212 891 288 944 xxiv,
304 873 344 945 7),
360 895 375 924 u
392 872 463 946 quia
477 875 550 928 tunc
567 873 697 929 maxime
711 872 792 931 calor
819 873 949 946 corporis

115 964 212 1033 lervel,
228 966 256 1020 et
270 965 343 1019 estu
360 959 519 1036 sanguinis
534 961 709 1031 vaporantis
723 961 857 1036 ignescit.

145 1054 189 1108 22.
206 1052 261 1108 Sed
277 1049 389 1107 iterum
409 1049 511 1123 ipsum
526 1047 708 1106 audiamus:
727 1050 892 1120 «Mortalis,
902 1050 946 1108 iu-

114 1140 264 1215 quit‚[ilius
281 1138 529 1205 mulieris‚brevis
542 1137 611 1193 vitas
627 1139 949 1212 estetplenusiracuu·

114 1231 175 1297 die,
191 1230 240 1303 qui
256 1229 331 1285 sicut
347 1229 404 1285 llos
418 1227 530 1298 tloruit,
546 1230 576 1282 et
587 1226 833 1299 decidit‚discedit
847 1231 946 1286 autem

116 1324 148 1375 ut
163 1319 276 1384 umbra,
292 1319 390 1374 etuou
406 1315 530 1373 resistit.
547 1314 651 1374 Nonne
673 1321 702 1373 et
724 1316 761 1373 ab
790 1315 845 1373 hoo
871 1317 946 1373 ratio

116 1404 273 1480 queritur?
288 1406 322 1462 lit
334 1404 414 1461 bunc
430 1403 526 1464 fecisti
538 1404 649 1461 intrare
665 1405 696 1460 in
717 1405 864 1476 judicium
890 1404 947 1461 sub

522 382 575 445 DE
598 381 969 450 luassestca'slouu
992 389 1063 452 JOB
1086 390 1136 452 ΕΤ
1157 388 1282 450 bavis
1305 387 1380 450 ΗΒ.
1403 387 1428 449 l.

110 523 168 574 tam
184 518 290 575 crebra
307 514 646 590 naufragiaimprovidae
657 518 949 576 ascribunturaetati?
963 521 992 588 Α
1007 523 1130 594 cogitur.
1147 523 1171 576 Α
1187 520 1294 576 diebus
1309 523 1407 577 autern
1423 517 1548 575 loannis
1562 515 1699 590 baptistae
1719 531 1844 589 regnum
1955 526 1959 536 “

1783 379 1870 447 84ῑῖΧ

1007 609 1147 667 coelorum
1157 608 1286 682 cogitur,
1296 613 1325 664 et
1337 611 1476 682 cogentes
1487 605 1632 680 diripiunt
1641 602 1725 660 illud.
1736 605 1846 662 Assue-
1867 676 1870 682 Ι

1006 698 1057 758 bat
1071 714 1139 773 ergo
1153 697 1232 754 illud
1244 697 1402 772 Synagoga
1415 696 1446 752 in
1461 695 1576 769 paucis,
1588 693 1717 752 Dcclesia
1726 693 1805 768 cogit
1815 694 1846 751 in

1006 787 1150 844 millibus.
1167 785 1224 842 Vel
1240 786 1312 859 qaia
1323 802 1404 843 nunc
1419 784 1527 842 cmlum
1537 784 1618 842 assui
1629 781 1745 841 videtur
1754 783 1847 841 nebu·

1006 874 1044 934 lis
1055 881 1085 934 et
1095 873 1236 949 caligine,
1252 874 1466 947 nocturnisque
1479 873 1621 940 tenebris,
1636 877 1666 930 et
1675 889 1776 932 crocco
1786 872 1848 932 dici

1006 964 1156 1038 surgentis
1170 963 1281 1019 rubore
1293 963 1411 1021 diversa
1426 967 1456 1018 et
1480 960 1617 1020 discolori
1642 961 1739 1034 specie
1767 980 1846 1038 saepe

1005 1058 1188 1110 caumatum.
1205 1053 1289 1108 'lunc
1303 1059 1405 1110 autem
1429 1067 1488 1108 nox
1504 1067 1560 1108 non
1586 1050 1642 1107 erit
1663 1050 1794 1125 amplius
1818 1057 1848 1112 et

1005 1159 1065 1200 non
1080 1141 1267 1214 indigebunt
1277 1141 1342 1199 luce
1356 1142 1497 1206 lucerne,
1509 1145 1538 1196 et
1547 1140 1660 1197 lumina
1670 1139 1742 1198 solis
1756 1160 1763 1212 ;
1775 1143 1845 1216 quia

1005 1230 1151 1286 Dominus
1165 1228 1348 1286 illuminabit
1360 1245 1454 1302 super
1466 1245 1528 1297 eos,
1544 1229 1623 1286 sicut
1634 1227 1705 1285 dicit
1714 1229 1845 1291 loannes

1006 1317 1097 1391 (Aper.
1115 1335 1188 1386 xxu,
1203 1317 1242 1389 5).
1258 1318 1305 1375 Vel
1318 1320 1389 1393 quia
1401 1335 1408 1374 :
1421 1341 1436 1368 a
1448 1317 1542 1375 Veiis
1553 1317 1605 1391 qui
1615 1323 1773 1377 assumunt
1784 1338 1846 1381 cer·

1005 1406 1112 1462 vinalia
1125 1407 1162 1461 acl
1179 1409 1351 1465 evertendas
1362 1408 1482 1464 animas
1492 1405 1592 1480 populi
1605 1406 1843 1486 (Eaecb.xur,18).

116 1499 268 1568 conspectu
279 1499 344 1550 tuo.
355 1493 427 1560 Quis
438 1497 540 1549 autem
552 1494 683 1550 muudus
695 1499 763 1550 esta
775 1493 881 1550 sorde‘l
891 1493 948 1550 Sed
1044 1497 1089 1550 25.
1106 1493 1278 1567 Deploranti
1290 1498 1440 1570 propbeta
1450 1495 1602 1553 miseriam
1616 1501 1721 1555 nostre
1732 1499 1845 1575 fragili.

116 1601 209 1651 nemo,
225 1585 300 1642 m
315 1581 432 1639 etiarnsi
452 1580 543 1636 unius
556 1580 611 1636 diei
628 1581 668 1637 sit
689 1582 749 1637 vita
773 1583 837 1654 ejus
859 1597 949 1653 super
1008 1584 1090 1668 tatis,
1107 1600 1173 1655 que
1188 1584 1261 1639 etia
1276 1584 1331 1641 bac
1346 1587 1408 1642 vita
1424 1585 1627 1658 requiemnon
1654 1586 1786 1661 baberet,
1811 1598 1848 1662 ¹et

117 1679 219 1730 terram
235 1673 294 1745 (lob
309 1689 366 1736 xrv,
389 1670 485 1740 ¹·³)·‘’
497 1669 568 1724 Vere
579 1669 763 1727 miserabilis
774 1669 949 1738 conditioni
1009 1671 1148 1726 universa
1163 1671 1262 1727 subito
1277 1673 1399 1731 incursu
1416 1673 1522 1731 mortis
1538 1677 1694 1745 amitteret,
1717 1679 1844 1754 Spiritus

114 1763 220 1837 9⁰⁰⁰&ss
236 1761 282 1819 ⁵⁰5
298 1760 376 1833 (luod
391 1759 486 1814 Vitare
503 1773 560 1812 ¹¹0ss
576 1760 685 1829 POSSit·
713 1759 856 1815 rationem
873 1775 947 1832 prae·
1008 1765 1133 1816 sanctus
1150 1760 1259 1817 inludit
1273 1764 1376 1819 tandiu
1393 1781 1453 1819 non
1465 1769 1681 1824 resurrecturos
1696 1767 1843 1844 homines,

114 1855 191 1909 stare
210 1855 330 1924 cogatur
342 1865 348 1905 :
362 1846 512 1920 judicium
526 1848 682 1914 intrare,in
694 1853 886 1921 conspectum
897 1849 951 1904 Do·
1009 1848 1102 1906 donec
1118 1849 1291 1923 veniretqui
1307 1869 1365 1908 non
1381 1858 1517 1909 assueret
1543 1858 1642 1911 vetera
1669 1856 1765 1927 nobis,
1790 1876 1843 1917 nec

118 1940 191 1998 mini
206 1940 304 1997 subire
327 1934 541 2009 omnipotentis
556 1936 750 2009 compellitur
769 1939 838 2007 (87),
864 1937 950 1994 edere
1007 1939 1219 1994 vestimentum
1235 1956 1344 1996 novum
1359 1942 1558 1999 committeret
1578 1943 1608 1999 in
1632 1945 1844 2005 vestimentum

114 2045 219 2087 canses
233 2033 382 2102 gestorum
400 2039 535 2085 sucrum,
551 2040 613 2096 quae
629 2029 676 2081 tot
694 2027 835 2083 vitasse
856 2025 949 2083 etati·
1005 2028 1104 2094 vetus,
1120 2027 1172 2082 sed
1183 2028 1399 2086 omnialaceret
1409 2047 1495 2100 nova,
1506 2033 1658 2106 sicutipse
1668 2035 1740 2092 dixit
1752 2054 1759 2093 ε
1771 2037 1843 2096 Duce

115 2121 172 2176 bus
184 2118 367 2193 percurrerit,
383 2132 452 2172 cum
465 2113 595 2170 muudus
610 2122 763 2185 epeccato
776 2115 873 2189 quivis
885 2132 951 2173 esse
1009 2114 1114 2171 luciam
1131 2131 1208 2171 nova
1221 2118 1329 2184 (Eaeclr.
1345 2136 1385 2188 aa,
1407 2121 1465 2192 19).
1482 2144 1496 2172 a
1514 2122 1578 2195 lpse
1593 2127 1638 2180 est
1652 2125 1732 2182 enim
1748 2143 1844 2184 resur.

116 2225 173 2265 non
189 2208 291 2282 possit,
309 2211 342 2263 ut
357 2206 393 2262 ab
410 2204 485 2278 ipsis
501 2201 656 2259 cunabulis
674 2204 758 2275 prius
774 2204 952 2277 obrepatin-
1009 2203 1180 2276 rccti0‚ipse
1195 2205 1411 2279 primogenitus
1425 2226 1462 2266 ex
1477 2211 1602 2270 mortuis
1617 2212 1648 2269 in
1663 2231 1722 2288 quo
1737 2232 1845 2273 omnes

118 2297 216 2354 lautis
231 2296 326 2368 culpa,
343 2293 486 2367 quamsit
502 2285 950 2358 ullussensuserroris.0uam-
1008 2293 1084 2349 685
1101 2294 1220 2364 quidem
1237 2297 1461 2368 prerogativam
1487 2300 1591 2359 laturae
1621 2303 1844 2362 resurrectionis

117 2402 175 2460 que
189 2385 261 2442 illud
277 2382 455 2453 miserabile,
468 2386 502 2436 ut
517 2380 613 2436 brevis
629 2378 669 2434 sit
682 2380 743 2437 vita
754 2382 830 2452 ejus,
853 2381 951 2439 dulcis
1007 2380 1194 2452 accepimus:
1212 2383 1293 2439 salue
1310 2388 1407 2442 tamen
1422 2385 1487 2460 ipsc
1509 2389 1605 2447 adhuc
1629 2393 1843 2451 resurrectione

116 2475 263 2541 illecebra,
276 2471 431 2545 multiplex
443 2484 586 2536 erumna,
598 2467 751 2526 iracundia
764 2471 949 2543 quotidiana.
1007 2474 1150 2543 perpetua
1164 2473 1334 2529 resurrexit.

117 2557 947 2637 ltaqueinexiguadelectatioaeamaritudoperpetuacst
1326 2589 1443 2646 CAPUT
1460 2593 1534 2650 vm,

151 2656 198 2710 23.
216 2675 230 2701 «
247 2651 310 2750 Det,
323 2649 431 2749 inquit,
447 2647 545 2704 arbori
561 2663 639 2719 apes.
655 2646 686 2702 Si
701 2646 779 2704 enirn
802 2651 889 2706 luerit
904 2667 952 2706 ex·
1008 2677 1253 2746 Quomodomm
1267 2677 1559 2737 ,obresmemmm
1577 2654 1760 2754 atquem
1784 2688 1841 2742 Do·

120 2742 192 2810 cisa,
211 2740 345 2808 virescrt;
361 2743 390 2794 et
404 2756 434 2794 rn
451 2743 534 2810 petra
550 2736 606 2809 (88)
623 2739 759 2793 mortuus
775 2754 876 2795 ramus
886 2741 951 2813 eius
1042 2750 1115 2803 ηηηι·
1128 2749 1159 2803 in
1177 2750 1411 2806 corisummuticne
1422 2759 1547 2823 laturam
1570 2756 1770 2827 siqnificaven't
1780 2744 1799 2813 :'
1812 2760 1840 2814 et

120 2832 220 2896 luerit,
237 2824 857 2900 adodoremaquaellorebit3lacietaulem
871 2845 949 2886 mes·
1043 2820 1499 2890 ‘luamvett'dt'ravilexhacvita,
1529 2823 1578 2880 ubi
1603 2827 1724 2901 perfidia
1750 2828 1839 2885 demi·

119 2937 183 2978 sem
199 2919 275 2976 sicut
290 2916 413 2975 novella.
429 2915 481 2971 Vir
496 2919 596 2972 autem
612 2914 768 2970 defunctus
790 2917 872 2980 abiit,
903 2934 950 2974 ca·
1042 2899 1137 2957 ''⁰²¹⁴'’
1154 2892 1284 2948 emm?

120 3013 194 3068 dens
209 3011 306 3066 autem
323 3004 456 3062 mortalis
470 3004 560 3062 homo
575 3021 633 3060 non
650 3002 726 3060 ultra
741 3008 795 3060 est.
810 3006 952 3079 Tempore
1042 3007 1088 3060 26.
1104 3005 1212 3062 Audito
1225 3005 1316 3079 igitur
1330 3008 1401 3079 quid
1417 3008 1533 3066 locutus
1548 3018 1628 3068 essct
1644 3012 1673 3068 in
1689 3029 1723 3070 ea
1747 3013 1835 3084 Deus,

120 3103 220 3156 autem
236 3096 359 3152 tluctuat
374 3110 454 3150 mare
469 3094 527 3160 <lob
543 3109 602 3159 xiv,
618 3091 707 3162 7-11).
724 3115 738 3141 u
750 3095 950 3165 spectavimus
1006 3098 1036 3150 et
1051 3094 1166 3167 cognito
1182 3112 1233 3168 per
1247 3096 1389 3169 Spiritum
1410 3103 1545 3156 sanctum
1573 3102 1653 3174 quod
1669 3101 1760 3159 Filius
1786 3102 1838 3159 Dei

121 3185 285 3260 prophetici
301 3183 446 3240 sermonis
456 3181 562 3238 seriem
576 3199 611 3237 ex
630 3180 747 3236 duobus
762 3181 951 3240 interioribus
1008 3201 1065 3240 non
1083 3183 1178 3239 sulum
1193 3185 1305 3241 vcniret
1320 3185 1349 3241 in
1362 3190 1463 3253 terras,
1475 3188 1526 3244 sed
1538 3190 1627 3246 ctiam
1639 3190 1836 3248 descensurus

120 3275 365 3340 elementis,lerra
376 3289 409 3328 ac
424 3270 510 3338 mari,
526 3287 589 3343 quaa
601 3269 681 3326 omni
695 3269 820 3340 injuriae,
830 3272 951 3328 crebris·
966 3250 987 3317 C
1007 3277 1085 3330 esset
1099 3272 1134 3328 ad
1147 3273 1266 3339 iuleros,
1278 3281 1310 3330 ut
1321 3280 1452 3331 nuortuos
1464 3277 1653 3334 resuscitaret
1664 3278 1752 3352 (quod
1763 3283 1834 3336 tunc

121 3381 178 3440 quc
195 3361 422 3435 tempestatibus
437 3359 592 3431 subjacent
604 3375 611 3416 :
623 3374 711 3431 quam
721 3357 849 3414 validum
862 3377 948 3434 argu·
1004 3362 1123 3434 quidem
1136 3362 1244 3417 lactum
1257 3363 1347 3418 estad
1358 3363 1562 3421 testimonium
1575 3367 1765 3439 praesentium
1778 3366 1834 3439 (90)

121 3457 257 3510 mentum
270 3446 948 3522 nostreexpressitaerumnoetTerrena,iuquit,
1004 3454 1032 3508 et
1047 3449 1212 3523 exemplum
1238 3451 1433 3525 futurorum):
1451 3470 1609 3514 conversus
1623 3457 1659 3513 ad
1676 3454 1834 3514 Dominum
1890 3513 1895 3518 ,

119 3540 261 3615 virgulta,
278 3554 491 3611 nemorosaque
503 3537 652 3604 arborum,
665 3534 751 3590 etiam
764 3553 831 3592 curn
843 3537 951 3594 luerint
1004 3541 1065 3596 ait:
1083 3563 1097 3590 a
1115 3538 1232 3595 Utinam
1248 3539 1277 3595 iu
1293 3539 1406 3596 interno
1423 3557 1469 3596 me
1483 3558 1681 3616 conservares,
1705 3545 1831 3601 abscon-

118 3633 251 3696 mortua,
266 3627 294 3684 in
315 3645 388 3684 usus
411 3626 515 3684 vitales
538 3627 705 3698 resurgunt.
732 3625 810 3681 blare
834 3643 951 3698 quoque
1005 3627 1089 3684 deres
1104 3631 1202 3682 autom
1218 3643 1275 3696 me,
1291 3629 1384 3684 donec
1399 3629 1515 3685 desinat
1529 3631 1573 3688 ira
1587 3637 1648 3701 tua,
1665 3639 1693 3690 et
1715 3637 1831 3690 emtuas

119 3713 791 3793 ipsumtemporumvicibussoletllucluare.
820 3717 856 3770 At
884 3732 950 3771 vero
1004 3716 1078 3772 mibi
1094 3722 1211 3788 tempus
1225 3715 1255 3771 in
1272 3733 1330 3788 quo
1347 3717 1520 3774 memoriam
1531 3721 1699 3779 meilacias.
1710 3721 1831 3778 Sienim

119 3825 191 3866 caro
208 3810 308 3863 nostra
321 3821 438 3878 sempor
448 3807 599 3872 exastuat,
616 3801 731 3875 sibique
746 3803 809 3875 ipsa
823 3808 949 3876 tempes-
1005 3811 1140 3861 mortuus
1155 3804 1244 3860 suerit
1259 3803 1356 3876 bomo,
1373 3807 1449 3861 viaet
1463 3821 1675 3866 consummans
1689 3809 1752 3865 dies
1767 3808 1832 3864 vita

118 3905 168 3955 tas
183 3901 240 3963 est,
257 3911 408 3969 nunquam
425 3909 442 3950 a
457 3892 588 3950 motibus
597 3891 792 3966 procellarum
808 3892 949 3949 miseran·
1003 3893 1110 3966 ipsius.
1122 3893 1279 3950 sustinebo
1289 3896 1380 3951 donec
1392 3895 1500 3952 iterum
1511 3894 1592 3963 fiam,
1604 3895 1834 3952 deindevocabis

117 3989 231 4058 disque
247 3983 408 4057 antriregiis
423 3981 553 4039 feriatur.
1007 4000 1120 4057 measa
1136 3985 1234 4038 autem
1250 3987 1278 4038 te
1294 3983 1462 4040 obaudiam:
1479 3987 1833 4055 stuperamanuumtua-

160 4075 208 4130 24.
224 4096 238 4126 «
255 4074 326 4130 Cum
343 4078 440 4129 eutem
456 4071 611 4128 dormierit
626 4069 723 4136 homo,
739 4085 796 4126 nou
826 4070 952 4143 resurgit
1006 4070 1426 4142 rumdespicias.Numerasti
1456 4075 1554 4128 autem
1585 4087 1666 4128 meas
1691 4070 1835 4128 adinven-

118 4163 307 4238 usquedum
323 4161 428 4219 coelum
444 4177 502 4217 non
518 4163 657 4216 assuatur
672 4158 727 4230 (89)
744 4159 834 4231 (leid,
857 4159 910 4232 12).
937 4181 951 4208 »
1006 4160 1112 4229 tiones,
1125 4176 1178 4214 nec
1189 4159 1349 4232 preteribit
1360 4165 1387 4217 te
1398 4159 1562 4233 quidquam
1573 4157 1834 4233 expcccatismeis.

119 4253 211 4320 Quod
227 4251 341 4308 vidntur
356 4251 514 4316 declarare,
526 4249 617 4306 donec
630 4247 734 4304 caelum
747 4251 869 4304 novetur
880 4267 886 4317 ;
898 4248 954 4306 erit
1005 4249 1238 4324 signastiautem
1250 4249 1421 4323 iniquitates
1434 4265 1515 4306 meas
1527 4250 1556 4305 in
1569 4247 1698 4319 sacculo,
1709 4252 1738 4304 et
1748 4252 1838 4304 nota-.

119 4344 207 4400 enim
223 4340 328 4398 coelurn
344 4357 452 4398 novum
468 4344 497 4396 et
511 4343 589 4396 terra
604 4353 687 4406 nova,
708 4337 785 4394 sicut
810 4337 952 4411 scriptum
1006 4339 1044 4395 sti
1060 4339 1083 4395 si
1099 4338 1169 4412 quid
1186 4339 1297 4395 inscius
1312 4338 1456 4411 preterivi
1468 4337 1835 4410 (Joax1v,ls-lt).»0uam

119 4437 170 4490 est
185 4432 251 4502 (isa.
274 4447 334 4486 cxv.
352 4430 408 4501 17).
425 4429 498 4485 Nam
515 4429 591 4500 quod
609 4425 749 4494 assuitur,
776 4430 859 4482 vetus
888 4429 951 4482 est:
1008 4429 1107 4485 suauis
1121 4427 1212 4492 locus,
1229 4428 1279 4499 qui
1295 4445 1349 4483 nos
1368 4429 1404 4483 de
1429 4428 1642 4484 resurrectione
1665 4427 1831 4495 confirmat,

121 4521 207 4596 qnod
223 4522 316 4590 vetus,
333 4517 506 4575 mutabitur.
524 4515 653 4588 Denique
668 4513 736 4569 audi
751 4515 838 4570 David
854 4513 953 4572 dicen·
1008 4519 1036 4573 et
1052 4532 1141 4588 quam
1157 4515 1273 4571 videtur
1285 4516 1347 4570 voci
1364 4514 1518 4570 [lominica
1533 4515 1696 4585 convenire,
1714 4532 1780 4588 quae
1804 4515 1834 4571 in

121 4619 208 4668 tem:
225 4607 309 4664 lnitiu
322 4611 430 4664 terram
446 4610 477 4662 tu
499 4603 638 4661 laudasti.
663 4602 796 4670 Domine,
812 4607 840 4658 et
868 4620 955 4676 opera
969 4621 992 4686 Ι)
1008 4603 1290 4678 euangeliolegitur,
1307 4603 1356 4658 ubi
1373 4603 1432 4661 ait:
1450 4627 1464 4654 «
1481 4604 1564 4660 Tunc
1577 4603 1719 4677 incipient
1741 4603 1836 4660 dicere

122 4713 253 4756 manum
271 4700 386 4752 tuarum
401 4700 472 4752 suut
482 4693 557 4750 caeli.
572 4691 628 4765 lpsi
641 4691 780 4764 peribunt
794 4709 800 4747 :
815 4695 846 4747 lu
858 4695 956 4750 autem
1009 4694 1179 4750 montibus:
1197 4693 1296 4749 Gadita
1310 4709 1400 4766 super
1414 4710 1477 4760 nos,
1494 4697 1523 4750 et
1547 4693 1690 4751 collibus:
1720 4692 1836 4766 Operite

122 4802 297 4864 permanes,
308 4792 336 4843 et
347 4801 450 4842 omnes
461 4784 537 4840 sicut
547 4781 753 4838 vestimentum
765 4785 955 4851 veterascent,
1009 4801 1065 4841 uos
1080 4785 1155 4856 (Luc.
1171 4799 1252 4852 xx1u,
1268 4783 1324 4854 30).
1343 4805 1357 4832 »
1373 4783 1435 4838 urit
1450 4782 1529 4839 enirn
1542 4783 1571 4838 in
1583 4780 1835 4839 consummatione

122 4885 156 4935 et
173 4875 252 4934 sicut
272 4875 450 4948 opertorium
476 4871 604 4928 mutabis
629 4886 679 4926 eos
707 4875 736 4926 et
763 4871 957 4927 mutabuntur
1010 4873 1108 4930 seculi
1125 4872 1168 4926 ira
1183 4870 1309 4928 Domini.
1326 4873 1412 4928 Recte
1427 4889 1495 4946 ergo
1511 4876 1633 4930 sanctus
1647 4868 1677 4925 in
1687 4867 1833 4941 judicium

123 4965 219 5039 (Psoi.
234 4981 271 5032 cr,
286 4964 323 5020 26
337 4964 392 5036 28).
409 4984 423 5013 a
440 4967 601 5018 Possumus
616 4959 702 5016 ctiam
721 4958 791 5016 illud
808 4960 956 5030 adtexere,
1010 4962 1123 5018 mavult
1137 4976 1299 5033 resurgere,
1316 4978 1405 5034 quam
1422 4963 1452 5017 in
1468 4965 1585 5033 tempus
1600 4958 1703 5014 divine
1719 4957 1836 5012 iracun-

128 5053 276 5130 quoniam
293 5053 370 5125 quod
386 5055 468 5108 uetus
479 5054 534 5118 est,
550 5048 701 5117 assuitur;
729 5049 806 5121 quod
837 5065 955 5119 novum,
1011 5051 1065 5107 dise
1080 5067 1144 5124 quae
1160 5047 1300 5107 terribilis
1315 5052 1404 5107 etiam
1419 5049 1625 5106 innocentibus
1639 5049 1693 5103 est.

171 5215 231 5287 (87)
249 5213 334 5276 llam.
348 5212 429 5284 edit,
445 5219 558 5283 uocatur
581 5211 685 5264 intrare
709 5210 737 5262 iu
753 5214 956 5280 conspertum·
1012 5212 1140 5283 deficiet:
1156 5213 1182 5266 et
1197 5212 1222 5266 si
1236 5212 1267 5265 in
1282 5218 1354 5266 terra
1368 5215 1476 5267 mortua
1490 5209 1572 5265 radic
1586 5207 1645 5278 ejus
1658 5205 1836 5278 faerittrun·

126 5287 217 5354 mirri,
233 5287 258 5340 ct
267 5283 405 5356 judiciam
427 5284 521 5338 subire
547 5281 737 5360 omnipotentis
767 5280 955 5350 compellatur.
1012 5301 1060 5340 cus
1074 5285 1134 5339 e'us
1149 5281 1238 5338 aditae
1250 5282 1284 5337 ab
1299 5282 1379 5338 odore
1392 5297 1473 5354 aquae
1486 5278 1661 5350 germinabit,
1676 5282 1731 5334 etc.

129 5351 956 5426 Bonusquidemverborumordn,sedad1t.aut.acmss.
1049 5301 1105 5427 (83)
1121 5355 1230 5411 Omnes
1242 5353 1396 5420 edit.‚uou
1420 5359 1554 5421 reserpet,
1583 5365 1669 5422 esque
1694 5349 1761 5404 dum
1786 5363 1838 5403 αε-

130 5422 640 5488 cod.minimeconsentiens.lllium
652 5421 750 5493 itaque
761 5421 955 5480 restituimus.
1015 5428 1072 5482 tam
1087 5432 1216 5482 assuatur
1231 5465 1248 5479 ..
1265 5428 1398 5480 mouetur.
1418 5427 1495 5491 Am,
1511 5431 1633 5479 novetur.
1650 5421 1719 5477 Mes.
1735 5435 1786 5475 sex
1807 5422 1840 5474 ut

170 5501 230 5571 (8⁴3,
246 5499 292 5554 Sic
308 5516 390 5570 nass..
407 5503 434 5553 et
451 5503 504 5550 rat.
522 5497 590 5550 ulit.
608 5493 663 5548 nisi
680 5493 754 5564 «parui
768 5511 828 5564 pro,
841 5496 958 5566 inpetro
1014 5515 1068 5554 uos
1082 5496 1113 5552 in
1136 5499 1224 5559 textu,
1247 5510 1337 5566 quam
1362 5494 1516 5550 lectionem
1532 5510 1596 5550 essa
1619 5491 1776 5566 gauslinum
1793 5506 1838 5545 se·

132 5591 210 5630 mss.
227 5571 285 5626 (luo
300 5577 329 5626 et
344 5571 413 5625 edit.
431 5569 539 5624 babent
553 5569 715 5630 interrant
730 5564 802 5620 alies
815 5567 957 5637 quasdam
1014 5568 1135 5642 quentia
1148 5571 1248 5648 aperte
1263 5565 1399 5622 clamant.

131 5643 324 5702 diversitates
340 5639 451 5696 nullius
464 5637 613 5696 momenti.
626 5636 708 5691 Dour.
723 5642 820 5692 orateur
834 5635 903 5709 edit,
918 5639 959 5696 lta
1051 5642 1108 5716 (90)
1123 5639 1200 5696 Edit.
1218 5636 1284 5694 Gill.
1301 5654 1335 5694 ac
1356 5638 1452 5705 Rara„
1475 5637 1511 5695 ad
1533 5637 1719 5696 testimouium
1738 5647 1839 5708 prece·

132 5713 290 5806 repcsuit:
306 5715 404 5776 Ecetsa
418 5711 505 5776 adbuc
519 5707 668 5776 viridescit,
681 5711 706 5768 et
721 5723 816 5768 ramus
830 5709 890 5788 ejas
903 5726 959 5771 aaa
1018 5712 1152 5772 dentium.
1828 5733 1831 5739 ·
1848 5716 1854 5733 ⁴
