4159 6184
117 271 165 334 ill
677 266 791 328 hlBlifs
814 267 866 328 DE
888 265 976 326 autA
998 266 1048 326 dt
1068 263 1239 328 JhllllNltl.
1594 327 1596 332 ,
1750 267 1811 328 'tta

147 405 187 460 26.
204 401 286 458 ldalae
301 401 430 459 Dominae
444 399 654 473 sarriturgule
671 400 738 472 (23),
759 416 823 472 quc
852 415 929 456 sem·
944 401 972 466 Α
987 379 1076 456 unitis
1091 396 1224 454 mulieris
1235 395 1385 470 jeJunium
1400 395 1571 455 innumeros
1596 397 1700 454 stravit
1726 414 1811 456 excr-

119 513 163 568 per
176 493 294 566 expetit,
307 508 461 565 nunquam
475 489 617 564 expletur.
633 488 708 554 Ouid
723 487 932 545 eniminsatia·
987 485 1063 542 citus
1079 485 1226 542 ebriorum
1243 487 1310 560 (25).

118 583 199 639 bilius
214 581 341 637 ventre?
357 580 448 636 Hodie
462 578 597 652 suscipit,
613 583 643 634 et
656 595 722 636 cras
736 577 834 651 exigit.
860 579 932 634 Cum
1021 575 1068 631 30.
1085 573 1188 632 llsthor
1202 591 1318 648 quoque
1337 574 1487 650 pulchrior
1515 574 1592 633 facta
1605 579 1651 633 est
1671 574 1786 650 jejunio
1803 595 1811 646 ;

119 671 252 744 impletus
267 665 932 743 fuerit,disputatnrdecontinentia:cumdi-
987 662 1131 720 Dominus
1145 661 1224 720 enim
1252 664 1377 738 gratiam
1406 665 1511 722 sobria
1539 666 1647 722 mentis
1674 667 1811 740 augebat.

118 758 244 834 gesserit,
255 759 318 816 vale
334 757 492 814 virtutihus
505 758 621 824 dicitur,
647 756 752 830 quierit
774 754 932 814 luxuriam.
988 753 1081 810 Omne
1095 767 1189 826 genus
1208 769 1306 821 suum,
1322 753 1352 809 id
1368 760 1422 823 est,
1441 760 1534 810 totum
1544 755 1813 828 populumludaeo·

119 851 189 905 lnter
200 847 305 925 pocula
319 845 504 920 philosophia
514 845 700 918 predicatur,
711 844 788 902 inter
805 843 934 919 philoso·
989 858 1056 898 rum
1072 859 1089 898 e
1103 841 1315 914 persecutionis
1330 843 1537 900 acerbitatibus
1552 842 1686 901 liberavit
1701 863 1709 914 ;
1728 845 1768 902 ita
1783 850 1816 902 ut

117 938 186 1010 phos
196 935 439 992 uinalnudantur.
452 957 466 986 a
494 933 616 1008 Vigiliae,
649 932 797 1006 inquitet
819 932 936 990 cholera
989 930 1360 1004 regemsibifaceretessc
1388 932 1564 1003 subjectum,
1593 950 1653 991 non
1681 933 1815 990 libidinis
1856 976 1865 992 .

118 1028 180 1098 (24),
196 1029 225 1081 ct
237 1029 352 1081 tortura
366 1023 427 1080 viro
441 1022 602 1080 insatiabili
617 1023 714 1096 (arcti.
730 1040 808 1091 xxxi,
832 1023 879 1092 23)
896 1040 903 1079 :
920 1046 934 1072 a
989 1021 1094 1078 ardore
1109 1019 1305 1090 flammatum,
1332 1022 1383 1077 sed
1400 1021 1509 1077 cmlcsti
1537 1023 1724 1080 miseratione
1749 1040 1816 1080 eon-

118 1115 272 1170 mandueat
285 1117 314 1169 at
328 1111 414 1186 paulo
429 1115 496 1186 post
510 1110 631 1186 poenitet
646 1129 653 1169 ι
673 1129 732 1169 non
752 1111 837 1170 illum
869 1112 936 1168 diu·
988 1125 1107 1166 versum
1120 1109 1160 1165 ita
1176 1113 1208 1166 ut
1221 1114 1250 1166 et
1264 1127 1350 1182 putre
1364 1115 1581 1183 retorqueretur
1596 1111 1626 1168 in
1643 1111 1817 1184 impium,ei

117 1205 174 1261 tius
183 1220 238 1260 sua
250 1201 477 1276 intemperantia
490 1200 650 1259 delectavit.
989 1197 1085 1254 honor
1098 1198 1192 1256 sacris
1221 1199 1392 1256 redderetur
1404 1199 1556 1256 altaribus.
1572 1201 1672 1274 ltaque
1687 1200 1738 1258 illa
1752 1217 1816 1276 quae

150 1295 193 1348 27.
210 1291 332 1349 Attende
346 1290 465 1347 divitem
481 1291 533 1365 qui
552 1290 729 1351 induebatur
753 1307 884 1364 purpura
908 1295 938 1348 et
990 1285 1088 1345 triduo
1099 1288 1251 1360 jidunavit
1265 1289 1414 1358 continuo,
1430 1295 1459 1345 et
1472 1306 1577 1362 corpus
1591 1307 1680 1348 suum
1695 1291 1817 1365 aquata

117 1383 213 1455 bysso,
229 1386 258 1437 ct
277 1379 453 1454 epulabatur
467 1379 599 1453 quotidie
621 1379 785 1454 splendide,
799 1381 885 1453 cujus
899 1382 936 1436 ad
990 1375 1042 1447 vit,
1059 1376 1126 1450 plus
1136 1376 1256 1450 placuit,
1268 1382 1297 1435 et
1306 1377 1464 1434 vindictam
1482 1379 1590 1436 retulit.
1607 1385 1703 1438 Amen
1717 1385 1817 1440 sutem

113 1472 234 1542 januam
251 1468 404 1526 mendicus
418 1468 467 1525 ille
483 1470 610 1527 Lazarus
620 1468 851 1542 J'acebatplanns
862 1467 938 1526 ulee·
992 1465 1063 1522 dnm
1078 1482 1110 1522 sc
1124 1464 1312 1539 regulijaetat
1323 1467 1465 1536 convivio,
1482 1468 1558 1524 inter
1573 1467 1637 1541 ipsa
1661 1469 1728 1528 vina
1756 1486 1817 1545 pac-

116 1559 209 1628 rihus,
220 1558 342 1631 cupiens
357 1557 483 1614 saturari
499 1575 534 1614 cx
549 1558 595 1616 bis
609 1575 673 1631 que
689 1559 724 1615 de
735 1575 839 1614 mensa
853 1558 937 1614 cadc-
992 1571 1060 1611 uam
1077 1571 1138 1611 suae
1153 1555 1303 1612 ebrietatis
1317 1555 1451 1612 exsolvit.

116 1650 186 1705 bant
200 1647 309 1704 divitis.
326 1647 416 1703 Paulo
431 1650 578 1719 postcom
594 1652 673 1704 esset
691 1653 836 1714 mortuos,
852 1647 940 1721 coepit
1027 1643 1073 1698 31.
1089 1643 1141 1699 Est
1164 1657 1232 1714 ergo
1254 1643 1400 1716 jejunium
1432 1645 1677 1705 reconciliationis
1704 1648 1818 1708 sacriti-

115 1754 218 1811 rogare
233 1735 347 1810 positus
361 1735 392 1792 in
407 1735 531 1801 inferno,
548 1739 581 1792 ut
602 1741 764 1794 extremum
784 1735 867 1810 digiti
891 1735 937 1792 sui
992 1730 1083 1800 cium,
1098 1730 1216 1790 virtutis
1230 1733 1455 1801 incrementum,
1477 1738 1555 1808 quod
1570 1735 1638 1794 feeit
1665 1737 1754 1796 etism
1777 1739 1819 1795 fa·

116 1844 229 1901 pauper
242 1825 291 1882 ille
304 1825 335 1881 in
351 1842 459 1898 aquam
470 1823 638 1899 intingeret,
651 1828 680 1882 ct
689 1824 873 1899 refrigeraret
886 1823 941 1880 lin·
993 1819 1091 1877 mines
1103 1819 1237 1878 fortiores
1252 1828 1410 1894 augmento
1424 1825 1536 1897 gratia.
1551 1827 1701 1899 ieiunium
1726 1827 1820 1885 ncsoit

113 1933 204 1990 guam
219 1915 295 1986 ejus,
310 1932 374 1988 quae
398 1912 520 1970 ardebat
552 1912 770 1970 incend10,Ubi
801 1912 857 1969 iltae
891 1930 939 1970 00-
994 1907 1198 1976 feneratorem,
1214 1928 1275 1968 non
1290 1919 1398 1969 sortem
1415 1913 1524 1972 tenoris
1539 1915 1629 1987 novit,
1640 1933 1699 1974 uon
1710 1917 1820 1976 redolet

114 2003 169 2078 pira
182 2003 198 2060 ‘t
212 2003 265 2060 Ubi
281 2002 337 2060 illae
353 2001 509 2059 ebrietates
523 2001 538 2056 f
554 2001 623 2058 Sitit
637 2001 687 2075 qui
712 2001 915 2059 inebriabatur
931 2021 938 2059 :
993 2014 1099 2056 usuras
1110 2015 1213 2056 mensa
1222 2000 1420 2072 jejunantium
1437 2019 1444 2058 :
1473 2021 1530 2060 non
1558 2006 1743 2078 strangulant
1757 2005 1813 2063 ssli-

115 2093 248 2151 abundat
266 2092 318 2166 qui
341 2091 536 2148 mendicabat.
566 2090 598 2147 ln
619 2091 681 2164 ipso
710 2090 840 2148 convivio
869 2090 940 2146 durn
995 2103 1048 2144 um
1063 2088 1241 2146 continentis
1254 2089 1307 2146 viri
1322 2095 1449 2162 paterna
1470 2093 1659 2155 centesima:
1686 2111 1744 2152 noa
1769 2112 1820 2153 ve·

115 2183 235 2250 bibunt,
251 2180 365 2250 sitiunt,
378 2184 408 2236 et
423 2196 490 2236 oum
505 2179 641 2236 inebriati
666 2179 784 2248 fuerint,
814 2179 942 2249 emplius
995 2179 1067 2232 xant
1081 2175 1200 2235 viduam
1216 2178 1411 2252 oppignorata
1422 2181 1514 2238 sobrii
1527 2182 1581 2240 viri
1591 2183 1662 2257 J'ura
1690 2184 1820 2243 defuncti

116 2272 234 2329 bibunt.
251 2270 339 2335 Quasi
354 2274 454 2344 aperto
468 2268 583 2343 gurgite
596 2269 698 2326 vinum
710 2269 774 2341 jam
791 2285 850 2325 non
865 2267 942 2325 bibi·
997 2264 1054 2338 (26)
1071 2281 1152 2322 :non
1167 2265 1468 2327 defenerataexoludit
1480 2271 1623 2329 heredem
1639 2272 1820 2346 aalejejuni.

116 2365 176 2431 tur,
191 2361 243 2417 sed
259 2359 424 2416 infunditur
440 2376 447 2414 ε
463 2357 601 2431 poculum
613 2374 672 2416 non
686 2357 805 2430 libatur,
820 2357 870 2414 sed
886 2357 943 2414 exi·
1032 2354 1078 2410 32.
1095 2353 1189 2412 lltiam
1202 2354 1276 2428 ipsis
1287 2357 1436 2430 jejunium
1451 2360 1591 2418 conviviis
1606 2362 1656 2419 det
1684 2361 1820 2436 gratiam.

117 2451 249 2507 nanitur.
998 2441 1151 2501 Dulciores
1165 2449 1231 2518 post
1245 2445 1343 2502 famen
1359 2446 1451 2520 epulae
1467 2449 1552 2516 liunt,
1569 2466 1635 2522 quae
1649 2451 1822 2511 assiduitate

439 2563 554 2622 CAPUT
590 2562 625 2619 lx
998 2532 1116 2589 fastidio
1132 2538 1214 2604 sunt,
1229 2537 1258 2591 et
1272 2534 1412 2592 diuturna
1425 2537 1646 2596 continuatione
1667 2539 1821 2600 vilescunt.

118 2673 418 2745 Curpctarrtcsoirrum
432 2671 524 2726 bitere
544 2670 749 2741 prohibeantur.
778 2670 877 2728 Jadtrt
900 2672 946 2745 je·
999 2621 1225 2724 effidimqntum
1241 2623 1458 2728 ⁰ibij⁹juf¹i⁰m
1480 2635 1537 2727 ω’
1571 2629 1684 2695 oum
1711 2629 1824 2732 ΜΨ

148 2747 257 2816 jum
284 2742 487 2815 Holophmem
513 2742 678 2798 obtruncat:
704 2742 803 2797 iim
827 2742 946 2798 artibu-
999 2716 1174 2784 appetentra,
1192 2716 1532 2786 tantoescaJueundror.
1549 2717 1740 2774 Commendat
1758 2723 1824 2778 artis

149 2816 287 2888 poputum
301 2831 383 2898 „mm
403 2815 504 2871 literar
526 2813 634 2898 εςςὴρζ,
657 2814 704 2897 fui
727 2828 823 2897 pm
851 2814 946 2870 ebrius
1000 2800 1150 2872 poculum,
1168 2801 1259 2858 nescit
1272 2803 1332 2859 vini
1347 2809 1506 2861 vetustates
1517 2806 1575 2878 (27)
1590 2823 1727 2878 quaerere.
1742 2808 1823 2880 Jeju-

156 2889 244 2944 Arnon
260 2887 387 2942 emoluit.
402 2886 541 2941 Postremo
555 2899 644 2942 oarrae
653 2900 758 2958 jejuna
774 2884 868 2942 laudas
881 2901 948 2942 erra·
1000 2905 1057 2944 nus
1072 2889 1217 2963 quidquid
1232 2891 1373 2962 hauserit,
1388 2893 1563 2950 transmittit
1584 2896 1620 2951 ed
1646 2896 1823 2966 satietatem,

154 2962 311 3015 mmd-
1001 2995 1060 3034 non
1076 2979 1268 3051 adjudicium
1286 2999 1372 3038 nares
1387 2983 1550 3056 suspendit.
1568 2983 1628 3041 Usu
1656 2985 1745 3042 etiam
1760 3003 1825 3058 pre·

155 3077 201 3131 28.
215 3097 230 3126 a
245 3074 354 3146 Spina,
368 3072 476 3146 inquit,
501 3077 663 3129 nascuntur
676 3073 706 3128 in
721 3088 811 3130 manu
839 3073 946 3131 ebriosi
1000 3065 1078 3124 tiosa
1092 3068 1271 3141 degenerant
1286 3089 1293 3128 ε
1311 3087 1436 3144 quorum
1452 3078 1552 3130 autem
1568 3073 1685 3131 dificilis
1709 3091 1825 3148 posses·

120 3167 216 3237 (Pras.
231 3180 307 3231 xxvi,
319 3162 360 3231 9),
378 3185 389 3213 ι
408 3162 477 3234 quia
492 3162 555 3235 ipse
567 3178 599 3219 se
609 3160 747 3218 manibus
761 3160 825 3219 suis
842 3162 946 3218 vulne·
961 3144 983 3212 C
1004 3154 1058 3226 sio,
1074 3173 1176 3214 eorum
1191 3163 1275 3231 grata
1288 3160 1461 3232 perfunctio.
1478 3163 1543 3233 lpse
1558 3161 1601 3219 sol
1617 3167 1683 3235 post
1709 3166 1824 3220 noewm

120 3257 178 3319 rat,
195 3255 225 3308 et
243 3251 343 3308 ulcera
365 3250 422 3308 sibi
450 3251 481 3306 in
511 3253 612 3324 peetus
637 3249 745 3321 dejicit.
773 3249 825 3306 llis
853 3251 948 3324 spinis
1001 3244 1122 3318 gratior,
1138 3247 1203 3319 ipsa
1217 3246 1266 3304 lux
1282 3253 1349 3320 post
1364 3251 1499 3306 tenebras
1509 3249 1700 3324 splendidior,
1716 3257 1745 3310 et
1760 3256 1827 3326 post

121 3341 235 3398 scindit
248 3340 455 3397 vestimentum
470 3339 537 3395 fidei
553 3338 631 3412 quod
647 3339 768 3412 accepit,
783 3344 812 3396 et
830 3340 947 3398 thesau-
1001 3333 1116 3407 vigillas
1130 3352 1217 3408 sopor
1231 3336 1354 3408 dulcior,
1369 3338 1525 3410 ipsasalus
1553 3345 1620 3414 post
1644 3343 1825 3414 egritudinis

124 3446 297 3486 rumenam
309 3445 495 3486 servarenon
512 3429 625 3500 poterit.
642 3425 947 3486 Omniscnimebrio-
1002 3427 1184 3481 teutementa
1194 3425 1364 3496 jucundior.
1380 3428 1423 3484 Ab
1455 3428 1520 3502 ipso
1545 3431 1648 3487 mundi
1677 3433 1826 3490 conditore

123 3535 177 3574 sus
194 3523 223 3574 et
237 3517 395 3573 fornicator
408 3515 513 3590 egebit,
524 3526 551 3572 et
578 3515 682 3573 induet
696 3532 727 3572 se
742 3515 835 3572 scissa
859 3518 948 3574 vesti-
1003 3511 1160 3569 didicimus
1174 3530 1250 3586 sape
1272 3515 1489 3575 diversitatibus
1517 3519 1662 3576 cumulari
1689 3521 1824 3595 gretiam.

124 3612 226 3664 monta
240 3606 416 3679 insipientia
442 3606 475 3660 ar
495 3605 559 3661 ideo
574 3609 708 3678 potentes
721 3604 822 3661 vinum
849 3606 948 3678 prohi-
1004 3600 1205 3659 Patrocinatur
1218 3619 1287 3676 crgo
1303 3608 1332 3659 et
1346 3604 1475 3662 convivio
1492 3607 1593 3676 fames,
1611 3613 1643 3666 ut
1656 3611 1766 3680 gratior
1775 3611 1827 3669 liat

122 3697 233 3752 bantur
247 3695 346 3752 bibere
362 3712 369 3751 :
386 3711 422 3750 ne
432 3710 500 3750 cum
515 3693 652 3764 biberint,
668 3692 879 3751 obliviscantur
901 3712 948 3752 se·
1003 3691 1248 3763 mcnsajejuniis.

122 3784 268 3857 pientiam
283 3784 376 3857 (Pron.
392 3800 469 3852 xxxi,
483 3785 522 3852 5).
1331 3827 1446 3885 CAPUT
1466 3827 1487 3885 Χ

160 3875 248 3931 bu.
264 3875 308 3929 29.
326 3872 456 3945 Denique
472 3871 611 3928 bibebant
625 3871 727 3928 vinnm
755 3871 786 3928 in
810 3872 950 3931 ebrietate
1464 3869 1472 3884 ‘
1491 3871 1497 3884 '

125 3968 270 4035 potentes,
295 3963 344 4035 qui
375 3960 551 4034 llolopherni
579 3959 704 4035 principi
732 3961 844 4018 militiae
872 3963 950 4036 regis
1003 3942 1339 4028 ”dulcamen-'‘lfssjllllw
1357 3948 1540 4018 mittatur·
1558 3947 1722 4020 Quaesstmssi
1741 3951 1828 4022 saciat

124 4052 311 4125 Assyriorum
323 4069 356 4108 se
374 4051 488 4108 tradere
503 4050 685 4124 gestiebant:
701 4051 752 4108 sed
780 4067 839 4107 non
869 4051 949 4109 bibe·
1038 4013 1666 4161 gffffi‘gffssaffffffl'stleeggiffgvevggttrffiff
1684 4021 1827 4150 ,gamar

127 4140 180 4195 het
194 4141 302 4197 femina
316 4139 430 4210 iudith,
442 4140 584 4213 jejunans
608 4139 746 4197 omnibus
773 4140 878 4198 diebus
902 4141 945 4197 vi·
1039 4173 1071 4213 a,
1085 4159 1195 4228 mysac,
1209 4158 1382 4232 disquiritur,

127 4225 249 4287 doitatis
263 4247 334 4298 sus,
349 4234 454 4302 preter
465 4227 726 4284 festornmdierum
737 4227 949 4285 solemnitates.

125 4316 278 4376 Hisarmis
289 4316 564 4391 munitaproeessit,
575 4321 733 4373 ctornoem
760 4317 948 4390 Assyriorum
1039 4300 1085 4357 33·
1102 4301 1225 4374 Mfillffl
1239 4318 1355 4375 qu⁰sl¹¹⁰
1371 4304 1596 4376 ¹1¹ss¹1⁵1¹l⁸elunio
1617 4310 1804 4378 ⁰⁰mllt²¹⁸fll⁰f
1819 4323 1827 4365 ἱ

125 4405 319 4463 circumvenit
332 4407 503 4463 exercitum.
518 4404 613 4462 Sobrii
630 4405 727 4479 vigore
743 4405 858 4462 consilii
883 4407 949 4462 abs·
1005 4388 1057 4446 5¹¹³
1071 4405 1173 4450 “¹⁰⁰⁸ss
1187 4391 1253 4464 (28).
1271 4392 1306 4448 df
1321 4408 1380 4464 <111⁸
1394 4392 1465 4448 ‘¹5⁰st
1478 4393 1567 4450 David
1585 4412 1592 4450 ἕ
1621 4393 1696 4452 54⁶
1715 4417 1729 4446 ¹(
1745 4395 1830 4454 PM·

125 4493 196 4551 tulit
210 4494 513 4568 llolopherniseaput,
528 4493 655 4551 servavit
673 4493 949 4567 pudicitiamvicto-
966 4519 990 4584 D
1007 4478 1044 4536 ⁸²5
1060 4477 1088 4534 ln
1105 4485 1261 4553 ⁰⁰⁰⁸P⁰⁰l¹¹
1283 4497 1346 4537 “¹0⁰
1375 4497 1509 4540 mefflffl
1533 4483 1674 4542 adversm
1699 4499 1749 4542 ⁰⁰⁸
1777 4485 1829 4558 qui

125 4581 200 4640 riam
215 4585 382 4658 reportavit,
405 4583 470 4640 Η8Βο
495 4583 573 4640 enim
603 4583 753 4640 ,neopum
778 4583 891 4654 jejunio
921 4582 950 4640 (ῃ
1007 4568 1150 4626 tribulant
1165 4587 1211 4626 me
1240 4570 1492 4644 (Psot.xx11,5).»
1527 4573 1627 4630 Mensa
1660 4573 1717 4630 ista
1744 4571 1830 4628 tamis

123 4674 231 4729 castris
245 4673 445 4746 praetendebat
459 4672 562 4729 alienis
578 4689 586 4728 ε
602 4671 653 4729 ills
666 4673 735 4728 vino
749 4671 885 4744 sepultus
905 4672 953 4745 ja·
1012 4658 1278 4731 acquiriturpretio
1292 4675 1299 4716 ²
1315 4663 1344 4716 ei
1359 4660 1497 4734 P⁰⁰l¹¹¹¹¹1¹
1517 4660 1589 4717 illud
1612 4661 1762 4718 imbriam
1782 4674 1828 4715 ⁸⁰·

123 4759 220 4829 cegat,
236 4762 369 4819 „pictum
383 4761 513 4819 vulneri„
523 4762 632 4819 „entim
647 4778 706 4818 non
721 4765 829 4834 posset,
851 4763 952 4836 ltaque
1008 4746 1140 4816 brietate,
1154 4747 1318 4806 caelestium
1331 4753 1581 4808 sacramentorum
1602 4750 1651 4807 siti
1679 4747 1829 4823 quaritur.

167 4903 219 5030 (23)
235 4905 310 4962 Edit.
326 4909 392 4961 Am.
408 4909 437 4961 et
451 4905 547 4971 Rom„
562 4905 635 4960 itate
647 4906 769 4961 servitte
781 4905 862 4974 ραις),
885 4909 950 4962 Era,
1007 4892 1130 4949 Germ..
1166 4890 1440 4951 Clrabtaorara.lllii
1466 4907 1706 4951 omnesmss.ac
1736 4887 1829 4944 edit...

124 4975 247 5044 aldit,
262 4977 502 5042 doleltomiricae,
519 4981 574 5032 eto.
590 4977 661 5032 Mas.
676 4993 755 5046 vero,
770 4977 852 5034 fdatae
862 4977 952 5034 Domi·
1007 4965 1156 5022 flft'Othl·
1358 5007 1364 5022 ·
1649 5035 1655 5046 ,
1766 5031 1771 5043 ,

124 5057 185 5112 naz,
200 5048 325 5105 Basilius
338 5047 498 5113 ἀπαραιτήτῳ
520 5047 683 5107 tremisses
708 5049 815 5113 γαφστρί
841 5047 952 5113 Acraep-
1043 5035 1099 5118 (26)
1119 5035 1226 5092 Aberat
1253 5051 1307 5092 voa
1331 5037 1408 5109 jura,
1438 5041 1505 5094 ante
1531 5036 1663 5116 deturpati,
1693 5033 1831 5088 omnibus

123 5115 247 5174 γούνων.
1006 5107 1090 5172 edit,
1107 5107 1159 5162 sed
1174 5123 1209 5163 ea
1223 5107 1253 5163 in
1270 5108 1408 5164 omnibus
1425 5125 1497 5163 mss.
1515 5107 1669 5161 invenitur.

170 5190 220 5257 tat)
236 5191 367 5248 Latinius
382 5191 409 5246 le
430 5191 538 5246 endum
554 5189 673 5261 conjicit
689 5204 695 5243 :
713 5189 804 5257 tabor,
822 5191 952 5262 inquitet
1043 5179 1098 5250 (27)
1113 5177 1221 5264 Qube?
1236 5178 1319 5245 edii>
1332 5181 1418 5235 detti!
1428 5181 1525 5234 vinum
1539 5191 1682 5259 imerii
1698 5189 1771 5230 ¹⁰⁵³·
1787 5187 1832 5230 ‘¹⁰'

121 5255 246 5318 eleutero.
263 5263 336 5318 atet
353 5207 472 5335 quidam
490 5278 545 5317 ms.
575 5277 653 5317 unus
682 5260 738 5317 asti
761 5260 870 5329 ulatur,
899 5277 951 5317 no·
1006 5246 1832 5322 remearituiniquaererevetrutatee;nonnullrpantutatea.

121 5323 285 5390 bisantem
301 5334 408 5400 ςωςρςῑ,
424 5339 510 5406 arque
525 5349 627 5390 omncs
642 5331 726 5399 0d1t3
770 5331 950 5388 xxa-erote.
1043 5325 1099 5396 (28)
1116 5324 1158 5380 lta
1173 5321 1243 5378 edit.
1259 5337 1443 5377 omneseum
1460 5336 1542 5404 msa
1557 5319 1679 5392 aliquot.
1704 5318 1760 5403 Alii
1788 5325 1831 5373 ta-

118 5411 214 5468 gunt,
230 5405 306 5461 ῐιόνος
319 5406 511 5470 ἀγρυπνιας,ιαι
521 5403 629 5472 χολέρας
657 5403 762 5475 (unum
802 5403 953 5474 exemplar
1006 5413 1075 5452 men
1090 5411 1144 5450 nec
1157 5396 1240 5450 astate
1255 5409 1307 5448 nec
1322 5407 1444 5448 numero
1459 5392 1622 5458 inferiores,
1639 5391 1834 5464 diuatimaque

117 5473 203 5532 te⁸te
214 5476 340 5547 Nobilio,
352 5477 467 5544 χολέρα),
486 5477 528 5524 sat
551 5473 653 5540 στρόφος
667 5475 730 5537 μετὰ
756 5472 843 5538 ἀνδρός
870 5473 952 5537 aaut·
1004 5485 1059 5596 pac
1072 5481 1175 5523 mccaae
1184 5463 1547 5548 jejunicpompuraturnitta
1562 5479 1665 5520 mensa.
1680 5463 1769 5518 Turn.
1786 5479 1833 5546 su·

117 5553 203 5597 στου.
1018 5555 1063 5611 us,
1080 5539 1193 5612 Mystico
1213 5550 1318 5612 qaoque
1340 5551 1436 5594 menso
1460 5535 1563 5606 feronio
1587 5537 1762 5612 comparatur
1789 5533 1834 5596 rttt

161 5611 220 5700 (25)
235 5614 953 5698 aom.eutt.,srrarucaerettarassumamur
1005 5627 1117 5668 mense.
