4159 6184
133 331 186 406 til
726 329 844 398 ιιιιιε
864 329 916 398 bs
940 335 1043 400 sues
1068 331 1229 400 sonunt.
1771 332 1831 397 olo
1873 330 1878 335 ·

120 466 226 524 carnis
241 469 329 540 etque
342 462 485 540 mgionee,
511 469 544 526 ut
566 482 598 524 so
612 470 778 542 eognoscat,
794 471 823 526 et
841 467 952 526 noverit
966 470 995 536 Α
1009 469 1139 526 invenire
1155 468 1250 542 potnit
1264 469 1295 524 in
1319 466 1466 524 soliditate
1489 465 1616 533 virtutis,
1633 467 1766 524 ubertate
1780 484 1830 524 sa·

115 555 342 614 vehementiam
357 556 464 625 carnis,
476 555 548 630 quid
562 561 592 615 st
605 573 664 631 qua
678 574 767 614 causa
780 557 854 616 m
873 575 952 616 crea·
1007 558 1133 630 pientia,
1159 556 1368 630 intelligentie,
1388 555 1511 628 justitie
1536 555 1616 630 (aeli
1631 556 1695 628 lpse
1709 555 1829 612 dixisti:

114 644 248 713 tussit,
281 649 309 702 et
340 646 591 718 quemadmodum
624 645 828 720 unusquisque
846 661 952 704 sensus
1008 646 1603 717 «Domine,Plenussum(1ae.1,ll);·
1622 644 1686 718 ipso
1711 644 1829 701 dixisti:

122 738 279 808 operetur.
296 756 310 786 tl
326 733 381 801 Qui
403 734 518 804 viderit,
534 733 643 809 iuquit,
658 733 812 794 mulierem
836 737 873 794 ed
887 752 954 794 con-
1007 757 1022 788 «
1039 734 1121 792 Mitte
1137 752 1259 791 manum
1274 739 1356 791 tuam
1371 735 1400 789 in
1416 734 1493 790 latus
1509 751 1621 804 meurn,
1649 739 1679 789 et
1693 733 1753 790 noli
1768 751 1832 790 esse

120 823 341 898 cupisceudum
365 840 430 881 eam
446 823 550 896 (dael.
575 841 602 894 v,
617 823 673 898 28).
691 846 707 878 n
730 824 803 882 Male
818 825 861 882 sio
874 826 953 882 videt
1005 822 1187 895 incredulus,
1198 825 1249 881 sed
1262 823 1355 880 fidelis
1366 825 1456 896 (loco.
1468 842 1516 891 xx,
1528 824 1607 896 27).»
1618 824 1698 881 Misit
1709 841 1832 880 manum

116 912 239 972 oculus.
250 912 355 970 Videat
369 929 437 987 ergo
452 912 567 983 oculus,
583 917 613 970 et
627 911 768 988 iungetur
782 931 835 972 suc
851 931 952 974 mune·
1007 912 1058 985 qui
1069 929 1127 970 non
1143 912 1290 981 credebat,
1306 917 1335 968 et
1349 912 1507 969 Dominum
1523 917 1550 969 le
1563 917 1591 969 et
1606 914 1698 969 Deum
1714 913 1831 985 reperit.

118 1017 162 1070 re,
180 1017 242 1058 nou
266 999 396 1058 lubricis
420 1001 527 1058 mentis
549 999 674 1075 imperio
699 1001 844 1076 dirigatur
857 1003 894 1060 ad
909 1001 951 1060 le·
1006 1001 1070 1059 Non
1085 1017 1153 1076 ergo
1167 1006 1199 1057 tu
1214 1018 1334 1070 vacuus,
1351 1001 1403 1057 sod
1418 1000 1468 1056 ille
1483 1018 1576 1058 cecus
1600 1005 1629 1057 et
1642 1001 1739 1058 inanis
1751 1003 1833 1075 prin·

118 1107 224 1163 psum,
250 1093 283 1148 ut
306 1089 411 1148 vitium
436 1090 541 1148 releret
564 1108 617 1165 pro
640 1088 746 1150 cfficIo.
771 1091 860 1149 Breve
883 1107 952 1166 ergo
1006 1106 1076 1163 ceps
1099 1089 1187 1148 istius
1211 1091 1325 1158 mundi,
1350 1091 1401 1162 qni
1427 1090 1520 1146 nescit
1543 1091 1599 1146 nisi
1626 1108 1682 1147 sue
1704 1107 1833 1163 cernere,

117 1183 243 1254 tempus
266 1179 304 1236 ad
329 1179 547 1254 cognoscendos
562 1195 678 1250 sensus,
692 1177 737 1238 vel
753 1179 951 1254 potiusexpe·
1007 1178 1100 1236 nescit
1123 1177 1180 1236 nisi
1205 1197 1259 1236 sua
1282 1179 1439 1236 invenire:
1465 1195 1499 1235 ea
1522 1196 1586 1252 qua
1619 1178 1727 1236 Christi
1752 1184 1832 1249 sunt,

120 1269 245 1326 riendos
268 1265 367 1336 datur,
382 1272 411 1326 et
435 1269 560 1327 tortasse
583 1265 737 1328 tenerioris
750 1263 952 1327 adolescentie
1006 1267 1282 1340 nescitagnoscero.

120 1357 221 1431 prime
245 1356 382 1414 exordia:
409 1357 570 1430 statimque
593 1359 754 1426 revocetur,
779 1373 816 1414 ne
840 1356 952 1414 diutius
1040 1357 1120 1414 428
1144 1357 1191 1413 2l.
1215 1361 1274 1412 Aut
1297 1357 1322 1413 si
1347 1357 1390 1413 sic
1424 1357 1673 1429 quemadmodum
1701 1355 1835 1431 plerique

120 1447 231 1504 titubet
244 1446 276 1503 in
290 1445 425 1516 lubricio,
442 1449 471 1504 et
484 1445 603 1504 dividuo
618 1443 746 1522 quadam
760 1444 952 1506 inundatione
1007 1444 1134 1502 babent:
1151 1468 1165 1496 «
1181 1445 1244 1502 Non
1260 1445 1388 1502 inveniet
1403 1447 1433 1500 in
1448 1462 1495 1502 me
1506 1446 1591 1515 nihil,
1604 1468 1619 1497 n
1634 1446 1691 1504 hoo
1706 1451 1760 1517 est,
1777 1464 1835 1504 non

120 1535 257 1610 eorporis
270 1535 362 1609 hujus
377 1538 405 1592 ει
420 1533 519 1594 seculi
532 1539 703 1610 mergantur
711 1534 803 1592 animi
813 1534 952 1591 interiora
1006 1533 1135 1591 inveniet
1144 1534 1175 1607 in
1187 1551 1234 1591 me
1244 1533 1400 1599 malitiam,
1412 1535 1482 1608 quia
1492 1535 1605 1593 malitia
1615 1534 1691 1592 nihil
1701 1541 1747 1593 eet
1757 1552 1764 1592 ι
1776 1554 1835 1593 non

121 1623 338 1699 vestigiacum
352 1628 451 1684 eutem
465 1625 510 1682 vel
525 1629 661 1699 expertus
677 1621 827 1694 fueritve!
840 1623 953 1680 steterit
1007 1621 1135 1678 inveniet
1159 1626 1319 1692 mortuum,
1346 1623 1416 1696 quia
1446 1629 1583 1681 mortuus
1607 1642 1665 1681 non
1696 1628 1751 1683 est.
1778 1625 1835 1684 Sed

123 1717 153 1771 in
166 1712 302 1770 instabili
318 1717 347 1770 st
359 1709 470 1771 incerto
485 1713 705 1789 etquehumido
715 1712 788 1784 eolo,
803 1715 955 1770 revocatur
1008 1710 1154 1784 quomodo
1169 1711 1199 1767 in
1215 1729 1249 1768 eo
1265 1717 1414 1768 mortuum
1442 1713 1567 1786 reperiat
1591 1714 1659 1788 (24),
1676 1713 1726 1788 qui
1740 1714 1835 1772 vivifi·

123 1821 137 1862 ι
161 1807 263 1860 matre
286 1801 426 1876 patientia
449 1801 492 1860 vel
515 1802 741 1876 perseverantie,
771 1818 835 1877 que
858 1800 952 1857 dicit:
1009 1804 1056 1856 cat
1070 1805 1212 1869 mortuos,
1237 1803 1266 1857 et
1286 1805 1371 1858 vocet
1385 1818 1419 1857 ea
1442 1819 1507 1875 que
1522 1820 1580 1859 non
1595 1808 1677 1870 sunt,
1693 1808 1834 1877 tanquam

125 1916 135 1944 o
148 1891 270 1948 Mittam
280 1892 317 1950 ad
327 1896 589 1960 te,etaooersamte
599 1891 668 1950 inde
679 1889 755 1964 (Gen.
766 1889 906 1962 saviolb)
918 1905 925 1947 ι
938 1909 953 1939 ι
1008 1905 1044 1946 ει
1056 1905 1120 1962 que
1135 1889 1229 1946 sunt?
1254 1889 1318 1946 Non
1343 1891 1479 1960 inveniet,
1505 1891 1611 1965 inquit,
1634 1897 1788 1966 peecatum
1803 1894 1834 1950 in

127 1985 158 2038 ιι
173 1982 205 2038 et
215 1979 275 2037 illic
285 1977 314 2038 in
325 1980 439 2040 lubrico
455 1985 553 2039 tutum
568 1985 686 2054 portum
697 1979 829 2038 invenias
839 1978 953 2053 sapien·
1009 1995 1067 2049 me,
1083 1978 1135 2052 qui
1151 1977 1255 2035 mundi
1279 1985 1430 2052 peccalum
1455 1980 1574 2038 abstuli.
1590 1981 1741 2046 Quomodo
1755 1984 1835 2040 enim

126 2071 185 2140 tia,
202 2086 268 2142 que
291 2072 319 2127 le
343 2087 402 2126 non
426 2067 505 2130 sinat
527 2075 670 2144 tanquam
685 2069 715 2126 in
730 2069 883 2142 naulragio
897 2067 954 2124 ilu-
1010 2065 1083 2124 nihil
1108 2066 1208 2137 babet,
1234 2067 1285 2139 qni
1300 2069 1400 2124 omnia
1414 2069 1528 2126 babet?
1543 2069 1586 2138 ut,
1603 2073 1682 2144 quod
1697 2071 1764 2144 plus
1779 2077 1833 2140 est,

127 2164 239 2232 oluere,
264 2161 293 2215 et
314 2173 451 2218 reversus
464 2173 650 2232 perseverare
672 2157 750 2218 circa
775 2157 825 2216 Dei
840 2157 955 2215 noveris
1010 2155 1110 2214 omnia
1134 2156 1234 2225 babet,
1259 2173 1323 2229 que
1347 2161 1434 2214 Pater
1457 2159 1557 2225 habet,
1583 2159 1745 2234 sicutipse
1769 2161 1834 2218 ait:

127 2245 253 2314 cultum,
269 2248 298 2304 et
312 2246 354 2304 sis
378 2248 409 2304 in
425 2250 601 2306 conventum
624 2247 768 2320 gentium,
784 2245 955 2319 significans
1010 2266 1024 2296 α
1038 2244 1219 2318 Omniaque
1231 2245 1671 2319 Paterhabot,measunt(looo.
1683 2265 1741 2322 ιιι,
1752 2250 1808 2321 15),
1821 2271 1836 2300 »

126 2338 191 2408 ejus
211 2333 269 2393 fide
283 2333 444 2393 Ecclesiam
454 2335 586 2410 gentium
601 2335 848 2410 congregandam.
1340 2335 1458 2391 CAPUT
1473 2336 1506 2390 V.

163 2427 210 2480 22.
226 2425 278 2482 His
291 2425 384 2500 igitur
398 2424 545 2498 patientie
561 2429 590 2482 et
603 2423 826 2498 perseverantie
840 2423 954 2480 instrn-
1011 2422 1067 2478 Car
1080 2423 1145 2478 ltine
1169 2423 1265 2494 supere
1278 2420 1432 2491 debeamus,
1448 2433 1476 2480 et
1496 2427 1625 2496 quomodo
1639 2430 1761 2484 transire
1774 2443 1838 2484 enm

130 2517 195 2570 olus
209 2511 374 2586 disciplinis
390 2511 466 2586 (Gerr.
481 2531 557 2582 xxix,
580 2513 688 2587 23-28),
703 2513 853 2586 proiectus
866 2511 956 2570 Jacob
1047 2499 1147 2567 millis
1175 2497 1206 2548 (ἲ
1238 2494 1379 2550 ”540⁰th
1401 2496 1496 2564 Delma
1522 2498 1710 2555 calciam
1738 2500 1837 2572 pedum

137 2601 268 2676 copulam
284 2600 339 2659 eibi
354 2602 511 2676 acquisivit
529 2601 565 2660 de
580 2601 724 2676 sapientia
737 2606 872 2660 consorte
887 2618 956 2676 pro·
1042 2567 1201 2708 ffivm'*
1210 2565 1836 2714 {wewffammozelffgf'‘sei'zg‘gnssmffl‚

138 2691 220 2762 l⁰⁸Ui
235 2690 304 2766 (22),
320 2690 449 2765 ⁰1¹in
465 2691 531 2750 d⁰i⁰
545 2691 719 2778 Ρΐῦὖθῦὶῑὲι
736 2707 804 2750 01]ῐῦ
819 2707 878 2763 ‘1¹1⁸
892 2691 957 2750 Vilffi
1047 2709 1144 2763 saltem
1171 2709 1203 2762 et
1227 2722 1322 2778 passer
1330 2725 1340 2763 .·
1368 2709 1394 2764 ci
1420 2723 1477 2764 non
1502 2709 1537 2764 od
1563 2711 1670 2780 celum,
1689 2714 1788 2768 sellem
1802 2711 1838 2768 ed

138 2784 267 2853 tempora
280 2780 344 2838 sine
359 2779 420 2838 ulla
430 2780 590 2840 offensione
611 2783 834 2840 transcurreret.
851 2780 958 2837 addito
1047 2782 1152 2835 montes
1166 2777 1282 2834 evolare.

138 2867 224 2940 igitur
245 2868 385 2926 thesauro
407 2868 567 2942 sapientiae,
591 2865 738 2926 variarum
772 2867 829 2926 sibi
861 2868 957 2926 ovium
1048 2869 1093 2922 25.
1109 2865 1269 2940 Fugiamus
1284 2883 1352 2941 ergo
1369 2868 1447 2937 hinc,
1464 2869 1667 2939 ubinibilest,
1683 2872 1734 2928 ubi
1750 2872 1838 2929 inane

140 2955 265 3016 instituit
273 2973 411 3032 gregem:
427 2959 478 3016 sed
494 2945 579 3014 illum
590 2955 805 3026 rationabilem,
816 2957 959 3016 virtutum
1013 2961 1059 3012 est
1069 2971 1154 3011 omne
1165 2956 1243 3028 quod
1255 2955 1445 3031 magnifieum
1461 2961 1666 3030 putatoresse,
1680 2960 1730 3015 ubi
1741 2965 1770 3018 ει
1785 2962 1837 3034 qni

140 3045 332 3118 plurimarum
342 3043 511 3104 diversitate
521 3044 693 3121 fulgentem.
708 3045 790 3104 Unde
804 3050 833 3104 et
844 3047 959 3118 J'actan-
1014 3060 1045 3102 se
1060 3049 1145 3117 putat
1168 3044 1328 3117 quidesse,
1345 3044 1418 3101 nibil
1432 3050 1487 3114 est,
1512 3051 1541 3103 et
1563 3047 1682 3105 omnino
1706 3056 1836 3119 nonest,

139 3133 208 3192 tiam
231 3134 330 3194 carnis
352 3135 417 3208 ejus
440 3133 552 3205 recidit,
568 3136 647 3208 quod
675 3134 822 3210 significat
840 3135 960 3194 semoris
1015 3157 1029 3185 «
1045 3133 1123 3202 Vidi,
1136 3132 1244 3207 inquit,
1260 3135 1387 3208 impium
1396 3135 1645 3208 superexaltatum
1656 3143 1685 3193 et
1693 3137 1838 3195 elevatum

139 3227 240 3297 stupor
263 3222 341 3295 (Gen.
357 3240 446 3292 xxxii,
461 3224 518 3296 25),
535 3222 617 3282 salva
632 3223 707 3282 sacri
722 3223 961 3299 interpretatione
976 3205 997 3273 C
1016 3222 1094 3280 ultre
1108 3222 1210 3280 cedros
1239 3222 1352 3292 Libani,
1380 3230 1409 3280 et
1423 3225 1554 3295 transivi,
1579 3230 1608 3282 et
1623 3243 1689 3283 ecoe
1704 3243 1762 3284 non
1776 3233 1839 3284 erat

138 3312 278 3386 mysterii.
303 3311 356 3370 llis
379 3329 447 3386 ergo
461 3312 620 3370 virtutibus
634 3311 724 3370 veluti
739 3312 879 3388 gradibus
894 3312 959 3388 qui·
1014 3311 1099 3386 (Peel.
1114 3329 1212 3383 xxxvi,
1228 3312 1284 3385 35).
1301 3335 1316 3364 a
1333 3313 1367 3369 ιιι
1380 3317 1412 3369 tu
1427 3314 1520 3370 transi
1537 3315 1615 3372 sicut
1628 3315 1729 3385 David,
1744 3317 1837 3373 transi

136 3399 260 3458 busdam
275 3417 360 3458 mens
383 3401 449 3474 ejus
473 3399 605 3458 ascendit
618 3398 649 3458 in
665 3399 782 3468 celum,
802 3404 832 3457 et
845 3400 896 3458 Dei
911 3418 959 3460 se·
1014 3401 1195 3459 sioutbonus
1206 3405 1354 3472 servus‚ut
1364 3402 1562 3459 dicaturlibi:
1578 3426 1593 3455 ε
1609 3404 1839 3474 Τιειιεί,ιεειιιιι-

137 3494 214 3546 ειειε
229 3487 374 3564 cognovit,
399 3493 428 3546 et
443 3491 635 3548 confirmatus
658 3492 704 3545 est
717 3492 746 3546 et
765 3488 910 3563 repletus3
928 3495 961 3547 ul
1014 3490 1049 3546 be
1064 3488 1140 3561 (Luc.
1154 3504 1223 3556 xvir,
1247 3491 1285 3561 7).
1304 3512 1314 3538 ι
1333 3489 1437 3548 Transi
1452 3491 1529 3547 sicut
1544 3492 1668 3565 Moyses,
1692 3498 1725 3550 ut
1736 3495 1838 3553 videas

135 3578 232 3638 Labeo
243 3582 381 3638 scrutans
391 3579 512 3636 domum
522 3579 586 3652 ejus
596 3576 671 3636 nihil
684 3577 763 3651 apud
778 3593 845 3636 eum
861 3579 958 3650 inane,
1014 3578 1106 3634 Deum
1130 3576 1290 3646 Abraham,
1315 3577 1405 3646 leaeo,
1422 3582 1450 3634 ct
1463 3578 1562 3648 Jacob,
1588 3587 1616 3637 et
1630 3581 1728 3640 videas
1742 3583 1837 3641 visum

135 3665 210 3726 nihil
232 3684 358 3726 vacuum
382 3667 532 3740 reperiret,
558 3666 640 3725 nulla
663 3665 830 3735 simulacre,
847 3667 959 3724 nullam
1015 3682 1156 3739 magnum
1180 3665 1247 3738 (25).
1274 3665 1333 3722 Hoc
1355 3671 1400 3722 est
1423 3667 1519 3722 visum
1543 3685 1696 3742 magnum,
1729 3673 1780 3729 sed
1812 3673 1838 3729 si

135 3755 263 3830 effigiem
274 3756 422 3814 vanitatis.
438 3755 502 3814 Non
518 3755 596 3814 enim
612 3755 691 3830 apud
701 3769 769 3812 eum
779 3759 842 3812 erat
851 3756 959 3829 imago,
1013 3753 1112 3811 videre
1133 3754 1188 3820 vis,
1211 3752 1291 3810 solve
1314 3753 1547 3812 calceamentum
1570 3758 1679 3830 pedum
1707 3766 1837 3830 tuorum,

135 3846 186 3902 sed
198 3845 325 3903 veritas:
342 3862 400 3902 non
416 3843 528 3918 efligies
542 3842 674 3918 ignavie,
691 3844 743 3901 sed
759 3843 853 3901 solida
867 3845 961 3902 torma
1015 3842 1093 3899 solve
1108 3859 1195 3898 omne
1209 3842 1360 3899 vinculum
1374 3842 1549 3916 iniquitatis,
1564 3844 1643 3903 solvo
1653 3847 1771 3920 cingula
1784 3867 1837 3905 se·

131 3933 255 4004 justitia
279 3937 307 3990 ct
330 3951 402 3991 vere
425 3933 543 3992 virtutis
575 3932 724 4006 expressio
756 3932 959 4007 intelligibilis.
1015 3931 1085 4002 culi,
1101 3931 1266 4006 relinquere
1280 3932 1512 3989 calceamentum
1527 3933 1605 4007 quod
1618 3939 1765 3992 terrenum
1782 3942 1836 3993 eet.

135 4022 238 4096 ltaque
248 4021 347 4079 Laban
362 4025 563 4095 perscrutatus
577 4025 622 4078 eet
637 4019 758 4080 domum
767 4023 832 4096 ejus
842 4023 960 4096 spirita·
1015 4021 1083 4078 ldeo
1105 4020 1192 4077 Jesus
1216 4022 1280 4079 sine
1313 4015 1520 4093 calceamento,
1554 4039 1625 4081 auro
1658 4029 1687 4079 et
1717 4031 1837 4098 argento

135 4109 205 4180 lem,
221 4114 251 4166 et
265 4127 323 4168 non
346 4109 457 4168 invenit
480 4109 603 4184 effigies.
629 4110 717 4170 Plena
731 4111 810 4170 onim
826 4115 888 4170 erat
901 4129 960 4170 non
1015 4108 1163 4182 apostolos
1179 4109 1345 4181 destinavit,
1370 4127 1407 4168 ne
1430 4127 1531 4168 secum
1545 4115 1662 4168 terrem
1676 4116 1836 4185 portarent.

138 4199 310 4272 figurarum,
326 4200 376 4258 sed
392 4199 586 4274 negotiorum.
1015 4198 1068 4264 Qui
1079 4198 1158 4255 enim
1169 4199 1281 4256 bonum
1291 4199 1467 4272 quarit,non
1477 4200 1507 4257 in
1518 4199 1724 4270 calceamento,
1741 4202 1837 4257 sedin

171 4287 216 4343 23.
233 4286 378 4346 Potuisset
392 4293 490 4346 autern
506 4288 635 4348 invenire
659 4288 851 4348 fundamenta
869 4289 961 4348 virtu-
1015 4287 1839 4363 pedumvelocitateetdecorelaudatur,dicenteScriptu-

139 4376 201 4430 lum
215 4379 245 4432 et
258 4374 398 4446 culmina,
414 4378 472 4435 nisi
488 4377 647 4436 cecitatem
671 4379 779 4449 cordis,
802 4382 831 4436 et
845 4379 960 4453 perfidae
1015 4392 1048 4432 ra
1060 4392 1066 4433 :
1079 4398 1094 4427 «
1105 4376 1198 4440 Quam
1209 4375 1333 4448 speciosi
1353 4377 1441 4447 pedes
1452 4376 1713 4449 evangelizantium
1724 4394 1837 4451 pacem,

141 4463 245 4521 mentis
260 4461 414 4540 caliginem
425 4463 589 4525 detulisset.
607 4467 736 4542 Denique
746 4483 780 4524 sa
792 4466 962 4542 improbita-
1014 4463 1267 4536 evangelizantem
1277 4465 1419 4537 bona(lro,
1431 4482 1479 4532 cu,
1491 4466 1518 4537 7)
1527 4464 1533 4520 l
1542 4487 1557 4516 ι
1568 4465 1839 4540 Solvcergoealcea·

142 4551 178 4606 tis
187 4553 311 4612 cecitate
326 4553 431 4612 suffusi
447 4560 578 4614 mentem
601 4555 769 4624 Sodomitae,
785 4555 894 4614 ostium
910 4572 960 4614 ne·
976 4579 999 4646 D
1015 4557 1148 4612 mentum
1160 4553 1267 4627 pedum
1277 4558 1442 4621 tuorum,ut
1451 4554 1574 4628 speciosi
1585 4555 1643 4612 sint
1653 4557 1688 4612 ad
1697 4557 1837 4631 evangeli·

145 4654 286 4714 quaquam
320 4643 415 4700 sancti
448 4643 502 4702 Lot
525 4643 656 4702 invenire
678 4646 846 4718 potueruut.
880 4643 961 4704 Unde
1015 4643 1152 4700 nandum.
1164 4641 1247 4698 Solve
1258 4642 1329 4700 dixit
1340 4643 1436 4715 (deod,
1448 4660 1489 4710 ιιι,
1500 4645 1540 4716 5),
1551 4661 1609 4700 non
1620 4644 1690 4720 liga.
1701 4645 1794 4713 Solve,
1806 4650 1839 4702 ut

145 4729 217 4786 euim
232 4747 316 4788 mens
331 4731 424 4806 impia
445 4731 544 4790 videre
558 4732 718 4808 potuitviri
733 4732 828 4790 sancti
842 4733 886 4792 vel
901 4735 961 4792 exi·
1014 4730 1285 4797 transeas‚etillum
1295 4748 1384 4803 quem
1392 4732 1836 4807 mirabarisintcrramimpium,

145 4819 256 4876 tumvel
267 4820 432 4896 ingressum
444 4822 458 4879 ι
468 4822 534 4896 lpse
544 4838 662 4898 quoque
672 4815 815 4880 Dominus
827 4822 857 4879 in
868 4824 961 4882 llvon-
1016 4820 1089 4878 nihil
1105 4820 1163 4877 illic
1178 4837 1252 4890 esse,
1269 4820 1342 4878 nihil
1361 4838 1448 4893 posse
1462 4823 1599 4896 reperias.
1616 4825 1721 4881 Transi
1736 4823 1837 4894 igitur,

145 4905 214 4978 gello
228 4907 287 4966 eit:
305 4933 318 4961 c
333 4910 418 4967 Venit
432 4911 510 4968 euim
534 4910 670 4985 princeps
693 4911 797 4969 mundi
816 4911 916 4985 hiduo,
933 4918 962 4971 ot
1016 4909 1133 4977 beccel,
1149 4909 1216 4982 lnge
1227 4909 1369 4981 detensis,
1385 4911 1435 4967 ubi
1451 4912 1628 4980 malitieest,
1645 4910 1836 4980 ubiavaritia,
1947 4902 1953 4911 ’

144 4993 170 5048 ιι
195 5013 239 5054 me
261 4997 372 5056 invenit
395 4999 468 5058 nibil
493 5000 580 5072 (lone.
606 5017 664 5068 arv,
689 5000 746 5071 30).
771 5021 778 5050 ›
811 5003 961 5068 Quomodo
1016 4997 1082 5054 ldeo
1097 4995 1168 5052 dicit
1182 4997 1234 5052 tibi
1252 4997 1359 5055 David:
1376 5023 1390 5050 «
1406 4999 1557 5056 Declinaa
1580 4997 1668 5067 malo,
1684 5003 1712 5054 et
1727 4998 1771 5053 loc
1785 4999 1837 5056 bo-

144 5083 212 5142 nibil
227 5087 357 5146 invenire
372 5089 468 5162 potuit
481 5089 511 5146 in
526 5105 570 5160 eo,
587 5089 617 5146 iu
629 5105 688 5162 quo
698 5087 961 5162 plenitudcdivini·
1016 5102 1089 5142 num
1104 5086 1188 5157 (Psoi.
1205 5103 1305 5155 xxxur,
1330 5089 1383 5161 15).
1400 5110 1415 5139 a
1439 5086 1590 5144 Declinare
1610 5087 1709 5158 lugere
1724 5091 1769 5143 est
1784 5088 1839 5144 uti-

143 5173 208 5231 tatis
217 5174 380 5245 habitabat,
395 5181 425 5234 et
439 5177 626 5234 inhabitabat
640 5176 838 5250 corporaliter,
854 5179 961 5252 dequo
1016 5190 1083 5246 que.
1100 5172 1211 5231 Malum
1234 5180 1333 5232 antem
1356 5176 1386 5231 in
1402 5175 1498 5243 terris,
1524 5177 1633 5232 bonum
1648 5174 1679 5229 in
1693 5172 1766 5231 ooelo
1781 5179 1835 5231 est.

142 5260 230 5322 virtus
245 5264 353 5338 exibat,
376 5270 406 5324 et
427 5266 552 5325 sanabat
573 5265 699 5324 omnes?
722 5265 873 5332 Quomodo
887 5267 962 5325 nibil
1016 5262 1099 5320 Unde
1113 5267 1142 5321 ει
1155 5263 1287 5322 addidit:
1303 5287 1319 5317 «
1334 5265 1452 5338 Inquiro
1467 5279 1579 5337 pacem,
1595 5267 1623 5319 et
1637 5279 1758 5335 sequere
1772 5279 1838 5321 eam

174 5405 230 5488 (22)
245 5405 321 5464 neit.
346 5424 413 5465 cum
477 5408 540 5466 ucis
564 5421 637 5466 mse.
663 5407 759 5482 iisque
791 5409 962 5468 recentioris
1015 5410 1156 5465 mertem
1170 5408 1313 5463 inveniret.

142 5491 200 5546 avr,
215 5477 249 5535 de
262 5479 406 5552 sapientise
438 5497 509 5549 oeno,
528 5483 680 5538 consortem
691 5482 836 5553 properati.
1052 5478 1109 5551 (25)
1123 5477 1186 5534 Vet.
1203 5477 1272 5533 edit.
1285 5493 1318 5533 ac
1328 5493 1400 5533 mss.
1412 5476 1481 5545 duo,
1497 5477 1588 5534 videos
1598 5479 1687 5534 nisum
1695 5493 1836 5552 menum.

173 5547 231 5630 (23)
254 5549 298 5606 lta
322 5567 392 5609 mse.
419 5551 480 5610 lere
503 5551 541 5608 ad
565 5567 680 5610 unum:
704 5551 791 5625 pauci
814 5553 913 5611 tamen
928 5569 962 5612 ao
1016 5549 1069 5607 Sed
1082 5551 1116 5616 si,
1133 5553 1187 5606 ele.
1203 5547 1299 5617 Rom„
1314 5591 1320 5604 .
1334 5590 1341 5603 .
1355 5590 1362 5604 .
1377 5564 1518 5620 ιιεριιιιιιι,
1535 5549 1585 5606 ιιι
1597 5552 1646 5617 est,
1663 5551 1752 5606 onom
1764 5569 1838 5625 mya-

142 5617 539 5700 edit.,inte'oritete,1astitte.
839 5693 842 5700 Δ
1016 5623 1160 5693 brimeu,
1176 5619 1228 5680 sal
1252 5621 1287 5693 ιι,
1302 5623 1358 5680 ete.
1373 5620 1444 5680 ldss.
1469 5637 1577 5700 magno
1605 5637 1740 5695 numero,
1756 5629 1788 5680 ut
1807 5623 1838 5683 in

174 5691 230 5769 (ιιι)
245 5691 323 5754 edit.
339 5710 406 5756 eum
432 5693 643 5758 moendoribus
662 5692 776 5776 aliquot
800 5711 885 5770 mss,
899 5699 961 5758 eom
1014 5697 1105 5755 textu
