4159 6184
242 246 321 315 ιιιι
971 192 1215 309 ιζιιιιιιιιιιι
1869 238 1942 320 stu

239 360 351 441 istum:
379 402 393 429 a
424 372 558 435 avertisti
581 390 636 451 nos
658 375 820 455 retrorsum
850 389 910 448 pras
932 373 1062 431 inimicis
1076 378 1103 443 Α
1118 375 1257 456 [leaenas
1270 373 1603 450 apostolosncvissimoe
1614 380 1756 458 ostendit,
1767 380 1849 457 siem
1858 382 1940 439 morti

241 470 359 535 nostris.
374 490 388 520 a
404 468 466 523 Nun
482 470 527 523 est
541 465 625 533 bene,
650 462 702 541 qui
726 468 886 523 retrorsum
911 465 1065 534 avertitur,
1119 466 1292 545 destinatos,
1308 470 1340 522 nt
1355 467 1553 541 spectaculum
1568 468 1663 547 simus
1687 462 1758 547 hnic
1777 470 1902 537 mundo,
1914 477 1941 529 et

240 544 310 631 quia
325 578 339 607 o
362 572 448 615 nemo
472 555 593 614 mittens
612 571 734 611 manum
758 552 788 610 in
813 557 955 622 aratrum,
970 553 1064 625 respi·
1119 552 1231 627 angelis
1246 559 1276 611 et
1290 543 1463 635 hominibus
1475 556 1499 627 (l
1513 555 1576 615 Cor.
1593 559 1686 633 1v,9).
1703 581 1719 608 a
1735 541 1939 617 ‘aeduinum

238 647 319 711 ciens
333 649 421 715 retro,
438 644 545 701 habilis
568 650 610 701 est
637 659 726 717 regno
751 642 802 699 Ilei
826 643 902 715 (Luc.
917 660 956 711 ιιι,
972 642 1029 712 62).
1047 663 1061 690 n
1119 656 1151 697 se
1166 640 1251 710 dixit,
1267 644 1389 700 etitem
1404 648 1502 705 tamen
1522 646 1599 719 quod
1612 646 1729 722 primns
1751 650 1834 705 esset
1848 652 1939 705 osten·

238 734 369 813 benique
379 750 456 813 ¹uxor
468 726 531 799 Lot,
549 727 619 805 quia
629 739 706 789 retro
719 730 854 803 respexit,
872 732 907 787 ad
923 730 1060 787 verticem
1118 729 1173 798 dit,
1187 747 1254 789 eum
1270 730 1359 789 dicit:
1375 756 1390 785 a
1404 734 1512 791 Nostra
1524 739 1622 792 autem
1639 733 1827 793 meversatio
1842 735 1875 793 in
1887 753 1939 795 cm-

238 824 358 895 montis,
374 824 495 890 honest,
511 821 547 877 ad
561 820 712 893 superiora
721 819 872 892 pervenire
882 836 940 877 non
952 819 1057 893 potuit,
1117 818 1154 880 lis
1168 824 1213 879 est
1226 819 1349 893 Philipp.
1366 839 1412 889 ιι,
1424 821 1482 893 20).
1499 843 1513 872 »ι

239 914 287 972 sed
305 911 336 968 in
348 910 440 971 salem
455 926 595 968 conserva
609 914 663 977 est,
686 926 750 982 que
772 908 883 982 species
898 908 956 965 nita
971 906 1062 964 solvi·
1152 914 1197 982 34,
1214 914 1306 985 (Vere.
1322 907 1381 979 te.)
1395 910 1552 986 Sequitur:
1570 933 1584 963 u
1601 912 1637 969 itt
1657 896 1711 986 gni
1735 912 1864 973 oderant
1878 931 1939 983 nos,

238 1006 296 1069 tur,
310 1016 363 1061 nec
378 1002 474 1072 potest
488 1014 577 1055 usum
595 996 703 1057 hahere
729 996 914 1054 diuturnum.
931 996 977 1052 Sic
992 1000 1065 1053 sunt
1117 1000 1366 1075 diripisbsntsibi.
1377 997 1488 1058 Dedisti
1498 1003 1781 1073 nostanquamoves
1793 1018 1940 1073 semrom,

238 1089 290 1163 qui
304 1086 477 1163 temporalia
492 1090 667 1159 sequuntur,
684 1090 786 1142 etnon
802 1088 967 1157 sequuntur
981 1088 1062 1141 eter-
1117 1094 1145 1147 st
1158 1091 1188 1147 in
1211 1090 1348 1147 nationes
1372 1087 1539 1163 dispersisti
1562 1105 1626 1146 nos.
1646 1109 1662 1139 a
1686 1088 1802 1148 Mis-sris
1816 1088 1938 1147 sorsin„

237 1196 296 1235 na:
315 1181 346 1235 et
359 1177 407 1234 hic
427 1175 610 1232 infatuantur
633 1192 651 1231 a
674 1173 801 1231 stultitia
823 1189 887 1242 sne,
909 1176 938 1231 et
949 1173 1062 1229 futuro·
1116 1180 1195 1252 quod
1209 1195 1277 1237 cum
1292 1177 1323 1233 in
1338 1170 1559 1251 posterioribus,
1575 1181 1608 1234 ut
1622 1175 1767 1245 diximus,
1786 1194 1935 1235 summam

238 1284 304 1325 rum
318 1265 445 1341 gretiam
461 1265 568 1321 habere
583 1280 641 1321 non
657 1266 790 1336 possunt.
807 1262 882 1319 Sunt
895 1268 994 1319 tamen
1010 1262 1061 1335 qui
1115 1267 1242 1343 habeant
1249 1266 1317 1323 fidei
1331 1264 1527 1323 constantiam
1536 1264 1587 1337 qui
1594 1262 1770 1339 loquuntur,
1780 1264 1829 1323 hic
1837 1267 1938 1325 dicant

237 1362 314 1429 retra
327 1354 415 1433 positi
431 1353 645 1411 obliviscuntur
662 1352 858 1424 superiorum,
874 1351 949 1409 etad
963 1349 1062 1423 priora
1115 1357 1194 1429 quod
1212 1357 1250 1413 ah
1271 1355 1310 1412 iis
1333 1353 1383 1430 qui
1408 1354 1531 1430 oderant
1553 1366 1615 1422 eos,
1639 1353 1876 1433 diripiebantur:
1890 1356 1938 1413 sad

238 1464 269 1525 se
284 1445 455 1512 extendunt,
467 1445 499 1497 ut
515 1442 550 1497 ad
566 1440 699 1497 bravium
713 1439 829 1497 valeant
850 1440 1009 1512 pervenire.
1027 1438 1062 1495 ut
1115 1461 1172 1501 non
1188 1448 1216 1501 te
1230 1442 1288 1500 ista
1296 1444 1487 1514 perterreant.
1502 1440 1585 1496 Multi
1597 1440 1676 1498 enim
1686 1440 1736 1497 hic
1747 1442 1937 1521 diripiuntur,

238 1537 321 1592 Petro
336 1530 463 1589 dicitur:
481 1554 495 1581 s
511 1530 591 1586 Vade
605 1533 682 1585 retro
698 1545 754 1597 me,
770 1528 981 1601 Satana(ltcre.
996 1544 1059 1596 v111,
1114 1537 1143 1610 et
1157 1538 1255 1589 tamen
1270 1530 1377 1589 memte
1389 1545 1524 1586 eoruma
1544 1528 1658 1587 Christo
1681 1546 1743 1586 non
1767 1534 1937 1604 queuntes·

152 1692 159 1697 ,
178 1616 182 1623 ’
235 1626 296 1697 33),
310 1644 325 1673 a
341 1625 374 1678 ut
388 1620 419 1677 in
433 1618 538 1676 melius
554 1620 734 1690 provocetur.
758 1617 791 1673 lit
811 1616 841 1672 in
857 1616 988 1673 numeris
1003 1616 1060 1687 (58)
1115 1623 1221 1696 parari.
1238 1620 1440 1695 Rapiebantur
1453 1617 1586 1695 apostoli,
1597 1618 1899 1691 radebanturvirgis
1909 1623 1937 1677 in

235 1713 315 1787 prior
329 1714 384 1782 est,
399 1708 450 1782 qni
461 1711 527 1780 post
541 1705 689 1763 Christum
706 1708 760 1761 cst.
774 1706 840 1761 Ideo
855 1720 922 1777 ergo
931 1718 992 1777 pre·
1006 1705 1059 1760 ini·
1113 1726 1260 1771 carcerem
1277 1708 1482 1776 trudebantur,
1496 1706 1737 1779 separabantura
1747 1724 1793 1775 se,
1803 1712 1936 1769 ettamen

234 1796 327 1874 micis,
346 1797 416 1875 qnia
440 1794 482 1851 illi
506 1810 560 1850 nos
583 1793 718 1867 alligant,
743 1796 771 1849 et
795 1791 837 1847 illi
864 1792 1055 1850 insectantur.
1111 1798 1310 1857 camerariam
1326 1796 1503 1854 manebant:
1519 1796 1578 1853 imo
1592 1794 1647 1853 boc
1665 1795 1731 1869 ipso
1746 1797 1831 1869 quod
1845 1797 1935 1873 appe.

235 1889 406 1951 itetrorsum
422 1898 552 1941 neeesse
566 1882 695 1949 voluisti,
709 1881 942 1939 utentendamus
956 1880 1055 1937 noead
1111 1889 1218 1945 bantur
1240 1904 1258 1943 a
1280 1886 1411 1961 perfidis,
1441 1900 1543 1943 eorum
1572 1884 1677 1943 merita
1700 1886 1887 1955 cmseebant,
1910 1893 1936 1945 et

235 1976 397 2051 superiora,
413 1978 445 2030 ut
458 1988 573 2045 semper
588 1975 656 2027 ante
671 1986 725 2027 nos
740 1969 938 2038 attendamus,
953 1984 1055 2041 perse·
1110 1981 1195 2048 grata
1207 1976 1238 2031 in
1258 1974 1427 2031 coelcstibns
1450 1972 1620 2048 augebatur.
1644 1972 1709 2029 Non
1733 1972 1818 2031 enim
1837 1975 1936 2033 statim

232 2069 356 2139 quantes
370 2062 507 2120 inimicos
520 2064 648 2129 nostros,
664 2063 693 2115 et
704 2075 806 2117 eorum
816 2058 914 2116 locum
929 2058 1055 2116 transire
1110 2065 1161 2138 qui
1177 2065 1213 2121 ab
1228 2061 1401 2121 hominibus
1424 2060 1573 2133 diripitur,
1597 2060 1688 2119 etiem
1709 2060 1848 2132 vincitur.
1864 2062 1935 2121 Vide

233 2154 396 2229 cupientes.
1108 2150 1275 2232 apostolum
1290 2149 1414 2207 Paulum
1434 2147 1614 2223 gratulatum
1638 2148 1669 2205 in
1697 2147 1835 2222 perieulis
1849 2148 1932 2207 suis:

267 2244 312 2299 33.
336 2240 466 2313 Denique
497 2238 539 2294 sic
563 2236 743 2293 Theodotion
773 2235 871 2305 habet,
907 2236 1053 2308 quomodo
1108 2241 1175 2298 vide
1188 2239 1374 2314 gloriantem,
1391 2238 1469 2310 quod
1484 2254 1536 2311 per
1550 2236 1708 2295 fenestram
1724 2236 1756 2293 in
1772 2242 1875 2314 sporta
1886 2238 1934 2297 de-

232 2330 425 2405 Septuaginta
447 2326 511 2394 viri,
535 2327 591 2382 hoc
616 2331 671 2393 est,
697 2325 844 2399 quomodo
869 2325 924 2383 iste
952 2341 1055 2382 versus
1108 2330 1219 2387 missus
1232 2329 1281 2385 sit.
1297 2328 1369 2385 Vide
1379 2325 1628 2400 quemadmodum
1640 2332 1765 2383 sanctus
1777 2326 1933 2400 ieremias,

232 2406 382 2495 expositus
405 2421 459 2473 est.
484 2414 590 2487 Aquila
614 2414 718 2471 hahet:
743 2413 879 2495 evertisti
900 2430 954 2470 nos
976 2419 1054 2470 retro
1108 2424 1228 2475 sanctus
1248 2415 1391 2483 Ezechiel,
1414 2420 1534 2472 sanetus
1558 2414 1659 2471 Daniel
1681 2414 1713 2470 in
1733 2406 1934 2487 captivitatem

231 2510 268 2565 ab
284 2506 441 2581 affligente.
458 2525 473 2553 a
488 2500 703 2577 Symmachus:
722 2522 735 2551 κ
761 2498 909 2557 Ordinasti
933 2517 986 2557 nos
1001 2517 1053 2556 no·
1107 2506 1238 2576 deducti,
1253 2509 1282 2562 et
1295 2506 1331 2561 ah
1345 2502 1473 2577 Assyriis
1487 2503 1604 2575 direpti,
1620 2502 1736 2559 nullam
1750 2509 1856 2561 mmen
1869 2522 1933 2578 cap·

231 2585 368 2667 vissimos
392 2595 428 2651 ab
453 2590 534 2649 omni
565 2588 739 2647 adversario.
754 2611 768 2641 a
792 2589 945 2646 Contraria
968 2587 1054 2646 nobis
1107 2596 1249 2654 tivitatem
1265 2593 1388 2668 proprias
1408 2591 1477 2649 fidei
1501 2587 1694 2665 pertulerunt,
1722 2608 1779 2649 nec
1794 2592 1828 2649 in
1843 2591 1934 2651 Testa·

231 2703 295 2763 que
310 2687 392 2752 sunt,
416 2682 474 2740 nisi
489 2682 562 2737 901
581 2678 767 2753 voluptuaria
790 2676 876 2735 istius
901 2678 1010 2745 seculi,
1026 2682 1056 2733 et
1107 2691 1241 2741 mentum
1256 2680 1371 2741 Domini
1387 2680 1549 2753 deliquere,
1564 2680 1614 2753 qui
1638 2686 1836 2741 servaverunt
1850 2682 1879 2737 in
1893 2698 1934 2739 ca·

231 2776 318 2849 plena
332 2770 505 2829 deliciarum
525 2774 613 2841 atque
634 2766 770 2836 lascivia,
787 2770 815 2823 et
840 2783 903 2841 quae
924 2772 994 2823 sunt
1008 2766 1053 2823 in·
1109 2771 1340 2849 privitateetiam
1355 2770 1429 2843 legis
1440 2774 1584 2842 precepta
1597 2769 1713 2837 divinar,
1731 2785 1790 2827 nec
1803 2771 1842 2827 ds
1855 2768 1935 2827 inter

231 2863 346 2921 centiva
359 2856 480 2917 luxuria
494 2861 505 2914 l
520 2857 596 2913 Uxor
610 2857 664 2913 Lot
684 2856 805 2930 decepta
827 2860 882 2925 est,
904 2856 974 2928 qnia
987 2859 1055 2927 pust
1107 2862 1194 2918 dictis
1209 2860 1283 2919 cibis
1297 2862 1473 2932 putaverunt
1488 2862 1589 2914 contra
1605 2857 1833 2920 institutionem
1847 2860 1932 2933 majo·

231 2970 262 3011 se
277 2951 405 3009 babebat
418 2945 566 3005 luxuriam
591 2945 858 3013 Sodominatorum,
883 2948 912 3001 et
926 2944 1055 3018 regionis
1108 2966 1170 3008 rem
1184 2950 1296 3023 aliquid
1311 2948 1525 3020 usurpandum.

230 3042 294 3115 ejus
305 3037 468 3097 illecebras.
484 3036 565 3094 Unde
579 3035 701 3107 decepta
715 3034 783 3091 eet‘l
797 3034 871 3100 Quia
885 3038 953 3107 post
967 3050 998 3089 se
1011 3048 1054 3089 re-
1143 3041 1188 3097 35.
1206 3038 1287 3095 Unde
1304 3038 1377 3094 bene
1395 3033 1575 3094 'theodotion
1600 3034 1692 3094 dixit:
1709 3058 1725 3085 α
1747 3033 1785 3093 Re
1805 3036 1860 3111 qui
1873 3036 1935 3095 ads

230 3130 334 3204 spexit.
350 3129 386 3185 St
400 3131 431 3184 tu
452 3141 521 3199 ergo
545 3140 582 3180 ne
607 3124 644 3179 ad
667 3122 802 3179 inimicos
817 3126 884 3179 tuoe
899 3120 1050 3193 respicies,
1066 3113 1089 3177 C
1108 3130 1175 3184 rant
1189 3143 1254 3193 nos,
1268 3123 1439 3183 exultabant
1455 3139 1544 3198 snper
1557 3140 1611 3181 nos
1622 3142 1660 3192 :a
1685 3123 1845 3182 insultatio
1859 3126 1936 3183 enim

229 3218 328 3292 posuit
342 3220 371 3274 te
392 3217 470 3274 usus
498 3212 691 3270 novissimum
715 3211 745 3266 in
769 3209 886 3267 seculo.
902 3208 973 3266 Vel:
997 3209 1051 3274 Qui
1105 3208 1936 3286 inimieorumnonaffertprejudicinmbonismenfibns,

230 3306 396 3365 humilitate
411 3320 443 3359 ee
456 3302 590 3358 ultimam
603 3299 681 3366 lacit,
693 3315 751 3354 non
764 3298 942 3356 convertitur
957 3303 1052 3368 retro,·
1107 3304 1158 3361 ssd
1175 3320 1227 3359 neo
1241 3300 1365 3373 direptio
1381 3300 1579 3359 inimieorum.
1603 3300 1735 3375 ideoque
1753 3308 1877 3359 sanetus
1891 3302 1936 3361 (fi.

230 3396 282 3453 sed
297 3407 413 3465 semper
428 3394 495 3446 ante
511 3386 639 3459 respicit.
655 3386 691 3443 Ut
710 3387 786 3443 scias
812 3391 909 3445 autem
926 3387 976 3459 qui
992 3386 1052 3443 sint
1107 3392 1156 3461 cit,
1173 3391 1223 3464 qni
1238 3394 1337 3449 certus
1352 3389 1488 3463 estquod
1506 3387 1632 3461 direptio
1656 3386 1715 3447 sihi
1736 3388 1839 3447 obesse
1854 3381 1935 3449 θ’θ’

229 3480 341 3538 inimici
359 3480 413 3547 tni,
429 3478 498 3535 audi
513 3476 679 3535 dicentem:
696 3498 710 3526 α
725 3475 812 3544 Audi,
838 3475 959 3533 lsrael...
976 3474 1051 3541 Quid
1108 3498 1165 3537 non
1182 3480 1295 3552 possit:
1316 3498 1326 3526 ι
1343 3476 1413 3544 Quis
1429 3493 1482 3533 nos
1497 3474 1645 3550 seperabit
1659 3493 1678 3533 a
1691 3473 1831 3535 charitate
1843 3475 1936 3533 Chri-

230 3568 368 3643 estquod
382 3568 413 3624 in
427 3571 505 3623 terra
519 3582 550 3621 es
566 3563 784 3621 inimieorum...
799 3562 926 3637 pollutus
937 3581 969 3621 es
983 3582 1052 3621 cum
1108 3567 1168 3624 sti?
1183 3566 1359 3636 Tribulatio,
1375 3583 1413 3623 an
1434 3562 1594 3639 angustiat
1609 3588 1624 3615 a
1650 3566 1685 3623 lit
1704 3570 1829 3624 ceteram
1845 3590 1861 3618 a
1877 3566 1937 3625 Sed

231 3658 356 3717 mortuis
371 3654 490 3731 (essert
505 3672 547 3721 111,
569 3654 663 3725 9·1l)‘l
678 3676 693 3705 a
718 3652 788 3720 Quis
803 3657 901 3709 tamen
917 3658 977 3709 tam
994 3652 1050 3707 ini·
1107 3658 1136 3713 ia
1161 3657 1207 3712 his
1230 3654 1369 3712 omnihus
1389 3670 1566 3727 superamus
1579 3658 1608 3710 et
1626 3653 1867 3727 supervincimus
1887 3673 1939 3730 per

231 3749 326 3805 micus
341 3752 370 3803 et
385 3744 478 3803 hostis
493 3748 573 3811 tuus,
589 3759 676 3816 qnam
690 3741 824 3816 princeps
835 3742 922 3797 istius
937 3742 1050 3809 mundi,
1107 3764 1174 3801 euin
1192 3746 1242 3817 qui
1257 3743 1360 3801 dilexit
1381 3760 1455 3812 nos:
1476 3740 1601 3803 scientes
1615 3742 1696 3815 quod
1720 3760 1820 3817 neque
1844 3762 1934 3811 mors,

230 3842 259 3895 ct
271 3839 336 3909 ejus
351 3836 433 3898 socii,
450 3832 500 3905 qui
516 3832 660 3905 persecuti
675 3836 745 3887 eunt
767 3847 859 3903 usque
883 3832 918 3887 ad
934 3847 1052 3887 crucem
1108 3852 1202 3908 neque
1217 3835 1287 3906 vita,
1302 3848 1396 3907 neque
1415 3831 1550 3905 angelus,
1575 3847 1670 3905 neque
1693 3832 1872 3900 Potestates,
1885 3850 1936 3889 ne·

229 3925 387 3984 Dominum
408 3924 522 3989 desum,
547 3919 612 3992 ejus
634 3919 795 3993 potentiam
819 3918 1006 3977 nescientes?
1021 3920 1051 3975 Si
1107 3942 1164 3997 que
1179 3924 1343 3997 presentia,
1359 3915 1456 3995 neque
1478 3920 1610 3979 lutura...
1633 3938 1776 3995 separare
1799 3940 1855 3979 nos
1870 3940 1938 3995 pos·

229 4014 308 4073 onim
323 4010 537 4087 cognovissent,
555 4024 706 4081 nunquam
719 4006 876 4063 Dominum
891 4009 1053 4080 majestatie
1108 4014 1167 4071 sint
1182 4029 1200 4068 a
1214 4011 1355 4069 charitate
1369 4008 1430 4079 Dei,
1445 4026 1509 4081 qna
1534 4013 1579 4067 est
1601 4008 1631 4065 in
1655 4008 1776 4068 Christo
1790 4009 1864 4069 Jesu
1879 4016 1935 4067 Do·

229 4102 453 4161 crucifixissent.
470 4098 545 4171 Ergo
561 4103 592 4153 tu
608 4097 662 4153 etsi
677 4095 856 4153 novissimus
870 4096 984 4173 es,·noli
1000 4096 1053 4153 ini·
1110 4102 1190 4157 mino
1203 4104 1304 4157 nostro
1329 4098 1415 4170 (Rom.
1439 4115 1503 4166 vui,
1527 4092 1630 4170 3539).
1647 4120 1662 4148 a
1693 4098 1772 4173 Ergo
1794 4098 1848 4175 qni
1871 4097 1939 4157 talis

230 4193 322 4251 mices
336 4195 403 4251 tuos
418 4188 523 4261 sequi;
546 4185 598 4243 sed
621 4201 742 4259 sequere
767 4184 923 4241 Dominum
938 4185 1052 4248 lesum,
1110 4195 1165 4257 est,
1182 4205 1241 4245 non
1256 4191 1440 4261 separatura
1454 4186 1578 4244 Christo.
1598 4181 1681 4243 Unde
1701 4184 1824 4246 etiami
1837 4206 1941 4263 corpo·

230 4287 258 4339 el
273 4296 391 4339 crucem
406 4280 470 4353 ejus
480 4293 547 4334 cum
559 4274 670 4343 laetitia,
682 4278 710 4330 et
720 4272 823 4332 insiste
837 4274 967 4348 vestigiis
977 4274 1051 4347 etus.
1110 4278 1211 4334 naliter
1226 4275 1393 4349 diripiatur,
1416 4274 1586 4348 spiritaliter
1608 4278 1708 4331 tamen
1734 4273 1813 4335 liher
1829 4282 1893 4335 est:
1909 4279 1941 4334 et

231 4370 285 4437 Oui
300 4368 378 4426 enim
392 4366 544 4424 Christum
561 4363 706 4438 sequitur,
722 4366 789 4437 post
804 4380 834 4419 se
848 4380 906 4419 non
922 4364 1052 4436 respicit,
1110 4384 1169 4424 non
1182 4364 1277 4423 solnm
1292 4362 1449 4437 direptioni
1464 4359 1606 4421 obnoxius
1620 4379 1679 4419 non
1704 4370 1763 4435 est,
1780 4364 1833 4423 sed
1848 4363 1941 4423 etiam

231 4458 259 4513 id
275 4460 330 4523 est,
344 4457 380 4513 ad
395 4454 527 4512 luxurias
543 4458 630 4525 atque
646 4451 798 4508 illecebras
814 4456 1010 4523 pcccatorum,
1026 4457 1055 4509 et
1071 4472 1093 4537 Β
1111 4456 1245 4528 rapinam
1260 4449 1316 4511 sibi
1330 4450 1508 4510 laudabilem
1524 4450 1644 4525 queril3
1661 4451 1742 4509 sicut
1762 4450 1806 4510 illi
1822 4451 1860 4513 de
1876 4454 1942 4529 qni·

232 4547 296 4604 ideo
312 4548 410 4619 potest
425 4544 521 4602 dicere
535 4560 603 4601 cum
621 4542 748 4599 sanctis:
765 4562 778 4590 ιι
796 4540 859 4599 Νοιι
879 4540 998 4596 recessit
1012 4558 1055 4598 re
1112 4544 1168 4599 bus
1189 4542 1332 4615 scriptum
1356 4546 1416 4597 eet:
1438 4564 1452 4592 «
1467 4544 1492 4596 A
1517 4540 1619 4597 diebus
1643 4538 1772 4598 loannis
1802 4543 1943 4617 baptista

231 4639 276 4692 tro
291 4650 341 4691 cor
354 4636 488 4690 nostrum
509 4632 609 4703 (infru,
634 4646 710 4687 vers.
734 4630 821 4698 19).»
845 4628 927 4685 Unde
948 4626 1055 4687 intelli·
1112 4648 1236 4707 regnum
1260 4627 1398 4689 coelorum
1424 4628 1547 4703 cogitur,
1581 4628 1611 4687 el
1632 4636 1773 4705 cogentes
1792 4632 1945 4708 diripiunt

230 4724 310 4799 gitur
324 4723 403 4795 quod
418 4726 447 4778 et
461 4721 547 4793 isqui
563 4724 631 4775 ante
647 4719 783 4775 inimicos
807 4734 877 4774 snos
899 4723 953 4787 est,
970 4718 1055 4775 corde
1112 4720 1186 4777 illud
1202 4718 1309 4792 (Mutila.
1326 4737 1367 4788 ιιι,
1385 4720 1438 4791 12).
1455 4742 1469 4770 ι
1485 4715 1585 4776 Victor
1598 4723 1643 4776 eet
1656 4719 1758 4794 itaque
1773 4719 1873 4796 quiin
1888 4728 1945 4780 ter

231 4814 264 4869 iit
274 4812 454 4869 novissimus
463 4814 552 4882 atque
563 4812 741 4881 postremus,
752 4806 776 4863 si
787 4805 897 4864 adillos
907 4806 1056 4877 respiciat,
1112 4810 1192 4866 renis
1207 4809 1322 4882 positus
1336 4806 1469 4881 captivus
1482 4807 1609 4881 perfidia
1619 4824 1685 4865 esse
1695 4826 1756 4866 non
1766 4811 1853 4868 novit
1864 4810 1923 4887 (59)
1935 4830 1943 4880 ;

231 4906 259 4958 et
274 4898 551 4971 carnalibuspotius
563 4913 652 4969 qnam
664 4894 846 4969 spiritalibus
857 4896 960 4951 allecta
972 4914 1056 4953 men·
1112 4915 1165 4955 nec
1179 4897 1276 4955 solum
1299 4895 1324 4953 ei
1347 4913 1406 4952 non
1427 4896 1564 4969 diripitur
1586 4898 1663 4970 quod
1687 4898 1873 4972 preclarum
1889 4904 1945 4969 est,

230 4991 269 5048 tls
284 4990 427 5047 intendat.
441 4986 538 5044 Potest
551 4988 638 5043 etiam
654 4985 703 5058 qui
717 4985 957 5048 novissimusest,
970 4986 1055 5042 corde
1111 4988 1162 5043 sed
1179 4985 1273 5058 magis
1289 4986 1352 5058 ipse
1367 4983 1468 5059 diripit
1482 4982 1560 5059 quod
1575 4991 1718 5043 :eoernum
1733 4992 1795 5046 est.

232 5082 312 5152 prior
325 5094 401 5145 esse,
419 5076 442 5135 si
454 5093 488 5136 ea
504 5092 567 5151 que
583 5075 614 5133 in
635 5074 707 5132 coelo
731 5078 810 5141 sunt,
836 5072 1011 5142 consideret,
1027 5079 1056 5131 et
1144 5075 1190 5132 36.
1206 5075 1281 5132 Sunt
1298 5074 1386 5131 etiam
1410 5072 1460 5145 qni
1483 5073 1556 5132 liant
1579 5090 1646 5132 oves
1668 5091 1822 5134 escarum.
1839 5078 1944 5135 Bonus

232 5186 288 5225 non
306 5185 370 5242 que
386 5168 416 5223 in
432 5165 529 5223 terris.
545 5165 620 5222 Audi
636 5162 707 5237 quia
722 5162 900 5219 novissimus
915 5162 944 5218 in
965 5158 1055 5220 saecu·
1110 5163 1253 5221 Dominus
1265 5161 1363 5219 noster
1376 5161 1463 5218 Jesus
1477 5159 1611 5222 Christus
1624 5162 1805 5235 quiefactus
1819 5172 1869 5224 est
1884 5166 1944 5223 osis

232 5257 269 5328 lo,
286 5259 361 5315 inter
385 5256 496 5331 primos
521 5255 560 5312 sit
583 5254 661 5328 apud
684 5253 842 5309 Christum.
860 5275 874 5301 α
900 5250 971 5308 Puto
986 5252 1057 5324 qnia
1111 5251 1287 5326 epulationis
1311 5253 1428 5308 nostre.
1451 5250 1561 5315 Queris
1584 5249 1732 5325 quomado
1756 5252 1859 5312 lactus
1885 5252 1944 5312 sit?

267 5418 325 5487 (58)
338 5417 415 5473 Edit.
433 5417 529 5485 Rom„
553 5416 586 5471 et
608 5417 638 5471 in
661 5430 776 5471 numero
799 5414 877 5486 prior
901 5420 948 5468 est.
975 5410 1055 5481 elis,
1146 5414 1192 5485 (59
1218 5412 1289 5469 Mes.
1307 5410 1428 5484 aliquot,
1442 5418 1567 5484 ceptrum
1574 5428 1627 5487 per
1641 5414 1724 5486 Μιηι
1738 5432 1799 5475 esse
1812 5434 1873 5475 m
1891 5431 1940 5473 aa·

232 5488 319 5563 atque
334 5504 419 5552 mse,
434 5486 468 5543 et
490 5489 520 5543 iu
541 5488 676 5557 cuonrat,
702 5490 757 5545 cto.
783 5484 865 5551 Quod
890 5482 915 5541 sl
931 5484 1056 5559 contus·
1109 5486 1159 5545 cit.
1220 5483 1259 5541 nd
1274 5482 1361 5553 mele,
1378 5480 1413 5568 sl·
1429 5482 1516 5544 modo
1536 5498 1588 5561 per
1610 5484 1705 5561 Meo»,
1720 5492 1939 5565 sumatnrpru

233 5560 303 5619 etim
318 5558 446 5636 legretur
464 5560 648 5619 innumeris?
1111 5554 1437 5653 fideiopeocprcstdto.
