4159 6184
271 287 357 401 ‘roas
1005 335 1041 401 ε.
1061 331 1251 403 aueaosu
1878 341 1940 408 tue

278 467 420 536 liberavit,
436 483 472 523 ne
486 467 565 540 apud
580 484 649 526 eum
670 470 796 542 pecunia
816 469 932 528 Domini
947 471 1100 545 deperiret,
1114 470 1144 539 A
1157 470 1232 527 bunt
1255 474 1379 537 terram;
1400 467 1608 526 maledicentes
1631 471 1728 526 autem
1750 487 1822 544 eum,
1842 473 1939 548 (lupus.

278 561 307 614 et
322 556 385 630 ipse
399 558 433 612 ut
445 555 548 614 decem
563 556 729 614 civitatibus
744 560 949 632 preficeretur,
965 560 1101 617 emeruit.
1157 560 1240 616 bunt.
1252 583 1265 608 a
1278 559 1427 624 Quomodo
1439 559 1539 630 justus
1553 558 1684 632 possidet
1696 564 1806 629 terram,
1817 566 1862 620 aut
1872 581 1940 638 quam

269 637 345 714 'Quae
361 643 421 703 siat
444 645 544 704 decem
560 646 703 715 civitates,
718 647 748 704 in
774 646 905 723 epistolis
928 665 1103 722 recognosce
1157 652 1276 717 terram,
1292 665 1359 704 eum
1372 647 1525 721 Scriptura
1539 647 1617 704 dicat
1629 665 1653 703 :«
1665 647 1806 722 Numquid
1821 651 1867 708 soli
1879 653 1940 711 haii-

277 749 353 808 quas
367 733 497 809 scripsit,
509 734 564 793 etsi
579 735 702 810 apostoli
722 737 890 811 prescripto
906 755 1028 795 numero
1044 755 1103 794 non
1157 737 1257 793 tabitis
1284 753 1373 810 super
1399 741 1508 792 terram
1532 737 1595 808 (isa.
1613 753 1640 806 v,
1655 735 1701 808 8)‘t
1711 759 1725 786 »
1739 738 1773 792 at
1793 737 1853 794 alibi
1867 743 1940 799 :ale

278 827 443 894 teneantur,
455 825 563 898 quibus
578 825 691 882 dlutum
706 831 750 883 est
761 845 785 882 :r
798 827 841 883 Ite
856 843 907 901 per
922 827 1021 884 orbem
1037 826 1103 883 uni·
1158 824 1360 882 babitantibus
1384 842 1473 898 super
1498 827 1607 881 terram
1623 824 1712 898 (ripae.
1727 843 1786 894 vru,
1803 827 1849 899 13),
1859 851 1871 880 a
1883 833 1941 903 quoi

278 913 1104 989 versum,etpradicatellvangeliumuuiversaecroaturae
1159 913 1368 986 increpationis
1391 917 1435 970 est
1456 913 1578 971 verbum
1602 916 1689 986 atque
1713 913 1858 972 maledicti.
1872 918 1941 992 Cujus

280 1001 379 1073 (diora.
390 1019 449 1073 xvr,
462 1002 517 1072 15).
530 1025 544 1053 a
556 1002 607 1060 Hie
622 1019 690 1078 argo
706 1005 741 1060 ab
756 1004 920 1062 Jerusalem
937 1023 988 1079 per
1002 1005 1104 1060 Orien·
1157 1019 1226 1074 crgo
1240 1007 1322 1058 terra
1336 1001 1489 1058 benedicta
1501 1002 1648 1074 possessio
1663 1003 1724 1058 esti
1739 1003 1797 1060 Noa
1811 1005 1939 1080 istiusque

280 1093 382 1147 temet
396 1088 544 1164 Illyricum
559 1097 587 1149 et
603 1091 717 1151 ltaliam
735 1094 852 1150 Domini
872 1094 1027 1167 pecuniam
1043 1094 1104 1150 dis·
1157 1090 1286 1147 tenebris
1301 1089 1490 1147 absconditur
1504 1096 1533 1146 et
1550 1089 1793 1148 amaritudinibus
1812 1093 1939 1166 impletur:

280 1179 424 1253 pensavit.
440 1181 474 1237 at
489 1197 525 1238 ne
537 1181 605 1255 quis
625 1185 742 1254 putaret
756 1183 832 1256 quod
849 1201 932 1240 suam
950 1184 1103 1249 feneraret,
1158 1180 1208 1235 sod
1223 1178 1304 1236 illius
1319 1196 1383 1252 quas
1399 1178 1464 1234 lluit
1478 1176 1535 1234 mel
1556 1183 1585 1234 et
1608 1177 1662 1246 lac,
1679 1178 1707 1234 id
1731 1183 1784 1248 est,
1799 1179 1870 1237 habet
1887 1199 1941 1255 gra·

279 1267 397 1326 Domini
425 1285 491 1326 esse
518 1267 673 1342 pecuniam
697 1272 860 1328 testabatur
882 1271 983 1327 dicens
1000 1288 1006 1326 :
1021 1294 1035 1321 ι(
1053 1271 1104 1328 His
1158 1270 1229 1325 tiam
1246 1268 1408 1335 suavitatis,
1424 1272 1452 1323 et
1473 1267 1617 1340 fulgorem
1641 1265 1716 1323 lucis
1739 1271 1939 1345 eternellccipc

279 1361 377 1414 autem
395 1357 445 1432 qui
461 1359 648 1417 matrimonio
665 1359 762 1432 juncti
786 1365 864 1430 sunt,
880 1359 1020 1417 denuntio
1046 1377 1103 1416 nou
1158 1356 1254 1414 mullis
1274 1358 1342 1413 boni
1364 1357 1554 1425 suavitatem,
1578 1357 1637 1413 imo
1661 1374 1751 1430 supra
1774 1357 1825 1413 mel
1838 1360 1941 1433 :lingit

278 1463 342 1520 ego,
358 1446 410 1504 sed
433 1447 587 1516 Dominus,
606 1465 725 1506 uxorem
750 1468 766 1506 a
789 1450 851 1506 viro
875 1468 932 1506 non
956 1450 1105 1506 discedere
1162 1447 1244 1502 dulor
1257 1450 1285 1502 et
1300 1445 1426 1518 gemitus
1447 1450 1475 1502 et
1496 1444 1941 1520 tristitia(lsc.xxxv,10),;»quia

278 1536 442 1608 (lconvrr,
468 1538 548 1617 10).»
565 1539 600 1594 Et
623 1537 692 1596 alibi
717 1556 750 1594 :a
771 1540 845 1606 Quid
872 1539 1104 1613 experimontum
1159 1536 1288 1592 suavitas
1316 1536 1415 1607 gratiae
1452 1533 1679 1590 amaritudinem
1708 1533 1835 1592 humana
1858 1536 1940 1610 fragili-

277 1624 408 1696 quroritis
423 1625 487 1697 ejus
502 1626 553 1698 qui
574 1626 604 1682 ia
628 1643 675 1684 me
698 1626 829 1699 loquitur
843 1627 976 1683 Christus
992 1629 1028 1698 (ll
1042 1626 1102 1684 dor.
1161 1624 1228 1681 talis
1244 1623 1387 1680 excludet.
1404 1625 1437 1680 El
1451 1623 1519 1680 alibi
1538 1641 1545 1679 :
1561 1646 1575 1673 ι
1590 1624 1625 1678 Ε)
1639 1623 1748 1679 delebit
1760 1641 1864 1681 omnem
1876 1626 1940 1699 lacq-

277 1730 340 1784 ιιιι,
354 1713 393 1784 3).
406 1735 420 1763 ν
433 1713 565 1785 Denique
581 1715 643 1787 ipse
659 1731 708 1771 rex
732 1716 774 1771 ita
793 1715 875 1784 dixit,
892 1715 921 1770 in
937 1733 995 1788 quo
1010 1715 1105 1789 figura
1159 1731 1238 1770 mum
1255 1714 1290 1769 de
1305 1712 1398 1769 oculis
1420 1729 1537 1780 corum;
1553 1717 1582 1767 et
1606 1729 1687 1768 mors
1702 1729 1758 1769 non
1772 1714 1823 1770 erit
1835 1713 1940 1787 amplius,

277 1804 322 1858 ost
335 1800 453 1857 Domini
470 1819 476 1856 :
492 1820 503 1850 ι
519 1803 656 1875 Oportuit
668 1808 695 1858 te
719 1805 874 1876 pecuniam
900 1821 996 1860 meam
1021 1821 1103 1860 com·
1160 1819 1254 1875 noque
1282 1802 1378 1858 luctus
1401 1803 1490 1872 (Aper.
1505 1819 1564 1870 xxx,
1581 1801 1643 1872 1).»
1657 1800 1762 1875 Accipe
1785 1803 1862 1860 etiam
1880 1803 1940 1860 lactis

279 1889 396 1946 mittere
414 1889 622 1948 nummulariis
646 1891 750 1966 (llottb.
775 1911 840 1964 xxv,
856 1893 912 1965 27).
936 1893 1040 1961 Meam,
1058 1894 1104 1951 iu·
1159 1893 1295 1948 nitorem.
1310 1914 1324 1941 a
1339 1891 1372 1946 at
1396 1907 1453 1946 non
1480 1890 1653 1962 indigebunt
1678 1889 1803 1960 lucerua,
1817 1897 1841 1948 ct
1859 1890 1941 1948 lumine

279 1977 353 2050 quit,
366 1994 424 2035 nen
435 1983 546 2038 tuam«
558 1980 662 2038 Justus
673 1997 741 2056 ergo
757 1983 914 2038 miseretur
928 1986 957 2039 et
971 1982 1103 2038 tribuit.»
1159 1980 1246 2048 solis,
1263 1981 1325 2053 ipse
1340 1979 1418 2035 enim
1442 1979 1585 2035 Dominus
1600 1978 1780 2037 illuminabit
1801 1997 1875 2053 super
1885 1982 1941 2048 illos,

279 2067 432 2134 Quomodo
446 2069 567 2140 tribuat,
582 2069 650 2127 audi
667 2071 812 2145 dicentem
825 2088 832 2126 ι
843 2094 858 2122 «
875 2076 929 2128 Por
942 2089 1044 2128 omnes
1055 2072 1105 2129 lic·
1158 2075 1188 2126 et
1211 2070 1376 2142 regnabunt
1400 2068 1429 2124 in
1454 2067 1561 2125 secula
1584 2067 1770 2126 saeculorum.
1783 2071 1862 2126 amen
1873 2070 1942 2142 [ipae.

279 2154 385 2214 clasiae
398 2156 487 2215 doceo
503 2157 525 2232 (l
540 2157 601 2216 Gor.
616 2175 667 2226 vu,
684 2161 737 2232 17).
752 2182 767 2210 a
778 2192 811 2201 -
822 2183 836 2209 a
848 2165 985 2218 Peccator
1005 2166 1104 2218 autem
1158 2176 1227 2225 nau,
1257 2159 1296 2229 5).
1308 2180 1321 2207 a

279 2248 558 2319 mutuatur,ctnoa
582 2246 705 2304 solvit.»
722 2249 794 2305 Vide
819 2249 937 2306 divitem
962 2255 1102 2306 mutuau·
1194 2249 1238 2302 le.
1255 2247 1306 2303 Est
1320 2246 1407 2303 etiam
1430 2247 1571 2320 mysticus
1581 2247 1699 2317 justus,
1715 2247 1765 2319 qui
1788 2247 1910 2303 miseretur
1921 2251 1945 2302 et

279 2337 352 2404 tem,
378 2338 478 2392 ctnon
504 2335 699 2392 reddentem:
717 2353 875 2410 pauperem
900 2338 1105 2411 accipientem,
1158 2334 1271 2404 tribuit,
1282 2335 1332 2408 qui
1347 2336 1446 2391 omnia
1460 2337 1547 2391 verba
1566 2351 1630 2407 quas
1649 2335 1764 2410 accepit
1777 2354 1793 2393 a
1805 2336 1943 2392 Patrededit

281 2421 354 2479 aaa
371 2425 401 2479 et
414 2423 553 2480 contiuuo
568 2431 817 2497 remunerantem,
829 2443 864 2482 ae
877 2427 988 2484 diutius
1004 2428 1035 2485 in
1050 2445 1105 2484 aere
1159 2424 1289 2495 nobis,et
1303 2428 1488 2498 peccatorum
1504 2428 1675 2480 nostrorum
1691 2425 1774 2482 nobis
1785 2441 1835 2480 ara
1846 2424 1940 2492 dimisit,

279 2510 375 2570 alieno
389 2511 438 2569 sit.
453 2511 519 2568 Haeo
533 2513 665 2570 muralia.
1159 2519 1187 2571 et
1202 2513 1376 2587 sanguinem
1392 2530 1480 2569 suum
1501 2529 1553 2586 pro
1578 2513 1691 2570 nostris
1714 2513 1814 2571 debitis
1827 2514 1906 2581 solvit;
1918 2518 1941 2568 ut

286 2671 289 2678 ἢ
314 2601 360 2658 ll.
375 2598 448 2659 Vide
461 2618 541 2658 nuuc
554 2619 714 2676 pauperem
728 2604 896 2678 mysticum,
913 2606 943 2662 id
958 2611 1013 2677 est,
1030 2607 1104 2665 sim·
1159 2621 1218 2660 noa
1234 2603 1263 2658 in
1280 2603 1377 2659 tenore
1390 2619 1523 2658 essemus
1543 2601 1651 2670 alieno,
1668 2603 1719 2659 sed
1740 2603 1770 2658 in
1792 2620 1838 2660 suo
1851 2619 1894 2658 ere
1905 2602 1940 2657 be

279 2689 386 2765 plicam
411 2694 441 2747 et
461 2690 614 2748 timentem
637 2692 689 2750 Dei
713 2709 830 2763 nomen,
850 2695 1018 2753 audientem
1040 2715 1105 2754 ver·
1160 2710 1217 2749 uus
1231 2693 1356 2748 creditur
1374 2708 1427 2748 nos
1448 2691 1578 2747 haberet.
1594 2691 1647 2746 Est
1670 2696 1700 2748 et
1723 2689 1941 2766 peccatorillequi

280 2779 352 2838 bum
367 2780 403 2836 de
417 2779 560 2850 castitate,
575 2785 604 2837 et
622 2780 799 2853 solventem,
815 2784 982 2844 audientem
998 2787 1034 2843 de
1049 2788 1104 2844 mi·
1159 2782 1345 2855 congregavit
1359 2798 1422 2853 quae
1438 2797 1495 2836 non
1510 2781 1634 2853 peperit,
1646 2786 1675 2838 el
1690 2786 1834 2838 mutuatus
1842 2778 1941 2852 estquod

281 2867 450 2936 sericordia,
461 2871 490 2925 et
503 2868 679 2938 solventem
696 2869 863 2928 audientem
876 2872 912 2928 dc
926 2873 1104 2945 placiditate,
1160 2890 1218 2928 nou
1247 2869 1374 2938 tenebat,
1403 2885 1456 2924 neo
1483 2866 1545 2924 vult
1571 2869 1730 2927 restituere
1757 2870 1829 2943 quod
1851 2868 1941 2940 acepit.

281 2961 311 3014 et
330 2973 388 3014 non
412 2957 606 3016 irascentem:
623 2959 743 3015 divitem
766 2975 833 3016 vero
857 2959 941 3017 illum
966 2979 1105 3036 arrogari·
1159 2961 1235 3017 Audi
1250 2958 1320 3032 quia
1338 2962 1491 3014 mutuatus
1514 2961 1559 3013 est
1582 2957 1721 3015 diabolus
1737 2977 1769 3015 2«
1784 2959 1851 3026 Tibi,
1864 2955 1942 3028 inquit,

280 3049 398 3120 gentem
415 3051 443 3105 et
456 3048 627 3120 superbum,
643 3047 811 3106 audientem
826 3051 955 3123 quidem,
974 3053 1024 3108 sed
1040 3057 1107 3124 post
1161 3050 1236 3106 dabo
1254 3052 1427 3123 potestatem
1451 3046 1526 3102 hauc
1550 3046 1721 3105 universam
1736 3048 1799 3120 (17),
1812 3046 1941 3120 atglorian

279 3151 312 3193 ee
326 3135 505 3208 rejicientem
527 3153 678 3195 sermones
700 3136 766 3206 Dai;
783 3138 950 3195 audientem
975 3140 1010 3196 de
1036 3157 1104 3198 con·
1160 3139 1278 3196 illorum
1293 3137 1373 3210 (quia
1388 3136 1474 3204 ‚mibi
1502 3135 1610 3192 tradita
1637 3140 1720 3204 sunt,
1734 3140 1762 3194 et
1784 3137 1826 3192 cui
1846 3133 1942 3200 voluto

279 3223 466 3282 damnatione
483 3222 616 3295 luxuriae,
633 3228 662 3282 et
675 3225 770 3297 magis
793 3224 1003 3284 luxuriantem.
1018 3229 1105 3287 Deni·
1120 3208 1142 3276 G
1160 3227 1233 3298 illu),
1249 3227 1273 3283 si
1289 3225 1442 3299 procidens
1457 3223 1623 3281 adoraveris
1640 3242 1689 3282 me
1703 3227 1775 3295 (tue.
1790 3243 1824 3294 ιι,
1837 3225 1869 3296 6).
1881 3248 1891 3272 ι
1902 3222 1941 3277 b'e·

279 3327 337 3386 quo
361 3312 489 3370 Ecclesia
512 3311 598 3368 solvit
619 3313 698 3384 quod
723 3313 843 3385 accepit,
867 3319 1020 3390 synagoga
1046 3337 1104 3378 nou
1158 3315 1312 3389 quissime,
1328 3313 1465 3387 accepisti
1490 3313 1526 3369 ad
1541 3313 1746 3384 tentationem,
1762 3331 1815 3370 non
1835 3314 1866 3368 ad
1885 3327 1941 3365 mor·

278 3398 376 3456 solvit.
392 3399 539 3472 Cognosce
558 3399 718 3456 Ecclesiam
738 3400 848 3460 solvere
863 3422 870 3460 ι
883 3427 896 3455 ι
913 3406 979 3478 Tui,
997 3408 1103 3479 inquit,
1158 3410 1233 3473 tem,
1249 3405 1304 3460 hoc
1319 3405 1364 3460 est
1376 3401 1514 3476 accepisti
1534 3405 1565 3456 ut
1584 3402 1782 3474 probarentur
1793 3401 1837 3458 Dei
1848 3395 1940 3462 servuli,

278 3491 371 3545 erant.
388 3486 502 3544 etmihi
521 3503 570 3544 eos
594 3488 711 3559 dedisti,
727 3495 756 3546 et
770 3493 890 3551 verbum
905 3499 989 3551 tuum
1006 3514 1104 3554 serva·
1160 3496 1235 3552 798
1251 3512 1309 3551 non
1323 3498 1355 3549 ut
1379 3491 1650 3564 exstinguerentur;
1681 3490 1813 3565 accepisti
1835 3493 1860 3543 ιι)
1880 3487 1940 3540 Deus

277 3579 383 3634 verunt
396 3577 486 3649 (loun.
506 3594 576 3648 nvn,
591 3577 630 3650 6).
644 3599 659 3628 a
675 3579 710 3636 lit
733 3579 803 3637 alibi
821 3599 827 3637 ε
843 3602 854 3632 ι
872 3583 936 3656 lpse
959 3585 1037 3642 enim
1053 3586 1104 3644 Pu·
1158 3586 1339 3651 adoraretur,
1355 3599 1413 3638 non
1443 3584 1475 3636 ut
1503 3582 1676 3652 negaretur,
1703 3577 1831 3652 accepisti
1849 3571 1942 3632 sacula-

277 3670 323 3724 ter
336 3664 432 3740 diligit
445 3683 508 3735 vos,
522 3667 593 3739 quia
604 3683 654 3724 vos
665 3685 712 3725 me
727 3668 848 3743 diligitis
859 3671 947 3744 (locu.
959 3691 1016 3742 xvr,
1028 3678 1103 3744 27).»
1158 3675 1280 3744 ria,cur
1303 3671 1392 3745 eripis
1421 3687 1483 3742 qua
1512 3672 1620 3724 eterna
1649 3668 1738 3725 sunit
1765 3664 1940 3739 acecpisliquc

278 3753 417 3812 Reddidit
430 3770 499 3828 ergo
523 3754 654 3814 Ecclesia
680 3773 769 3831 quam
797 3759 909 3833 accepit
936 3779 953 3818 a
979 3763 1104 3823 Domino
1158 3763 1260 3820 mundi
1275 3767 1355 3828 suut,
1372 3776 1424 3815 eur
1440 3757 1483 3814 vis
1499 3758 1613 3813 auferre
1635 3775 1701 3830 que
1715 3756 1817 3813 Christi
1829 3749 1941 3810 suntilia

277 3842 433 3916 pecuniam
457 3843 619 3914 charitatis,
635 3847 686 3902 sed
706 3850 858 3921 synagoga
882 3867 940 3906 uon
965 3852 1101 3910 reddidit.
1157 3853 1208 3909 illa
1222 3851 1268 3908 oui
1296 3850 1350 3917 vis,
1366 3865 1426 3904 nou
1453 3846 1623 3902 invidimus.
1641 3846 1702 3902 Cur
1729 3844 1872 3902 nobisatc
1893 3853 1940 3910 que

277 3931 404 4007 Ideoque
418 3932 456 3990 de
467 3931 576 3990 Judeis
600 3933 710 3991 dicitur
725 3951 758 3992 :a
774 3936 805 3992 Si
822 3953 879 3996 uon
903 3939 1060 4009 venissem,
1076 3951 1103 3999 et
1157 3959 1210 3998 nos
1225 3940 1372 4006 volumus,
1388 3934 1575 3991 invidentur?
1590 3935 1635 3990 Tu
1652 3935 1766 3992 adorari
1781 3932 1829 4001 vis,
1843 3929 1884 4001 qui
1895 3941 1940 3982 om·

276 4019 393 4079 locutus
405 4038 464 4079 aon
479 4021 601 4080 fuissem
621 4022 678 4092 his,
693 4029 846 4096 peceatum
862 4043 919 4082 non
936 4028 1101 4087 haberent:
1156 4029 1245 4086 nibus
1260 4026 1392 4100 aequior,
1412 4024 1477 4097 ipsa
1491 4039 1609 4097 quoquo
1628 4022 1771 4098 indignus
1783 4039 1812 4079 es
1825 4016 1940 4077 servitute·

276 4125 356 4178 auno
371 4113 470 4168 autom
493 4109 710 4168 excusationem
728 4129 786 4171 non
802 4113 910 4170 hubent
924 4117 960 4172 de
983 4123 1102 4190 peccato
1192 4120 1235 4174 lt.
1253 4116 1345 4188 (Vera.
1369 4115 1454 4184 23.)ι
1477 4113 1500 4168 Α
1525 4111 1647 4168 Domino
1669 4128 1787 4185 gressus
1808 4107 1854 4164 viri
1873 4100 1940 4160 curri·

275 4214 330 4256 suo
344 4199 432 4272 (icoc.
448 4215 495 4267 xv,
510 4200 600 4271 22);»
616 4199 686 4272 quia
700 4201 857 4258 audierunt
871 4205 983 4277 utique,
998 4211 1028 4262 et
1042 4225 1101 4266 nun
1155 4211 1262 4281 geutur
1289 4204 1357 4277 (18).
1381 4227 1394 4252 υ
1424 4201 1541 4258 Gnaeus
1569 4210 1711 4273 tutatum
1737 4200 1816 4267 dixit,
1840 4196 1883 4252 boe
1908 4189 1941 4246 el

276 4286 473 4345 erediderunt.
489 4288 650 4346 Probatum
663 4294 790 4363 asterga
805 4291 875 4364 quia
889 4296 1015 4352 mutuati
1030 4302 1101 4354 sunt
1154 4295 1308 4353 transitus.
1328 4293 1362 4348 itt
1384 4291 1449 4348 ideo
1473 4289 1580 4346 dicitur
1602 4290 1657 4345 tibi
1673 4309 1706 4347 :a
1718 4289 1748 4346 Si
1772 4293 1883 4343 transeas
1900 4291 1940 4348 per

274 4379 452 4448 peccatores,
467 4380 496 4434 et
510 4394 568 4435 nou
587 4377 745 4436 solverunt.
761 4380 897 4438 Peccator
923 4383 1012 4456 igitur
1035 4393 1101 4459 eget
1153 4401 1273 4458 aquam,
1284 4380 1408 4438 llumina
1422 4385 1451 4436 te
1470 4395 1528 4435 nou
1549 4367 1939 4451 concludeutllso.xm1,2)·¹·

275 4477 414 4536 semper:
431 4465 532 4534 iustus
553 4472 652 4525 autem
678 4468 809 4525 abundat
831 4474 860 4526 et
883 4471 997 4540 tribuit,
1013 4476 1098 4547 eujus
1153 4473 1258 4531 Transi
1270 4487 1350 4544 ergo,
1363 4467 1423 4526 noli
1442 4483 1558 4524 cessare
1573 4485 1581 4524 :
1597 4467 1675 4524 sicut
1689 4469 1783 4524 bonus
1802 4463 1939 4520 viatorum

275 4551 357 4608 dives
371 4555 416 4608 est
435 4553 623 4612 conscientia.
639 4555 764 4630 ideoque
786 4557 881 4614 iudai
896 4559 925 4614 in
940 4560 1002 4618 suis
1027 4562 1100 4619 divi·
1114 4575 1140 4640 p
1156 4563 1269 4622 venerit
1283 4560 1319 4616 ad
1334 4557 1453 4631 aliquod
1467 4557 1518 4612 via
1535 4556 1653 4631 signum
1668 4557 1736 4629 (19),
1750 4569 1806 4612 nou
1826 4551 1885 4614 stat,
1902 4537 1938 4596 sid

275 4640 326 4698 tiis
354 4645 499 4714 eguerunt
521 4660 553 4698 :a
570 4643 678 4702 Diuites
706 4651 850 4719 eguerunt
879 4651 908 4704 et
934 4651 1101 4709 esurierunt
1154 4649 1326 4728 pertransit,
1341 4652 1371 4704 et
1384 4651 1417 4703 tu
1440 4645 1586 4716 invises,
1602 4646 1734 4718 quandiu
1757 4643 1785 4700 in
1807 4640 1856 4696 boc
1874 4643 1938 4689 cuna

275 4729 363 4803 (Prot.
373 4746 475 4803 mxu,
486 4730 542 4804 ll),
556 4753 570 4784 u
580 4730 738 4790 Christiani
752 4737 850 4792 autam
866 4737 897 4793 in
907 4738 1015 4795 divitiis
1030 4740 1101 4798 sim·
1153 4758 1185 4798 es
1201 4739 1389 4797 constitutus.
1407 4733 1514 4790 Paulus
1538 4734 1563 4791 si
1586 4733 1728 4802 stetisset,
1745 4743 1855 4787 cursum
1875 4729 1939 4777 suum

273 4817 415 4893 plicitatis
430 4836 490 4878 sua
505 4836 563 4878 non
578 4821 755 4879 defecerunt.
1153 4847 1212 4886 non
1237 4827 1483 4885 cousummasset.
1500 4822 1573 4880 Vide
1596 4840 1632 4879 ne
1658 4823 1724 4879 ideo
1747 4812 1939 4906 ι1ἰοιῐιιι1ἶ).111

309 4909 354 4965 45.
366 4905 460 4982 (Vere.
475 4911 533 4982 22.)
544 4910 643 4968 Bonus
667 4927 735 4984 ergo
746 4913 865 4983 justus3
880 4920 909 4972 et
931 4915 995 4973 ideo
1018 4919 1101 4976 addit
1153 4919 1204 4991 qui
1219 4922 1291 4984 stus,
1307 4915 1372 4970 vide
1397 4929 1434 4969 ne
1457 4910 1580 4982 cadas(l
1594 4912 1655 4968 Cor.
1671 4928 1699 4980 x,
1717 4910 1768 4981 12).
1782 4930 1792 4956 ι
1806 4905 1860 4961 Non
1879 4908 1938 4991 euim

273 4997 426 5072 Sotillium
441 5015 465 5055 ²«
481 4999 623 5066 Quonim
646 4999 850 5058 benedivenies
873 5019 951 5074 eum,
968 5009 1099 5078 posside·
1152 5007 1204 5082 qui
1225 5004 1370 5072 transivit,
1394 5005 1491 5076 potest
1512 5000 1614 5058 timere
1636 5017 1674 5057 ne
1697 4999 1813 5056 cadat«
1826 4988 1890 5054 vidi,
1906 4998 1938 5036 ¹¹¹·

309 5141 366 5224 (17)
379 5141 422 5198 lta
433 5141 503 5198 edit.
515 5159 628 5212 ornnes,
641 5146 668 5199 et
679 5159 750 5199 mss.
762 5146 899 5216 quatuor,
910 5145 1019 5217 quibus
1033 5153 1098 5206 tum
1153 5162 1246 5224 perus,
1282 5165 1325 5204 ue
1340 5145 1475 5202 videlicet
1489 5143 1584 5199 iudice
1599 5142 1712 5199 demon
1727 5133 1889 5224 nauriebat·

272 5211 391 5268 divinus
406 5215 514 5282 textus,
530 5219 593 5271 tum
611 5213 785 5272 Ambrosius
806 5215 869 5342 ippe
884 5215 935 5273 lib.
952 5234 961 5272 1
977 5219 1014 5274 lie
1029 5220 1097 5276 Cain
1187 5224 1243 5306 (lss)
1259 5166 1343 5303 Dum.
1360 5216 1443 5300 edit,
1457 5218 1477 5272 Α
1492 5217 1606 5272 Douriuo
1625 5226 1801 5298 pressatum
1812 5204 1938 5328 dmm

272 5289 298 5337 et
324 5283 478 5410 Aieiflcap.
493 5287 521 5354 5,
545 5302 627 5342 num.
654 5287 697 5352 17,
726 5291 755 5342 et
782 5285 820 5342 alx
843 5301 862 5354 ι,
887 5288 1096 5362 suffragantur,
1150 5300 1338 5362 elusamque
1356 5293 1455 5360 captet·
1472 5285 1583 5343 Gratata
1605 5303 1660 5342 vm
1684 5285 1840 5353 timim·

273 5351 371 5408 locum
407 5371 464 5412 unc
488 5355 598 5414 eisdem
612 5358 709 5413 verbis
724 5357 902 5414 exhibentes.
919 5359 974 5415 Alii
999 5367 1097 5422 tamen
1153 5367 1261 5425 arecas
1276 5370 1423 5432 campora.
1438 5361 1494 5415 01⁰·
1510 5358 1581 5416 Aliae
1604 5375 1636 5416 8⁰
1660 5373 1732 5413 mee·
1748 5347 1888 5419 0111118311Ιὶ
1899 5347 1936 5392 ¹¹⁰³

274 5426 399 5494 quatuor
421 5442 494 5483 mss.
539 5433 586 5484 ost
607 5445 706 5486 vooem
729 5431 891 5501 potestatem
913 5429 994 5500 tuuc,
1018 5433 1096 5491 inse·
1151 5439 1182 5495 iu
1197 5441 1289 5493 textu.
1820 5491 1826 5500 .
1868 5484 1874 5496 .
1917 5475 1922 5484 ι

274 5497 497 5578 auctomento
515 5445 575 5556 Daca
587 5514 688 5569 ecqua·
708 5516 764 5556 non
781 5499 838 5556 alia
851 5517 922 5558 sane
936 5502 972 5558 de
995 5520 1095 5575 causa,
1187 5509 1243 5580 (19)
1259 5506 1290 5563 ld
1304 5507 1359 5572 est,
1376 5502 1544 5560 columnam
1563 5503 1599 5559 ad
1621 5497 1790 5556 indicandas
1802 5479 1933 5548 narrabi-

274 5579 332 5619 nrsr
347 5567 432 5646 utUsrt
467 5583 503 5648 uo
526 5570 709 5650 reparatura
732 5571 855 5628 iliorum.
870 5573 958 5648 Atqui
984 5575 1098 5649 ellipsis
1150 5581 1205 5637 viis
1227 5583 1278 5636 aut
1304 5576 1398 5634 triviis
1421 5579 1558 5646 erectam,
1581 5571 1624 5634 vel
1639 5579 1738 5648 appear
1751 5576 1829 5641 tepor,
1843 5559 1873 5616 ‘¹⁰
1890 5560 1934 5626 ‘1¹¹⁰

273 5637 320 5716 pst
343 5632 394 5692 uba
416 5650 461 5714 sp·
475 5637 648 5712 intelligitur
669 5651 698 5702 τι
719 5645 902 5718 sepultorum,
922 5643 1017 5706 Graue
1031 5672 1096 5726 χρη.
1151 5652 1235 5714 Ριοι.
1250 5665 1328 5718 xxva
1341 5648 1369 5707 8·
