4159 6184
218 300 256 373 er
889 308 981 380 rire
1006 308 1249 384 ausaausa
1880 310 1932 403 aa„

216 442 317 501 vinum
329 460 438 501 numen
454 442 674 518 propitiaretur.'
693 444 774 501 'func
798 449 918 501 sanctus
939 447 1038 500 noster
1054 446 1080 513 Α
1095 445 1276 520 argumentis
1299 446 1474 521 respondere
1497 446 1807 511 nuessumhaherst.
1827 447 1920 525 Prop-

217 533 306 589 aliam
321 534 481 590 orationem
494 536 660 600 instituens,
678 534 892 591 admittendum
914 531 1043 589 ostendit
1096 541 1174 592 terea
1189 540 1363 611 priusquam
1379 538 1518 598 scriberet
1541 541 1578 597 Oe
1599 539 1710 611 Spiritu
1734 544 1837 613 screto,
1859 556 1921 599 me·

217 638 283 679 esse
299 624 446 694 solatium,
464 642 515 681 nec
531 629 653 680 mortem
671 624 902 696 propinquorum
924 626 975 679 eut
999 623 1040 677 fa·
1097 627 1344 683 moratisduohus
1359 627 1441 684 libris
1456 630 1493 685 De
1507 629 1559 700 fide
1573 636 1632 686 tres
1652 629 1726 687 alios
1746 629 1921 687 adderosibi

217 711 377 767 miliarium
393 720 559 769 nostrorum
571 714 727 769 immodice
737 713 906 784 lugendam;
924 711 1042 783 quando
1097 716 1249 787 proposuit
1263 720 1324 773 tarn
1339 724 1405 786 apte
1419 719 1607 790 compositos,
1622 724 1656 775 ut
1669 735 1771 776 omnes
1786 718 1876 775 simul
1892 722 1922 776 in

219 800 390 857 hominihus
406 802 543 856 onrnibus
558 801 608 855 ills
623 802 789 857 communis
801 806 855 867 est,
872 806 900 855 et
915 800 978 855 sine
991 798 1045 854 illa
1097 820 1190 859 unum
1214 822 1288 875 opus
1309 806 1512 864 coalescerent.
1536 807 1608 862 Tam
1631 824 1768 880 prospere
1789 808 1878 864 cessit
1895 808 1921 868 ei

219 890 282 946 erui
298 906 332 945 ex
346 889 410 945 vitre
425 890 515 960 hujus
530 890 757 959 calamitatibus,
773 894 861 961 atque
876 890 911 945 ad
928 888 1042 944 felicem
1097 892 1250 949 eonsilium
1268 894 1390 965 (Admau.
1406 897 1436 950 iu
1452 895 1500 950 lili.
1516 899 1552 952 De
1566 895 1639 968 fide),
1662 901 1694 953 ut
1709 896 1759 969 qui
1784 913 1843 953 non
1859 913 1923 953 om·

219 980 463 1036 resurrectionem
480 979 607 1051 bonique
623 979 728 1035 infiniti
746 979 959 1051 possessionem
977 994 1041 1049 per·
1097 980 1166 1036 nino
1181 982 1211 1037 in
1227 983 1348 1054 perfidia
1363 983 1568 1040 induruissent
1591 990 1803 1054 revocarentur,
1830 985 1925 1045 animi

218 1068 317 1127 venire
332 1068 441 1125 nemini
456 1066 531 1124 licet.
547 1071 625 1124 ldom
649 1068 781 1136 antistes,
807 1068 832 1124 si
849 1083 907 1139 qua
921 1066 1043 1122 debetur
1096 1076 1271 1142 pacarentur
1291 1072 1513 1145 catholicorum,
1537 1077 1566 1129 et
1588 1074 1745 1131 Gratianus
1764 1073 1806 1131 eis
1829 1073 1923 1131 eccle·

219 1158 293 1214 fides
308 1159 451 1231 Dungalo,
468 1157 633 1230 composuit
644 1158 774 1230 germani
786 1156 831 1213 sui
847 1156 1042 1229 epitaphium,
1096 1158 1171 1216 siam
1187 1177 1276 1216 unam
1292 1160 1372 1216 reddi
1385 1162 1512 1233 juberet,
1534 1178 1623 1235 qnam
1646 1162 1825 1235 sequestrari
1838 1161 1922 1219 Aria-

219 1252 249 1303 et
264 1248 327 1318 ejus
343 1248 457 1304 tumulo
471 1247 695 1320 insculpendum
709 1244 829 1302 curavit.
839 1246 981 1301 Getarum
996 1242 1040 1299 in·
1097 1264 1202 1304 norum
1217 1266 1317 1321 preces
1330 1249 1470 1322 improbae
1485 1251 1521 1307 ab
1537 1248 1587 1307 illo
1600 1254 1792 1307 extorserant.

218 1339 350 1394 terduos
374 1337 447 1394 alios
472 1339 576 1393 fratres
599 1353 751 1409 nunquam
776 1339 890 1408 reperta
915 1338 960 1391 ost
983 1351 1040 1390 non
1132 1339 1175 1393 42.
1192 1336 1253 1394 Sub
1281 1338 1397 1394 initium
1422 1340 1657 1412 Ouedragesime
1679 1339 1748 1397 anni
1769 1340 1923 1413 presentis

218 1430 315 1485 solnm
337 1426 502 1482 animorum
529 1430 611 1481 tanta
630 1426 793 1492 consensio,
822 1440 923 1481 verum
953 1423 1040 1499 etiam
1095 1427 1924 1502 AmbrosiusadConstantiumepiscopelieonsecretioue

218 1532 361 1589 corporea
377 1514 596 1571 constitutionis
620 1531 652 1570 cc
676 1513 780 1570 frontis
804 1527 920 1585 quoque
936 1510 1042 1567 simili·
1096 1531 1154 1571 non
1171 1518 1284 1586 pridem
1296 1516 1507 1589 inauguratum
1528 1518 1608 1573 dedit
1626 1516 1793 1589 epistolam,
1812 1535 1871 1591 qua
1886 1520 1923 1579 de

216 1606 308 1661 tudo:
325 1604 511 1677 contingebat
526 1604 604 1659 enim
621 1620 697 1674 supe
722 1602 828 1673 sepius
852 1601 930 1671 (itit.
958 1616 1040 1669 num,
1096 1605 1200 1659 otttciis
1215 1606 1430 1678 episcoporum,
1446 1606 1542 1678 deque
1561 1605 1694 1679 ipsorum
1709 1606 1842 1664 doctriua
1856 1608 1924 1667 fuse

216 1694 273 1764 36),
291 1698 324 1748 ut
338 1693 429 1748 altero
454 1696 612 1764 egrotante
636 1692 709 1747 alter
731 1693 895 1763 egrotaret,
920 1704 1042 1743 rursus·
1096 1692 1238 1765 disputat.
1255 1694 1297 1749 lhi
1313 1700 1410 1749 autem
1426 1694 1487 1751 hec
1502 1694 1545 1750 illi
1560 1694 1829 1753 scribitinteralia:
1846 1698 1924 1755 Corra·

217 1796 273 1852 que
288 1780 506 1837 convalescente
522 1779 791 1847 convalescer·et;et
805 1776 937 1850 plerique
952 1777 1040 1831 etiam
1095 1782 1192 1838 morde
1221 1784 1441 1855 ecclesiamque
1461 1791 1501 1839 ast
1522 1783 1557 1839 od
1583 1785 1684 1840 Forum
1712 1784 1842 1853 Cornelii,
1867 1802 1922 1859 quo

217 1867 299 1925 alteri
315 1886 346 1926 se
365 1868 446 1941 loqui
468 1869 679 1936 existimarent,
705 1884 772 1923 oum
797 1872 894 1923 tamen
914 1865 1039 1921 alterum
1095 1886 1157 1925 enm
1180 1870 1213 1926 de
1234 1874 1360 1943 proximo
1384 1874 1531 1928 intercisos
1560 1874 1740 1946 frequentius.
1769 1872 1922 1947 Occupotae

216 1959 443 2032 alloquerentur.
1094 1958 1192 2015 dietate
1212 1961 1402 2031 ingruentibus
1429 1960 1659 2034 Quadrupesime,
1681 1966 1741 2017 tom
1761 1962 1840 2036 longe
1863 1978 1921 2019 noa

251 2050 295 2106 38.
312 2050 376 2123 (Aa.
392 2050 466 2121 379.)
481 2050 522 2105 Ex
535 2048 656 2103 hiberna
670 2046 763 2119 Satyri
779 2046 956 2118 profectione
971 2064 1040 2103 con·
1093 2064 1206 2121 possum
1227 2065 1382 2106 emurrerc.
1409 2050 1495 2109 Habes
1519 2050 1580 2108 illic
1602 2051 1712 2123 illyrios
1740 2050 1773 2107 dc
1795 2052 1922 2124 improbo

211 2140 357 2212 lecturam
373 2138 456 2195 valde
471 2137 649 2210 probabilem
666 2137 771 2191 ducere
787 2136 855 2192 licet
869 2136 967 2207 ipsum
981 2153 1039 2191 non
1094 2138 1218 2194 doctrino
1240 2130 1418 2207 Actaeorum,
1442 2154 1507 2195 caue
1529 2156 1623 2196 comm
1646 2140 1791 2195 cisonio...
1814 2139 1920 2198 Adum-

215 2228 273 2286 nisi
293 2229 347 2285 hoc
363 2245 439 2283 anno
454 2227 562 2282 abiisse
587 2226 621 2281 ad
648 2242 780 2297 superos,
808 2241 861 2280 neo
876 2241 933 2280 non
954 2225 1038 2280 fune·
1093 2229 1154 2282 tent
1177 2229 1225 2298 qui
1248 2232 1358 2299 propter
1384 2243 1464 2283 suom
1487 2228 1635 2300 perfidiam
1649 2226 1847 2285 occiderftriti
1858 2229 1918 2301 (ln-

215 2320 282 2375 bras
296 2320 360 2389 ejus
375 2316 526 2373 Orationes
541 2316 656 2371 habitae
674 2331 748 2371 esse.
774 2314 916 2370 llumdem
940 2318 1037 2370 autem
1093 2314 1191 2388 tellige
1204 2315 1334 2373 Valentis
1349 2316 1493 2388 exitium),
1514 2319 1662 2389 quiescant,
1691 2317 1920 2389 etueromfidem

215 2412 383 2465 sanctorum
400 2404 465 2461 albo
479 2405 630 2477 inscripsit
644 2404 781 2470 Ecclesia,
804 2404 890 2474 cujus
911 2402 1038 2459 natalem
1092 2408 1243 2475 sequuntur
1255 2406 1352 2477 (epist.
1362 2405 1400 2477 2).

214 2497 365 2553 renuntiat
376 2512 422 2551 xiv
438 2494 500 2549 liat.
513 2494 624 2549 mensis
640 2492 782 2548 Octobris.
1128 2493 1173 2547 43.
1189 2492 1230 2548 De
1244 2493 1349 2549 iisdem
1374 2492 1432 2553 illis
1454 2492 1751 2566 calamitatibusque
1766 2494 1801 2551 ad
1816 2494 1918 2552 mete-

248 2586 292 2641 39.
311 2586 369 2640 Hoc
381 2584 444 2655 ipso
460 2600 536 2638 anno
550 2582 707 2639 Gratianus
722 2582 828 2649 Cesar,
853 2580 888 2635 de
904 2579 1037 2636 cladibus
1093 2581 1167 2636 siam
1183 2586 1270 2654 atque
1284 2582 1442 2654 imperium
1455 2582 1615 2639 exinteritu
1631 2581 1756 2639 infelicis
1772 2582 1851 2639 illius
1862 2584 1918 2641 im·

214 2667 297 2746 queis
313 2673 349 2728 ob
366 2673 511 2727 funestam
528 2670 659 2726 Valentis
685 2686 784 2725 necem
812 2670 948 2724 Romane
970 2686 1036 2740 pro·
1092 2670 1236 2741 peratoris
1251 2671 1373 2738 rediere,
1388 2672 1522 2743 queritur
1536 2675 1657 2729 sanctus
1670 2671 1771 2745 presul
1786 2671 1917 2729 etiomin

212 2763 314 2821 vinciae
329 2761 544 2827 lacerabantur,
560 2758 752 2815 resarciendis
774 2757 932 2813 admodum
957 2756 1036 2812 solli·
1092 2757 1167 2815 libro
1182 2759 1220 2815 De
1233 2759 1287 2815 Noc
1301 2764 1328 2815 et
1342 2762 1411 2815 Areo
1425 2760 1462 2832 (c.
1479 2762 1505 2826 1,
1521 2778 1550 2816 n.
1566 2760 1593 2827 3,
1609 2769 1636 2819 et
1654 2760 1767 2817 Admau.
1790 2762 1821 2815 in
1842 2760 1919 2819 hunc

213 2852 300 2917 citus,
326 2850 525 2906 Theodosium
549 2847 663 2919 imperii
688 2853 853 2903 consortem
878 2845 955 2901 fecit.
979 2845 1036 2901 Hac
1092 2848 1154 2920 tit.)
1169 2848 1204 2903 Et
1217 2865 1251 2903 ex
1277 2847 1331 2904 hoo
1356 2848 1615 2922 superioribusque
1635 2849 1754 2922 scriptis
1769 2850 1919 2923 cognosci·

214 2940 370 3012 adoptione
391 2956 449 3010 qua
473 2937 621 2993 salubrius
642 2934 757 3008 imperii
772 2934 861 2991 saluti
886 2933 958 2990 nihil
975 2933 1036 2989 frcri
1093 2954 1159 2992 mus
1174 2938 1309 2992 eumdem
1324 2936 1433 2994 librum
1457 2938 1526 2995 huic
1550 2938 1606 3009 ipsi
1623 2955 1703 2994 ,anuo
1725 2938 1916 2995 tribuendum

214 3029 319 3101 potuit,
342 3025 467 3083 Orientis
491 3026 651 3098 provincio,
677 3025 785 3095 quibus
806 3022 927 3095 insuper
942 3038 1037 3077 acces·
1091 3026 1346 3092 esse‚acsedulum
1362 3026 1509 3085 doctorem
1525 3026 1682 3084 indefessis
1695 3026 1916 3083 laboribustum

214 3121 317 3173 serunt
331 3116 497 3171 Macedonia
514 3118 601 3185 atque
621 3113 741 3179 Graecia,
767 3110 930 3167 'theodosio
954 3111 1035 3166 attri-
1092 3114 1915 3181 adhibendaeorthodoxorummiseriisconsolationi,tu1n

213 3206 289 3263 bute
307 3204 668 3272 suntGratianijndicium
684 3201 868 3273 Augustinus
891 3198 952 3269 (lib.
968 3216 985 3253 v
1000 3200 1036 3255 Oe
1052 3179 1073 3245 C
1091 3202 1271 3275 depellendis
1295 3203 1538 3261 heterodoxorum
1560 3202 1709 3261 erroribus
1723 3202 1913 3271 incubuisse;

211 3298 264 3353 αὐ.
283 3297 342 3361 Oet,
358 3310 421 3365 cap.
437 3294 483 3365 25)
503 3292 610 3365 aliique
635 3291 791 3362 scriptores
811 3289 944 3361 impense
967 3287 1030 3343 lau·
1090 3292 1149 3347 imo
1163 3308 1230 3349 vero
1245 3293 1355 3349 ludaeis
1370 3292 1443 3365 ipsis
1459 3293 1495 3349 ad
1510 3291 1670 3348 Ecclesiam
1691 3290 1912 3366 compellendis,

212 3386 300 3442 dant:
317 3384 368 3440 sed
382 3382 480 3438 nullus
495 3381 628 3437 omnium
644 3396 677 3435 eo
689 3380 783 3451 magis
795 3377 955 3434 delectatus
979 3382 1033 3445 est,
1089 3381 1140 3437 sed
1156 3382 1186 3436 in
1202 3381 1249 3437 his
1263 3397 1382 3454 operam
1397 3398 1483 3437 suam
1499 3386 1616 3454 propter
1635 3397 1736 3437 eorum
1758 3384 1914 3439 contuma-

211 3490 299 3546 quam
315 3470 618 3542 Ambrosios3quippe
631 3467 720 3539 quiet
736 3466 905 3523 Gratianum
918 3482 1034 3523 summe
1089 3468 1164 3526 ciam
1180 3471 1328 3526 incassum
1346 3469 1484 3528 recidisse
1499 3469 1601 3526 dolens
1615 3473 1749 3526 testatur.

210 3562 352 3635 diligeret,
369 3565 397 3617 et
411 3560 610 3616 'theodosium
626 3560 745 3630 propter
760 3554 880 3611 eximias
897 3556 961 3626 ejus
975 3554 1032 3609 vir·
1124 3559 1167 3613 44.
1185 3559 1248 3630 (An.
1273 3558 1348 3631 380.)
1372 3556 1460 3627 Felix,
1485 3557 1672 3614 Gomensium
1694 3558 1808 3632 primus
1832 3557 1911 3631 epis·

208 3655 286 3708 tutes
300 3651 428 3707 maximo
443 3648 562 3705 haberet
577 3648 607 3701 in
623 3662 754 3701 numero.
1087 3662 1189 3720 copus,
1205 3646 1241 3703 ah
1256 3646 1410 3703 Ambrosio
1425 3651 1524 3704 nostro
1536 3646 1913 3719 susceperatmanuumim·

243 3742 286 3795 40.
317 3740 476 3811 Postquam
504 3735 686 3792 Theodosius
715 3732 842 3790 Orientis
873 3733 1032 3804 imperator
1086 3734 1280 3808 positionem,
1306 3740 1393 3808 atquc
1415 3736 1486 3792 adeo
1517 3735 1817 3803 mirumnonfuerit,
1833 3734 1913 3807 quod

206 3828 372 3885 declaratus
387 3832 440 3894 est,
458 3826 535 3898 quod
552 3830 702 3896 peractum
719 3820 819 3878 Sirmii
835 3836 881 3877 xiv
901 3820 962 3877 Kal.
980 3822 1030 3877 lte·
1086 3824 1162 3879 inter
1177 3823 1242 3879 illos
1255 3828 1370 3880 tantum
1389 3824 1597 3881 familiaritatis
1621 3822 1828 3881 intercesserit.
1844 3821 1914 3895 Opi-

205 3917 339 3974 bruarias
353 3918 477 3987 hujusce
493 3915 580 3981 anni;
597 3912 754 3969 Gratianus
769 3910 799 3965 in
814 3908 967 3975 Galliasut
982 3926 1030 3966 aas
1086 3912 1193 3968 stolam
1209 3930 1266 3984 qua
1281 3916 1402 3968 sanctus
1427 3918 1527 3971 noster
1548 3916 1675 3985 accepta·
1692 3912 1729 3968 ab
1751 3909 1801 3967 illo
1815 3911 1916 3969 tutem

206 4008 451 4065 aGermanorum
475 4000 716 4075 populationibus
741 3999 917 4065 defenderet,
941 4000 1028 4056 venit.
1084 4003 1165 4058 mirre
1180 4001 1379 4071 magnitudine
1393 4001 1490 4073 (epist.
1514 4002 1542 4073 3)
1566 4001 1662 4073 lepide
1687 4006 1775 4073 atque
1800 4001 1916 4057 urbane

206 4095 237 4150 ln
267 4096 331 4167 ipso
361 4094 466 4148 itinere
495 4090 618 4146 antistiti
652 4093 752 4143 nostro
781 4087 1027 4144 officiosissimam
1084 4086 1915 4161 laudat,hocipsoonno,siquidddeiUghellohaben-

205 4184 323 4257 scripsit
338 4179 505 4256 epistolam,
521 4194 579 4251 qua
595 4178 691 4250 ipsum
719 4181 751 4231 ut
773 4192 804 4231 se
818 4176 965 4245 inviseret,
978 4176 1029 4233 ite·
1084 4176 1156 4231 dom
1172 4181 1217 4231 est
1233 4178 1306 4247 (ltol.
1327 4192 1417 4245 acero,
1433 4181 1504 4233 tom.
1528 4178 1575 4249 ll),
1600 4176 1742 4250 scriptam
1766 4177 1913 4235 dicemus.

203 4289 329 4345 rumque
353 4270 465 4343 primos
489 4269 562 4324 duos
585 4267 676 4323 libros
700 4268 736 4322 lle
759 4266 811 4335 ficte
832 4265 885 4321 sibi
903 4267 1029 4323 traderet
1083 4264 1192 4319 Eadem
1208 4269 1306 4319 autem
1323 4264 1352 4318 in
1374 4265 1498 4337 epistola
1519 4282 1586 4321 cum
1603 4265 1766 4338 peramicas
1780 4264 1857 4337 quod
1873 4266 1913 4323 ad

203 4362 292 4433 (epist.
310 4361 345 4416 od
359 4358 463 4425 Arata,
481 4360 551 4414 tom.
569 4358 604 4423 Il,
625 4373 691 4430 pag.
716 4354 791 4424 751),
815 4355 1026 4423 obstctabatur‚
1083 4366 1114 4407 so
1131 4351 1207 4409 Felix
1221 4353 1353 4407 nondum
1368 4355 1506 4422 venisset,
1525 4353 1658 4427 querelas
1674 4354 1849 4411 Ambrosius
1864 4353 1912 4410 in-

203 4465 236 4505 ac
251 4448 339 4505 simul
355 4448 460 4504 iisdem
476 4447 613 4519 adjiceret
635 4446 673 4501 fle
693 4447 791 4517 spiritu
806 4452 898 4500 sancto
919 4444 1027 4515 fidetem
1082 4441 1233 4509 seruisset,
1250 4440 1299 4497 ille
1311 4441 1389 4498 datis
1403 4441 1513 4500 litteris
1528 4443 1606 4515 apud
1630 4460 1698 4499 eum
1714 4458 1779 4499 sese
1793 4457 1916 4500 monsa-

201 4537 423 4608 disputationem,
439 4553 501 4608 que
518 4535 698 4592 divinitatem
714 4534 778 4605 ejus
801 4535 1026 4591 demonstraret.
1042 4548 1066 4612 Β
1082 4530 1131 4599 vit,
1148 4530 1403 4602 ambrosius‚cum
1420 4531 1475 4589 sibi
1489 4532 1602 4589 reddita
1610 4537 1655 4589 est
1669 4533 1730 4589 hac
1744 4531 1914 4605 responsio,

199 4626 245 4680 Ad
258 4626 318 4681 heac
333 4626 484 4697 rescripsit
507 4624 681 4680 Ambrosius
709 4628 816 4688 noster,
843 4638 933 4693 seque
948 4624 1027 4694 quod
1083 4618 1252 4676 infirmitate
1267 4621 1464 4688 detinebatur,
1480 4626 1591 4677 etcum
1607 4620 1747 4678 Bassiano
1763 4619 1915 4677 Laudensi

197 4704 261 4771 tam'
274 4715 330 4771 cito
346 4732 412 4772 eum
429 4715 582 4769 convenire
599 4730 656 4767 non
673 4718 783 4784 posset,
809 4712 851 4765 ita
867 4712 1025 4779 excusavit,
1081 4710 1217 4780 episcopo
1232 4708 1283 4780 qui
1298 4713 1369 4765 tunc
1384 4711 1525 4782 temporis
1539 4727 1571 4767 se
1590 4710 1739 4776 inviserat,
1764 4710 1800 4767 de
1813 4706 1915 4767 Felice

198 4808 231 4861 ut
247 4804 342 4877 prima
357 4804 424 4859 dats
439 4801 667 4875 opportunitate,
692 4800 914 4856 satisfacturum
930 4816 961 4854 se
977 4816 1026 4856 vo·
1082 4797 1313 4868 colloquebatur.
1331 4800 1434 4869 ltaque
1447 4800 1578 4855 secunda
1592 4814 1646 4853 soa
1660 4798 1773 4853 adeum
1784 4796 1915 4869 epistola

197 4892 303 4949 luntati
320 4894 384 4965 ejus
398 4890 572 4965 polliceatur
587 4890 683 4963 (epist.
712 4890 748 4961 1).
775 4887 891 4943 Interim
918 4888 1025 4959 petitos
1080 4885 1175 4958 (epist.
1189 4886 1227 4956 4),
1244 4891 1273 4941 et
1288 4886 1349 4942 haec
1363 4884 1407 4941 illi
1421 4886 1606 4960 significavit,
1621 4890 1650 4941 et
1664 4891 1802 4958 praterea
1816 4884 1912 4943 etiam

197 4982 282 5039 abeo
297 4981 388 5038 libros
402 4982 438 5036 Oc
453 4980 505 5050 fide
520 4979 555 5034 ad
584 4979 680 5050 ipsum
698 4977 794 5039 misit;
812 4976 888 5048 quod
905 4992 971 5032 vero
988 4978 1024 5033 ud
1079 4975 1237 5030 eddiditse
1263 4976 1455 5047 spopondisse
1480 4974 1563 5030 illum
1586 4975 1758 5031 adfuturum
1776 4972 1912 5031 basiliere

197 5070 472 5127 commentationem
489 5070 525 5124 fic
539 5070 753 5141 spiritusoorto,
765 5066 799 5119 ad
817 5065 871 5121 hoc
887 5065 942 5120 sibi
959 5066 1021 5122 dari
1078 5080 1142 5135 qua
1166 5080 1183 5117 a
1206 5063 1347 5118 Bassiano
1372 5068 1541 5120 constructa
1568 5064 1675 5132 fuerat,
1702 5061 1880 5119 dedicationi
1899 5081 1908 5120 ε

197 5174 309 5215 moram
322 5160 411 5231 petiit.
1076 5150 1258 5225 proindeque
1273 5150 1406 5207 ablatem
1421 5152 1479 5225 ipsi
1489 5152 1554 5224 jam
1570 5152 1668 5209 locum
1683 5168 1748 5209 esse
1773 5166 1912 5224 procras-

232 5250 276 5303 41.
293 5247 355 5302 Non
372 5248 524 5321 ignorabat
547 5250 667 5303 sanctus
696 5244 743 5300 hic
763 5244 863 5299 doctor
877 5245 914 5299 ab
928 5244 1019 5300 haere·
1075 5239 1202 5296 finandi.

195 5336 261 5392 ticis
276 5328 465 5409 quibusdam.
482 5335 610 5391 Palladio
636 5334 759 5389 fortasse
778 5348 812 5387 ac
823 5332 1017 5400 Secundiano,
1061 5404 1064 5411 .
1109 5330 1153 5384 45.
1170 5330 1252 5386 Circa
1267 5327 1345 5384 idem
1361 5332 1480 5402 tempus
1496 5330 1599 5387 incidit
1614 5328 1768 5386 Ambrosio
1782 5328 1909 5402 gravius

195 5425 336 5482 nonnulle
350 5430 451 5482 eontra
465 5425 556 5479 libros
578 5440 648 5477 suos
664 5424 699 5477 fle
713 5422 766 5492 fide
787 5420 876 5476 fnisse
891 5421 1016 5492 objecta,
1073 5418 1199 5491 quodam
1216 5433 1282 5473 cum
1299 5418 1422 5491 Syagrio
1430 5418 1590 5477 Veronensi
1599 5416 1723 5492 presule
1739 5416 1909 5491 negotium,

193 5518 221 5570 et
238 5532 302 5572 eam
327 5518 363 5571 ah
387 5515 433 5570 his
453 5512 688 5568 criminationem
707 5510 762 5566 sihi
789 5510 911 5579 intendi,
937 5509 1014 5580 quod
1070 5509 1101 5564 in
1117 5525 1175 5580 quo
1190 5506 1358 5579 exemplum
1372 5508 1464 5565 moris
1485 5508 1650 5582 antiquitus
1674 5504 1909 5579 injudiciisori·

191 5602 360 5669 brevitatem
377 5601 476 5659 dedita
490 5618 577 5673 opera
592 5600 795 5666 affectavisset,
821 5615 857 5654 ne
881 5597 1013 5670 ipsorum
1070 5596 1184 5653 minum
1199 5596 1242 5653 ab
1252 5593 1380 5652 Ecclesia
1394 5597 1503 5655 servari
1519 5596 1598 5654 soliti
1615 5596 1782 5656 etiamnum
1795 5599 1905 5665 restet,
