4159 6184
157 309 218 380 861
569 312 622 379 DD
642 309 1020 380 tnvuacanntmena
1040 307 1112 378 JDB
1131 313 1185 380 Ul*
1205 313 1328 384 DAVID
1350 315 1429 383 tta.
1451 315 1493 381 ll.

1835 321 1896 388 862

163 448 566 526 exspectetusprudentibus
575 449 683 508 Christi
695 449 887 507 diiierebatur
897 447 1003 504 adven·
1020 446 1203 513 Asocietate
1224 452 1255 511 in
1279 471 1326 513 ma
1349 449 1504 510 transtuli.
1526 449 1610 509 Unde
1633 454 1663 510 et
1686 451 1723 511 do
1746 454 1797 514 Dei
1823 456 1897 516 Filio

161 549 226 612 tus,
259 558 351 614 quem
382 539 426 598 lex
464 541 699 598 annuntiaverat.
734 556 822 612 quern
859 538 1004 610 propiata
1061 539 1532 618 legimnsqnodpeccatumnoa
1554 543 1690 628 cognovit
1713 545 1750 618 (ll
1778 546 1838 603 Car.
1868 565 1898 616 v,

165 630 401 706 pollicebantur,
416 635 444 686 et
459 645 491 686 eo
506 628 710 702 impatientius
732 629 896 684 aestuabant
919 628 1007 683 corda
1060 633 1116 702 21).
1131 632 1167 688 Ut
1182 633 1252 690 aiibi
1265 635 1377 692 habes:
1397 657 1412 684 ι(
1430 631 1576 700 Quoniam
1593 633 1643 707 qui
1663 636 1792 692 custodit
1814 654 1898 694 man-

161 723 334 794 justorum,
351 720 490 793 quoniam
507 719 542 774 ad
560 719 794 792 redemptionem
810 720 1007 791 cognoverant
1028 769 1032 774 .
1062 720 1165 778 datum
1182 740 1240 778 non
1256 723 1414 798 cognoscit
1432 722 1556 778 verbum
1580 740 1707 797 nequam
1733 727 1831 795 (Eecte.
1846 744 1898 783 vau

166 813 402 867 essevontnrum
415 808 769 872 universorum.Quorum
782 805 1008 863 universorum?
1061 809 1110 879 5):
1127 831 1142 860 n
1158 828 1227 867 cum
1242 811 1355 884 liquido
1373 811 1497 881 clareat,
1518 813 1661 884 quianon
1686 815 1813 890 cognitio
1842 815 1898 873 im-

169 899 288 966 Quibus
303 896 471 971 evangelico
485 895 604 952 tramite
625 897 703 952 vium
727 896 847 953 virtutis
871 894 1006 968 aperiret,
1063 900 1231 971 probitatis,
1245 903 1296 958 sed
1312 901 1446 958 societas
1461 901 1620 960 criminosa
1643 903 1692 973 sit,
1719 905 1782 978 ipsa
1810 906 1899 962 ctiam

168 990 380 1060 bonorumque
395 1002 517 1059 operum
535 986 657 1042 semitas
678 987 905 1052 demonstraret,
931 983 1009 1040 sicut
1062 987 1152 1044 David
1170 990 1198 1045 in
1215 990 1435 1063 posterioribus
1451 989 1542 1047 dicit:
1560 1015 1574 1041 a
1591 992 1777 1051 Declinantes
1801 998 1900 1054 autem

170 1076 234 1150 ipse
259 1075 333 1132 dixit
352 1074 381 1130 in
409 1074 592 1132 Proverbiis:
617 1099 631 1125 u
656 1074 802 1132 Dominus
829 1075 936 1131 creavit
964 1089 1009 1130 mc
1065 1076 1243 1150 malignosa
1271 1096 1317 1134 mc
1345 1096 1409 1133 non
1435 1081 1629 1150 agnoscebam
1654 1084 1740 1154 (Pscl.
1764 1101 1790 1152 a,
1815 1085 1853 1157 l).
1886 1109 1900 1135 a

169 1165 354 1239 principium
383 1165 497 1219 viarum
527 1181 650 1219 suarum
679 1165 780 1238 (i'ruv:
815 1181 876 1230 vni,
901 1165 956 1232 22).
995 1186 1008 1210 ιι

171 1255 241 1312 ideo
256 1269 327 1325 ergo
344 1251 554 1308 dicrhatvrrci:
573 1273 587 1302 κ
614 1252 668 1308 Ubi
693 1258 738 1310 est
769 1254 847 1309 Deus
872 1255 966 1310 tuus‘t
994 1275 1008 1302 a

173 1342 245 1414 quia
260 1340 360 1396 adbuc
376 1357 433 1395 non
450 1343 568 1397 venerat
584 1341 728 1408 Christus,
749 1343 800 1398 sed
826 1343 1009 1415 sperabatur.

173 1429 319 1486 Saeuiebat
335 1444 404 1502 erge
421 1428 567 1500 diabolus,
583 1435 616 1485 ut
631 1431 774 1488 obtereret
798 1447 873 1504 quos
901 1430 1011 1486 sciebat

173 1519 204 1574 in
221 1519 384 1575 adveniam
402 1517 515 1573 Domini
533 1519 706 1589 credituras,
728 1523 756 1574 et
782 1519 905 1576 diversis
930 1520 1011 1576 atfic-

174 1608 259 1663 tabut
275 1605 383 1662 exitiis.
410 1605 578 1679 interpellat
603 1624 672 1680 ergo
698 1608 800 1674 David,
831 1614 864 1664 ut
891 1625 1011 1665 moran·

174 1702 236 1753 tem
253 1695 361 1752 excitet
389 1697 494 1766 questu
523 1694 705 1768 prophetico,
732 1697 873 1754 festinare
897 1703 1010 1772 urgeat,

174 1785 337 1842 admoneat
347 1783 511 1840 subvenire.
524 1783 672 1840 Habemus
683 1784 1010 1860 similitudinemhnjus

174 1871 423 1946 interpellationis
437 1872 526 1928 etiarn
553 1872 582 1927 in
608 1874 834 1946 posterioribus,
860 1877 910 1932 nbi
940 1876 1012 1932 dicit

176 1963 259 2020 idem
289 1960 448 2034 Propheta:
479 1961 586 2034 thuid
617 1963 748 2037 repulisti
775 1981 840 2034 nos,
864 1965 953 2035 Deus,
982 1966 1012 2022 in

178 2053 270 2110 finem
298 2051 386 2122 (Psoi.
418 2067 514 2116 carru,
546 2052 572 2122 t)
600 2052 644 2107 ‘ln
675 2053 708 2108 at
736 2052 776 2109 ibi
804 2059 905 2129 aperte
935 2057 1014 2128 quod

178 2138 416 2214 congregationis
431 2157 491 2196 sue
516 2139 625 2197 oblitus
653 2141 702 2212 sit,
727 2147 757 2197 et
785 2143 898 2217 virgam
923 2144 1013 2202 bere·

180 2230 286 2288 ditatis
301 2245 360 2286 suc
377 2227 526 2300 abjecerit,
542 2228 678 2290 flebiliter
695 2230 860 2304 deploravit
883 2238 912 2290 ct
936 2235 1012 2306 quod

182 2319 213 2375 in
244 2317 362 2392 plebem
396 2317 446 2374 Dei
483 2318 696 2374 insurrexerint
728 2320 794 2390 ejus
831 2322 944 2378 inimici
979 2324 1015 2379 de

159 2409 171 2426 ⁰
182 2407 297 2482 quibus
312 2405 371 2464 ait:
388 2429 402 2456 «
419 2407 454 2462 at
468 2405 583 2479 gloriati
605 2411 675 2463 sunt
698 2408 748 2479 qui
772 2409 900 2468 oderunt
921 2415 961 2481 te,
985 2412 1014 2468 in

184 2496 283 2554 medio
299 2495 365 2552 lasti
381 2496 423 2550 tui
447 2496 526 2566 (ibid.
552 2495 590 2568 l).
622 2519 636 2546 a
664 2496 748 2552 Forte
777 2497 826 2555 bic
855 2500 1016 2557 versiculus

182 2585 335 2643 videretur
368 2585 504 2658 Assyrios
537 2584 696 2651 declarare,
729 2585 781 2657 qui
816 2589 1016 2663 triumphave-

185 2679 257 2732 runt
269 2673 410 2748 populum
425 2673 606 2736 Judaeorum,
621 2673 678 2730 nisi
699 2681 890 2747 sequeretur:
918 2701 931 2728 a
961 2679 1016 2735 Po-

123 2802 131 2813 ·
186 2767 312 2822 suerunt
328 2762 413 2836 signa
427 2779 491 2832 sua,
508 2763 603 2836 signa,
620 2767 648 2819 et
663 2780 721 2819 non
737 2766 858 2837 cognovi
884 2768 964 2837 (ibid.
990 2770 1017 2834 l,

184 2854 227 2926 5).
246 2876 260 2900 a
286 2852 377 2926 Signa
407 2868 524 2924 semper
552 2853 581 2907 ia
611 2851 684 2908 bello
713 2857 784 2909 aunt
814 2871 878 2927 qnae
908 2855 1019 2929 prelia-

187 2947 274 2999 turos
289 2941 390 3014 preire
406 2945 629 3009 consueverunt,
646 2945 675 2997 et
689 2957 792 3014 agmen
809 2944 916 3002 ducere
941 2945 1018 3000 miii-

188 3039 264 3088 tare.
285 3029 496 3103 Unusquisque
519 3047 660 3086 numeras
683 3035 734 3085 aut
757 3029 832 3106 legio
857 3034 942 3108 signa
966 3051 1021 3091 sua

191 3119 338 3192 sequitur.
354 3119 427 3175 Etsi
444 3119 569 3192 dispcrsi
586 3119 694 3174 luerint
707 3118 850 3178 bellorum
876 3123 1018 3191 tumultu,

191 3225 226 3265 eo
254 3207 304 3264 ubi
329 3207 415 3281 signa
438 3225 492 3276 sqa
520 3207 724 3280 prospexerint
753 3226 827 3276 esse,
858 3211 1021 3285 quamlibet

191 3297 281 3370 longe
296 3297 382 3369 positi
399 3300 594 3354 revertuntur.
612 3297 690 3353 MS
714 3297 923 3372 Unusquisque
951 3302 1021 3356 doc·

193 3391 243 3442 tor
257 3385 318 3441 bac
331 3387 415 3458 signa
435 3385 597 3453 constituit,
621 3389 650 3440 et
673 3388 824 3457 sequenda
846 3389 1019 3461 prescribit.

194 3475 252 3532 Sed
267 3477 337 3531 sunt
351 3474 438 3530 etiam
455 3473 512 3530 alia
525 3474 619 3547 signa,
636 3490 699 3546 quaa
714 3474 806 3531 victor
819 3476 912 3534 bostis
927 3477 1020 3550 impo-

192 3562 248 3632 nit,
265 3567 294 3620 et
309 3567 450 3636 tanquam
466 3563 588 3636 captivis
602 3563 783 3620 observando
798 3565 945 3632 decernit;
970 3568 1020 3622 sed

1064 1165 1119 1220 Ubi
1144 1172 1242 1223 irritem
1270 1168 1426 1226 voluerint
1455 1167 1516 1224 baec
1544 1171 1629 1244 signa
1655 1174 1814 1229 adversarii
1846 1192 1901 1248 po·

1065 1361 1238 1401 summam:
1255 1346 1340 1418 quasi
1357 1346 1390 1402 in
1407 1345 1481 1402 silva
1494 1347 1643 1420 lignorum
1658 1351 1812 1408 securibus
1827 1370 1900 1409 con-

1066 1433 1202 1489 ciderunt
1213 1436 1322 1506 januas
1340 1437 1411 1508 ejus
1426 1435 1456 1491 in
1470 1436 1500 1493 id
1517 1438 1626 1511 ipsam,
1642 1441 1759 1510 bipenni
1774 1444 1802 1496 et
1822 1444 1901 1501 ascia

1066 1523 1237 1594 dejecerunt
1259 1521 1333 1580 illud
1351 1526 1441 1596 (Paul.
1459 1531 1665 1600 aax111,5,ti).»
1682 1530 1757 1596 Quid
1773 1530 1827 1587 hoc
1843 1533 1899 1589 sibi

1065 1610 1140 1679 vult,
1156 1612 1212 1668 nisi
1225 1612 1280 1669 hoc
1295 1614 1439 1669 ostendat
1454 1617 1523 1687 quia
1539 1617 1612 1674 ades
1627 1623 1729 1674 nostra
1743 1636 1799 1676 non
1815 1622 1900 1693 quasi

1066 1698 1097 1754 in
1112 1699 1160 1755 via
1180 1717 1246 1758 asse
1270 1702 1387 1769 debeat,
1414 1719 1451 1759 ne
1472 1705 1590 1762 veniant
1617 1706 1751 1764 volucres
1779 1708 1843 1764 coeli
1871 1714 1901 1767 et

1068 1787 1205 1845 auferant
1226 1806 1303 1858 eam,
1327 1790 1407 1847 sicut
1429 1793 1549 1850 verbum
1582 1793 1654 1850 illud
1680 1797 1756 1868 quod
1783 1791 1900 1869 legi'sin

1069 1876 1237 1949 Evangelio,
1253 1895 1311 1934 non
1328 1879 1436 1937 debere
1451 1881 1528 1938 circe
1541 1883 1604 1939 viss
1619 1887 1648 1939 et
1669 1884 1791 1942 semitas
1812 1888 1899 1943 semi·

1069 1966 1135 2021 nari
1150 1967 1225 2038 (Lae.
1242 1969 1356 2039 v111,5t.

1105 2101 1151 2154 28.
1167 2099 1241 2171 Urgo
1257 2101 1352 2158 sancti
1368 2103 1496 2161 volentes
1511 2103 1599 2162 tidem
1614 2104 1739 2177 hujusce
1754 2107 1902 2165 eradicare

1071 2187 1242 2253 adversarii,
1259 2190 1311 2262 qui
1325 2209 1383 2248 noa
1398 2192 1498 2250 vident
1513 2195 1600 2268 signa
1614 2211 1669 2251 sua
1685 2195 1715 2250 in
1726 2195 1813 2250 corde
1824 2197 1900 2268 ejus,

1070 2282 1258 2333 tentaverunt
1274 2281 1361 2352 quasi
1376 2281 1405 2337 in
1421 2282 1476 2349 via,
1484 2283 1513 2338 id
1528 2287 1582 2349 eet,
1592 2283 1622 2338 in
1638 2283 1736 2354 pervio
1748 2276 1900 2355 collocare,

1070 2368 1127 2422 Cor
1141 2369 1239 2422 autem
1259 2367 1290 2423 in
1318 2387 1435 2428 summo
1448 2378 1511 2439 est;
1527 2371 1598 2444 quia
1611 2370 1688 2427 oculi
1704 2371 1845 2444 sapientia
1870 2371 1901 2428 ia

1071 2455 1167 2528 capito
1182 2455 1257 2527 ejus.
1275 2459 1311 2514 at
1326 2465 1487 2533 posuerunt
1502 2461 1587 2534 signa
1607 2461 1694 2533 quasi
1718 2461 1748 2516 in
1770 2460 1844 2517 silva
1865 2460 1901 2517 li·

1072 2560 1210 2616 gnorum,
1228 2561 1293 2617 quea
1309 2549 1366 2605 cito
1392 2555 1554 2605 enarrantur
1577 2548 1650 2621 igni,
1675 2553 1727 2605 aut
1749 2549 1901 2606 securibus

1073 2631 1278 2690 conciduntur.
1304 2638 1370 2694 lixit
1395 2638 1474 2694 enim
1498 2638 1576 2710 ignis
1600 2638 1635 2693 dc
1659 2636 1743 2704 silva,
1758 2642 1787 2692 et
1807 2637 1902 2694 exurit

1073 2721 1163 2776 etiam
1179 2723 1282 2781 cedros
1297 2726 1411 2783 Libani.
1427 2727 1486 2783 Hoc
1497 2730 1595 2782 autem
1621 2725 1788 2781 taciendam
1815 2729 1900 2798 pata·

1073 2815 1197 2878 verunt,
1214 2814 1521 2886 ntpoilaerentdivini
1537 2814 1900 2872 noministabernaculum

1074 2900 1151 2969 quod
1162 2905 1206 2955 cst
1217 2901 1247 2958 in
1258 2906 1353 2962 nobis.
1366 2906 1448 2962 Sicut
1462 2905 1541 2961 anim
1557 2904 1701 2977 templum
1718 2904 1766 2959 Dei
1779 2920 1899 2960 sumne:

1074 2988 1116 3042 ita
1125 3004 1229 3047 snmus
1240 2997 1269 3048 et
1279 2995 1502 3051 tabernaculam
1514 2992 1608 3061 Dei,ia
1623 3010 1682 3065 quo
1698 2993 1771 3049 testa
1784 2992 1901 3049 Domini

1075 3077 1269 3140 celebrantur.
1287 3085 1362 3158 llrgo
1376 3088 1439 3152 tu,o
1455 3082 1710 3147 homo,summum
1725 3086 1809 3138 tuam
1834 3099 1900 3139 cus-

1037 3166 1148 3265 ctodi
1171 3173 1204 3223 nt
1227 3187 1408 3245 conquasses
1432 3173 1528 3245 capita
1551 3171 1749 3239 inimicorum,
1764 3172 1900 3228 verticem

1077 3254 1174 3326 capilli
1199 3260 1469 3329 perambulantium
1494 3260 1581 3331 (Psoi.
1606 3260 1769 3332 mv11,32).
1795 3259 1827 3316 ln
1852 3277 1901 3316 su·

1077 3345 1197 3415 perfluia
1212 3349 1292 3405 enim
1308 3348 1525 3422 perambulant,
1540 3365 1599 3404 non
1614 3349 1644 3404 in
1658 3348 1768 3405 sanctis
1780 3365 1786 3406 :
1798 3347 1828 3404 in
1839 3365 1901 3405 ver·

1078 3429 1133 3486 tice
1147 3433 1258 3505 capilli,
1275 3452 1333 3491 non
1349 3436 1379 3491 in
1395 3436 1502 3490 vertice
1516 3435 1678 3492 devotionis
1692 3439 1721 3492 et
1735 3434 1812 3491 fidei.
1830 3457 1845 3486 (ι
1869 3435 1903 3490 at

1077 3519 1101 3575 si
1118 3520 1241 3591 spiritus
1257 3529 1432 3595 potestatem
1445 3521 1580 3579 babentia
1595 3524 1626 3580 in
1639 3528 1668 3580 te
1682 3524 1832 3592 ascendat,
1845 3546 1859 3573 ιι
1873 3529 1904 3578 ct

1076 3607 1168 3662 habes
1182 3606 1212 3663 in
1231 3610 1415 3676 Ecclesiaste,
1435 3629 1446 3657 ι
1471 3609 1568 3666 locum
1591 3616 1677 3668 taum
1701 3630 1759 3669 non
1779 3611 1903 3668 derelin-

192 3655 246 3726 qui
262 3652 356 3710 lrdelis
371 3657 416 3710 est
431 3650 526 3721 miles,
544 3652 662 3726 propria
686 3650 770 3725 signa
793 3654 936 3726 sequitur,
962 3671 1020 3710 non
1069 3675 1074 3682 ¹

191 3741 327 3815 agnoseit
341 3740 446 3798 aliena·
1076 3712 1151 3767 quas
1165 3698 1263 3765 (sace.
1280 3717 1309 3768 x,
1321 3700 1358 3772 4).
1378 3721 1392 3749 »
1406 3697 1521 3754 Etenim
1536 3699 1716 3771 superiorem
1728 3705 1758 3758 te
1769 3698 1904 3756 Christus

1075 3784 1237 3855 constituit,
1254 3805 1343 3861 quem
1359 3788 1394 3844 ad
1411 3786 1569 3858 imaginem
1585 3787 1634 3843 Dei
1648 3788 1724 3843 lecit.
1742 3788 1821 3842 Tene
1834 3804 1903 3860 ergo

229 3875 274 3930 m.
291 3873 358 3939 Qus
374 3873 433 3930 sint
447 3874 543 3932 aliena
557 3873 643 3948 signa
658 3874 798 3931 intentius
813 3879 841 3931 et
857 3874 1020 3947 impensius
1075 3874 1258 3945 superiorem
1274 3877 1341 3933 fidei
1358 3884 1384 3932 st
1401 3874 1518 3947 pietatis
1533 3872 1641 3943 locum,
1653 3890 1770 3945 quemn
1785 3873 1902 3929 Christo

192 3963 426 4020 consideremus.
442 3962 567 4035 Signum
589 3979 678 4018 suum
703 3963 801 4034 posuit
830 3963 963 4020 Christus
989 3963 1019 4019 in
1074 3962 1233 4034 accepisti:
1251 3968 1329 4023 w
1345 3969 1378 4020 at
1392 3962 1525 4036 superior
1539 3961 1855 4030 sactua,ascendentcm
1867 3962 1903 4017 de

193 4051 341 4108 tractibus
369 4050 579 4126 singulorum:
609 4051 649 4107 ibi
679 4069 795 4124 quoque
822 4053 1020 4109 Antichristus
1074 4048 1902 4123 interioribus‚boccst,deterrenisetsecularibusspi·

193 4157 250 4197 sua
266 4139 350 4213 signa
364 4147 462 4213 ponet,
479 4145 511 4196 ut
526 4141 659 4213 proprios
675 4145 873 4214 recognoscat.
898 4141 953 4197 Sed
969 4143 1019 4214 qui
1074 4141 1163 4197 ritum
1180 4157 1308 4214 nequam
1320 4143 1404 4199 tacite
1414 4139 1583 4213 repetisset
1594 4140 1679 4212 signs
1689 4155 1746 4194 non
1758 4137 1904 4210 suscipias

192 4229 223 4284 in
240 4227 352 4284 occulto
366 4228 486 4285 Jndeus
501 4231 555 4296 est,
578 4226 627 4284 ille
649 4245 734 4285 verus
758 4229 908 4285 consessor
929 4229 1018 4286 dicit:
1074 4229 1104 4284 in
1120 4235 1237 4301 pectore
1252 4237 1321 4288 tuo:
1339 4248 1397 4287 aon
1419 4239 1540 4302 occupet
1563 4227 1668 4284 anima
1691 4233 1750 4282 tue
1773 4226 1902 4283 vestibu-

194 4337 209 4372 s
226 4321 389 4374 Posuerunt
404 4317 489 4391 signa
504 4332 569 4384 sua,
583 4315 677 4390 signo,
689 4322 718 4374 et
729 4333 784 4372 non
796 4317 924 4389 cognovi.
940 4339 954 4366 a
965 4321 1018 4374 Po·
1074 4317 1203 4388 lum,nsc
1217 4319 1358 4375 introitus
1373 4319 1480 4374 mentis
1498 4324 1553 4374 tues
1566 4335 1573 4386 3
1590 4321 1619 4372 et
1634 4315 1719 4389 quasi
1734 4314 1764 4372 in
1780 4314 1852 4371 silva
1866 4314 1901 4370 li-

192 4411 318 4463 sueruut
332 4405 468 4462 diabolus
483 4411 511 4462 et
527 4405 654 4462 ministri
670 4407 745 4477 ejus,
763 4404 813 4461 sed
834 4421 887 4478 ego
912 4406 1019 4463 nescivi
1074 4407 1328 4479 gnorumiguibus
1340 4404 1903 4479 suiscadacaetlragiliapopulatorem

192 4495 265 4564 illa;
282 4494 351 4568 quia
367 4512 425 4552 noa
440 4494 576 4552 consensi
592 4495 705 4550 artibus
721 4495 796 4566 ejus,
813 4510 871 4548 non
887 4494 1019 4566 acquievi
1074 4496 1226 4552 securibus
1241 4496 1304 4552 suis
1314 4497 1423 4566 januas
1438 4494 1481 4550 tui
1493 4497 1589 4552 cordis
1603 4496 1727 4553 excidat.
1744 4493 1789 4552 Sit
1812 4495 1902 4568 igitur

192 4583 325 4656 imperiis
354 4585 428 4656 ejus.
458 4583 559 4640 Posuit
586 4581 723 4655 Assyrias
752 4569 1104 4640 Nabuchodonosorllin
1119 4584 1204 4641 nobis
1219 4601 1278 4641 aon
1295 4584 1379 4652 silva,
1396 4584 1446 4640 sed
1463 4585 1566 4653 vinea;
1584 4585 1622 4640 sit
1637 4589 1721 4656 porta
1732 4583 1823 4640 nostri
1840 4583 1900 4639 oris

192 4675 281 4749 signa
294 4673 394 4746 pueris
407 4672 604 4740 Hebraeorum,
621 4675 650 4728 et
665 4670 790 4727 mutavit
804 4669 863 4726 illis
880 4671 1018 4730 nomina:
1075 4681 1104 4729 et
1132 4673 1230 4728 cordis
1253 4672 1354 4729 clausa
1380 4671 1560 4744 diligentius,
1585 4689 1622 4729 ne
1643 4671 1737 4729 bostis
1764 4671 1899 4738 introeat,

192 4769 224 4822 et
234 4763 371 4838 precepit
386 4767 418 4818 ut
432 4763 588 4819 adorarent
601 4759 760 4833 imaginem
776 4759 851 4832 ejus,
867 4763 896 4816 et
906 4762 1020 4818 recede·
1076 4761 1137 4818 Cito
1152 4761 1254 4817 detidit
1265 4762 1401 4833 januam,
1417 4763 1442 4818 si
1457 4767 1604 4835 patentem
1619 4778 1682 4818 eam
1699 4758 1849 4816 inveniret.
1863 4763 1901 4812 nt

192 4855 262 4911 reat
277 4867 293 4907 a
309 4849 490 4908 solemnibus
506 4853 622 4922 patrum
638 4865 771 4917 suorum,
787 4848 921 4920 ritusque
936 4849 1019 4907 Chal·
1076 4867 1142 4906 vero
1157 4849 1291 4906 Christus
1306 4850 1414 4923 pulsat,
1430 4868 1489 4908 non
1505 4851 1619 4923 dejecit,
1642 4849 1692 4921 qui
1716 4846 1897 4911 centonavit,

193 4943 282 5008 deos,
299 4939 468 5013 posthabita
482 4938 532 4995 Dei
548 4938 620 5010 lege,
638 4941 839 5011 sequerentur.
863 4937 1021 4995 Constituit
1076 4938 1523 5012 olerusalem,seraspartarum
1535 4935 1896 4995 tuarum.Christusmanu

194 5031 251 5087 boc
275 5029 386 5098 rex,sed
412 5028 516 5085 statuit
540 5025 640 5084 Daniel
656 5027 686 5083 in
700 5027 785 5084 corde
796 5043 860 5095 auo,
873 5031 905 5082 ut
915 5027 1020 5101 regalis
1076 5027 1184 5100 pulsat,
1201 5032 1234 5084 ut
1247 5028 1372 5101 aperias,
1388 5029 1574 5086 adversarius
1588 5024 1742 5082 securibus
1756 5022 1895 5090 concidit3

195 5136 303 5176 mense
318 5115 454 5191 contagia
468 5115 635 5173 declinaret.
653 5116 739 5172 Recte
754 5131 822 5190 ergo
837 5115 862 5171 ei
888 5117 1021 5173 convenit
1076 5123 1104 5174 et
1117 5118 1183 5174 ideo
1194 5117 1336 5188 scriptum
1348 5122 1393 5174 est
1403 5134 1439 5172 ne
1450 5117 1596 5173 sacuriset
1606 5112 1729 5169 malleus
1739 5111 1895 5168 indomum

194 5209 300 5264 dicere:
312 5207 401 5280 Signa
421 5223 478 5263 non
490 5205 607 5278 cognovi
618 5203 848 5262 alienatassum
859 5208 922 5259 erat
932 5206 1021 5261 utile·
1075 5205 1126 5261 Dei
1141 5205 1230 5260 intret
1244 5206 1293 5276 (lli
1310 5207 1374 5273 lien.
1391 5221 1429 5271 vr,
1445 5205 1485 5275 7).
1497 5200 1577 5258 Foris
1587 5200 1674 5256 debet
1684 5215 1749 5254 esse
1760 5197 1898 5270 superbie

195 5297 265 5354 brei
277 5295 361 5370 pueri
372 5295 527 5352 adorarent
537 5293 695 5367 imaginem
708 5291 794 5366 regis;
806 5293 1019 5365 responderunt
1075 5299 1104 5350 et
1119 5293 1243 5360 fallacia,
1256 5308 1313 5348 non
1329 5293 1418 5347 intus.
1436 5291 1517 5347 Foris
1540 5290 1620 5347 enim
1631 5304 1740 5362 pugna,
1751 5304 1807 5360 pax
1816 5287 1896 5344 intus

194 5385 241 5442 ei:
258 5408 272 5436 a
289 5385 351 5440 Non
367 5383 524 5440 adoramus
539 5381 697 5454 imaginem
712 5385 794 5437 tuam
809 5382 890 5453 (Dan.
905 5397 946 5448 m,
963 5383 1019 5452 18).
1075 5399 1139 5455 qua
1154 5398 1245 5454 supra
1258 5396 1373 5436 omnem
1402 5378 1583 5436 intellectum
1597 5383 1650 5435 est.
1661 5378 1724 5434 Non
1746 5375 1897 5434 scindatur

158 5507 163 5520 ι
195 5479 271 5548 Apte
285 5489 353 5548 ergo
366 5473 438 5530 dixit
453 5471 654 5545 unusquisqne
669 5487 789 5528 eorum:
817 5493 831 5520 α
857 5469 1020 5528 Posueruut
1074 5473 1150 5528 ferro
1166 5470 1264 5527 anima
1278 5472 1346 5523 tra:
1363 5469 1414 5522 sed
1431 5473 1463 5524 ut
1486 5469 1584 5525 anima
1597 5467 1719 5540 loseph,
1733 5466 1774 5524 ita
1797 5464 1896 5523 anima

196 5565 283 5638 signa
297 5581 360 5632 sua,
377 5563 472 5637 signa,
488 5565 515 5619 et
530 5577 588 5617 non
604 5557 724 5632 cognovi
737 5577 743 5627 ;
754 5581 766 5608 ι)
779 5557 808 5614 id
825 5563 869 5615 est
882 5575 939 5616 nou
952 5576 1018 5617 sum
1073 5567 1125 5617 tua
1140 5560 1248 5615 ferrum
1260 5560 1459 5630 pertranseat;
1476 5573 1511 5613 ne
1525 5555 1684 5630 principata
1699 5561 1793 5622 taum,
1816 5553 1897 5610 velut

195 5655 343 5726 expertus,
360 5668 416 5709 aon
439 5650 498 5707 ulio
527 5663 671 5706 consensu
697 5647 802 5720 recepi,
833 5664 890 5704 noo
920 5647 1020 5723 aliqua
1075 5647 1223 5724 quoddam
1237 5644 1460 5702 tabernaculam
1474 5645 1573 5719 Verbi,
1587 5647 1617 5702 in
1632 5645 1696 5719 ipso
1719 5643 1786 5701 fidei
1814 5643 1895 5715 prin·
