4159 6184
169 370 226 442 lta
894 372 927 438 S.
950 367 1140 437 caenosa
1810 364 1873 433 l80

166 510 311 569 visibilem
328 526 391 569 eam
414 514 443 571 ct
464 510 657 586 compositam
681 508 786 567 laceret
810 508 898 577 Deus,
924 509 965 563 ait
983 525 988 563 :
1005 508 1033 575 Α
1048 508 1120 563 Cum
1136 504 1215 562 enim
1231 501 1281 561 illa
1295 506 1457 577 pascuntur
1469 494 1521 562 Dei
1536 500 1738 579 gratia,nemo
1763 500 1870 561 sibide-

168 602 306 659 Germinet
321 604 395 657 terre
409 602 602 673 lrrrbamfrrri,
626 602 765 655 seminaris
789 614 877 652 recrea
892 614 989 653 serica·
1044 598 1093 652 bet
1107 596 1142 651 de
1157 612 1210 651 sua
1231 593 1378 650 industria
1405 596 1434 650 et
1461 594 1567 651 virtute
1593 593 1730 651 blandiri.
1759 594 1870 650 Deinde

166 688 235 746 dure
250 707 346 761 pecus,
366 695 392 747 et
413 693 519 763 liccam
539 690 713 762 fructiferum
737 690 842 760 sacieris
869 688 990 757 frrcrtam
1045 684 1114 756 qnia
1128 684 1291 757 simplicem
1303 684 1412 739 rictum
1423 689 1451 739 et
1462 683 1627 740 naturalem
1638 683 1736 739 cibum
1747 682 1870 756 reliquis

165 780 424 850 seccndcmpeaua,
440 780 715 850 ccjcsscmecsccm
732 779 827 848 inipso
843 776 898 849 (89)
914 774 987 845 (Gen.
1044 772 1128 843 cibis,
1138 773 1238 829 debuit
1265 774 1417 829 anteierre.
1444 771 1495 827 Hic
1523 772 1602 828 enim
1631 771 1797 828 sobrietatis
1826 782 1870 828 est

166 884 187 939 1,
204 869 260 941 tt).
1044 860 1138 921 cibus,
1154 860 1259 933 reliqui
1274 860 1445 916 deliciarum
1460 864 1549 933 atque
1564 859 1686 934 luxurie
1703 878 1709 916 :
1726 860 1774 916 hic
1787 877 1869 917 com·

202 958 249 1013 26.
265 958 425 1013 Audiamus
440 956 528 1012 verba
542 954 683 1021 veritatis,
700 971 825 1028 quorum
841 954 931 1010 series
947 969 991 1008 sa·
1045 950 1144 1006 munis
1159 950 1296 1005 omnibus
1312 949 1511 1006 animantibus
1523 950 1616 1021 cibus,
1632 949 1681 1006 ille
1695 960 1868 1023 paucorum.

168 1044 216 1101 lus
232 1051 276 1103 est
288 1044 479 1101 audientium.
497 1044 594 1099 Prima
615 1045 693 1100 enim
719 1044 768 1099 illa
789 1060 842 1099 vox
863 1043 913 1099 Dei
929 1042 989 1097 sin·
1045 1038 1217 1111 Exemplum
1234 1038 1333 1110 itaque
1348 1037 1537 1111 frugalitatis,
1554 1038 1757 1112 magisterium
1780 1038 1871 1110 parci·

169 1133 247 1207 gulis
262 1133 403 1190 creaturis
416 1132 565 1205 impertita
579 1134 744 1207 gignendis,
761 1133 988 1199 lexnaturaeest
1046 1126 1221 1193 moniaeest,
1246 1126 1342 1182 herbae
1370 1125 1514 1199 simplicis
1542 1127 1619 1182 victu
1644 1125 1789 1199 olerisque
1803 1126 1869 1182 vilis

169 1238 232 1294 quae
247 1220 331 1277 terris
355 1221 384 1276 in
409 1238 495 1276 omne
518 1239 611 1277 aarum
637 1221 788 1289 remansit,
805 1222 908 1277 lutura
924 1237 990 1276 suc·
1045 1220 1097 1272 aut
1112 1216 1191 1287 pomi
1206 1219 1358 1271 contentos
1372 1231 1438 1271 esse
1452 1230 1554 1271 ornnes
1569 1219 1701 1287 oportere
1716 1231 1805 1287 quem
1816 1232 1869 1271 aa·

169 1308 310 1365 passionis
325 1310 428 1365 datura
444 1309 658 1382 prescriptum,
674 1310 925 1381 quemadmodum
947 1308 991 1365 vel
1045 1308 1112 1359 tura
1128 1304 1245 1373 obtulit,
1270 1320 1357 1377 quem
1380 1302 1542 1360 liberalitas
1558 1303 1608 1359 Dei
1630 1304 1725 1375 prima
1741 1304 1867 1359 donavit.

167 1398 325 1471 generandi
339 1398 383 1453 rel
413 1399 579 1454 fructuandi
608 1399 636 1453 in
664 1398 809 1471 reliquum
836 1399 990 1454 cauendo·
1046 1392 1097 1449 Ille
1112 1392 1248 1462 salubris,
1263 1392 1312 1449 ille
1328 1392 1408 1448 utilis
1423 1392 1517 1461 cibus,
1534 1391 1584 1464 qui
1600 1392 1717 1448 morbos
1737 1391 1868 1465 repellat,

167 1484 297 1543 leseeret.
315 1487 412 1543 Prima
427 1488 525 1559 itaque
552 1488 858 1561 germinationem,
875 1488 991 1560 quando
1047 1482 1095 1554 qni
1110 1486 1220 1539 resecet
1232 1482 1401 1547 cruditates,
1418 1480 1499 1537 nullo
1523 1480 1679 1537 hominum
1702 1485 1804 1553 partus
1826 1479 1868 1536 la-

167 1577 319 1632 bascentia
332 1578 470 1632 videntur
483 1594 635 1649 erumpere
648 1593 654 1631 :
665 1576 770 1632 deinde
785 1593 852 1632 cum
864 1577 993 1648 eruperit
1047 1570 1126 1639 bore,
1143 1571 1192 1626 sed
1208 1568 1306 1625 divino
1321 1571 1432 1625 ellusus
1446 1585 1578 1636 munere,
1594 1567 1658 1626 sine
1678 1569 1791 1625 satione
1809 1568 1869 1624 tru-

167 1668 196 1721 et
209 1665 363 1737 profecerit
373 1681 503 1738 germen,
522 1666 553 1720 fit
568 1666 657 1721 herba
674 1682 680 1721 :
698 1666 788 1721 herba
801 1682 917 1737 quoqne
942 1664 993 1723 ubi
1047 1674 1108 1732 80⁵,
1124 1659 1238 1716 fructus
1253 1659 1316 1715 ⁸511&
1331 1658 1454 1723 semine,
1478 1662 1539 1714 itm
1564 1656 1670 1726 duleis,
1681 1662 1741 1714 itm
1756 1661 1867 1730 trtius,

167 1752 322 1826 paululum
351 1754 535 1826 processerit,
567 1755 599 1808 fit
634 1756 744 1810 tanum.
774 1756 866 1819 Quam
901 1756 991 1825 utilis,
1047 1752 1080 1803 ut
1095 1748 1183 1803 etiam
1196 1746 1313 1819 repletis
1327 1746 1469 1819 voluptati
1484 1751 1572 1818 atque
1587 1746 1654 1801 usui
1674 1746 1722 1801 sit.
1739 1746 1869 1819 Denique

168 1856 257 1912 quam
271 1840 429 1897 vehemens
450 1857 514 1897 vox.
532 1841 667 1897 Germiael
690 1846 767 1898 terro
788 1842 900 1899 laertem
924 1846 993 1917 feci,
1010 1876 1033 1941 Β
1048 1837 1084 1892 td
1100 1837 1211 1908 primas
1226 1838 1313 1891 datus
1328 1851 1457 1902 mensas,
1473 1835 1509 1891 td
1523 1835 1669 1891 Secundus
1682 1834 1832 1891 fflffltsssil·

167 1927 223 1986 boc
237 1934 290 1999 est,
307 1930 372 2003 ipsa
385 1947 438 2003 per
449 1947 481 1986 se
503 1930 646 2003 germinet
669 1934 755 1999 terra,
783 1931 897 1988 nullum
917 1933 989 1990 alte·
1082 1936 1127 1989 29.
1144 1933 1218 1997 Quid
1234 1937 1330 1989 autem
1346 1928 1484 1990 cr'caturae
1500 1932 1591 2004 hujus
1605 1935 1732 1989 attexam
1746 1931 1869 1988 miracu·

168 2018 230 2075 rius
253 2023 366 2092 quaerat
392 2019 548 2101 auxilium,
572 2036 629 2075 aon
659 2022 835 2091 cujusquam
860 2021 990 2095 indigeat
1044 2021 1118 2090 lam,
1135 2027 1187 2080 44
1201 2028 1230 2079 et
1244 2023 1394 2096 sapientie
1410 2022 1583 2094 operatricis
1598 2026 1805 2095 argumentum
1820 2038 1869 2078 cx-

168 2108 340 2165 ministerio.
1045 2111 1242 2183 primam‘tln
1268 2110 1323 2166 hac
1347 2109 1425 2166 enim
1445 2110 1612 2183 germinum
1636 2111 1743 2183 specie,
1768 2114 1797 2166 et
1819 2108 1868 2166 illo

203 2200 247 2253 27.
266 2197 366 2254 Solent
379 2196 457 2253 enim
471 2197 601 2270 plerique
616 2198 712 2254 dicere
729 2198 804 2253 :Nisi
821 2196 991 2254 clementior
1044 2200 1164 2256 virentis
1180 2200 1277 2255 herbe
1292 2215 1414 2254 munere
1428 2198 1526 2271 imago
1541 2204 1586 2254 est
1599 2197 1664 2254 vite
1679 2198 1825 2266 humana,
1841 2203 1870 2253 et

168 2286 240 2344 eolis
255 2288 334 2343 calor
348 2286 511 2359 tepefecerit
525 2291 627 2352 terras,
643 2290 671 2342 ct
694 2287 820 2358 quodam
842 2287 927 2343 modo
945 2305 990 2342 ra·
1045 2291 1155 2344 nature
1184 2288 1420 2359 conditionisque
1449 2292 1555 2343 nestra
1580 2286 1696 2359 insigne
1720 2287 1867 2358 quoddam

168 2375 225 2431 diis
241 2374 303 2431 suis
319 2374 429 2442 foverit,
457 2392 513 2430 non
537 2375 644 2447 poterit
667 2375 830 2447 germinare
855 2380 947 2435 terra:
962 2381 990 2431 et
1045 2382 1204 2449 spectatur,
1220 2383 1248 2432 et
1263 2375 1416 2448 speculum
1444 2375 1549 2432 elucet.
1576 2375 1629 2432 Illa
1657 2375 1748 2432 herba
1772 2376 1868 2432 stilos

167 2467 320 2537 propterea
330 2468 430 2537 gentes
456 2464 586 2519 divinum
603 2464 743 2519 bonorem
759 2464 899 2535 deputant
915 2464 966 2519 seli
982 2482 989 2533 ;
1045 2465 1103 2521 leni
1117 2464 1270 2537 figuraest
1285 2465 1382 2520 carnis
1397 2464 1545 2531 humana,
1559 2464 1636 2520 sicut
1651 2465 1747 2519 benus
1761 2464 1868 2519 divini·

168 2553 246 2624 quod
260 2553 367 2608 virtute
381 2553 486 2609 caloris
511 2553 556 2608 sui
581 2557 724 2608 terrarum
749 2557 879 2624 penetret
895 2553 988 2620 sinus,
1043 2553 1113 2610 tatis
1125 2555 1269 2625 interpres
1283 2570 1391 2625 organo
1407 2570 1466 2608 sue
1481 2552 1559 2609 vocis
1574 2551 1727 2624 expressit,
1743 2552 1841 2609 diceas
1857 2569 1865 2609 t

167 2658 328 2715 sparsaque
342 2646 436 2699 loveat
460 2642 583 2711 semina,
598 2641 643 2697 vel
667 2641 793 2713 rigentes
815 2641 881 2713 gelu
901 2658 989 2697 venas
1045 2642 1140 2698 Clamo
1153 2672 1188 2684 —-
1204 2642 1274 2722 Quid
1287 2642 1535 2697 clamatotomair
1555 2657 1619 2696 cero
1639 2642 1742 2711 senam,
1765 2646 1791 2696 et
1804 2657 1864 2697 om-

167 2730 304 2789 urborum
320 2730 436 2786 relaxet.
453 2730 527 2786 Audi
554 2729 737 2803 ergo‘llenm
758 2728 836 2784 velut
851 2729 926 2783 hanc
940 2746 988 2783 vo·
1044 2733 1089 2786 ais
1103 2732 1325 2803 plericglrominis
1345 2732 1376 2785 ct
1399 2731 1449 2800 iles
1466 2732 1534 2800 teni.
1559 2731 1641 2785 Aruit
1652 2731 1755 2800 senem,
1776 2732 1802 2785 et
1815 2732 1866 2801 {loa

166 2835 229 2876 cem
244 2820 425 2875 emittentem
442 2835 448 2873 ι
466 2818 878 2889 conticescatineptussermo
894 2816 988 2871 bomi-
1043 2820 1166 2876 decidit:
1184 2820 1402 2875 aeternitatem
1423 2820 1537 2875 Domini
1559 2822 1652 2874 maaet
1680 2821 1709 2874 ia
1732 2826 1868 2876 «eternum

166 2925 237 2964 num
253 2908 301 2979 qui
326 2907 442 2962 futurus
466 2911 521 2971 est,
538 2908 663 2962 lacessat
677 2922 751 2959 vana
774 2904 881 2976 opinio.
902 2906 988 2959 Ante·
1045 2907 1109 2979 (iso.
1120 2926 1166 2976 xa,
1181 2910 1209 2973 e,
1224 2910 1262 2978 8).
1279 2908 1329 2963 Dei
1346 2907 1491 2963 sententia
1502 2923 1557 2963 vox
1577 2907 1708 2963 bumana
1721 2911 1775 2963 est.
1793 2906 1869 2962 Dicit

166 3012 256 3068 quam
280 2994 352 3051 solis
381 2994 432 3048 liat
446 2994 601 3056 luminare,
626 2992 717 3047 herba
741 2996 897 3058 caecatum
914 2993 987 3047 anti·
1044 2995 1132 3061 Deus,
1149 2996 1269 3051 Clamo:
1285 2996 1335 3051 sed
1351 2996 1460 3068 inipso
1480 2997 1554 3052 isaia
1577 2995 1717 3067 loquitur.
1743 2993 1793 3051 Ille
1810 3012 1869 3051 res-

167 3082 253 3157 quior
267 3084 331 3155 ejus
347 3082 386 3137 sit
405 3081 607 3154 prerogativa,
631 3096 721 3152 quam
747 3079 827 3136 solis.
844 3081 884 3137 Ne
909 3097 990 3136 error
1044 3085 1167 3157 pendit:
1186 3086 1258 3153 Quid
1276 3085 1420 3141 clamabo?
1434 3084 1469 3140 itt
1491 3090 1631 3155 tanquam
1647 3083 1718 3155 quid
1732 3083 1867 3157 loquere-

167 3169 527 3234 hominumconualescat,
542 3168 780 3241 germinctprius
795 3172 881 3236 terra,
898 3186 987 3241 quam
1045 3177 1094 3228 tur
1121 3174 1262 3240 audisset,
1291 3173 1425 3244 adjunxit
1449 3191 1456 3228 :
1482 3174 1576 3228 Omnis
1602 3188 1666 3227 ecre
1697 3171 1806 3246 fenam.
1835 3174 1870 3229 at

168 3261 246 3318 lctus
259 3259 330 3316 solis
345 3258 477 3330 accipiat.
490 3257 590 3313 Sciant
609 3272 710 3311 omues
732 3254 824 3311 solem
839 3260 986 3313 auctorem
1004 3237 1026 3303 C
1045 3277 1125 3328 vere,
1142 3261 1216 3316 viret
1237 3262 1316 3317 enim
1339 3260 1432 3334 gloria
1454 3260 1582 3318 heminis
1607 3260 1637 3314 in
1668 3276 1756 3316 carne
1784 3262 1870 3333 quasi

169 3364 307 3406 neeesse
332 3347 527 3413 nascentium,
550 3346 600 3399 Dei
629 3344 783 3401 elementia
810 3348 918 3400 terram
949 3364 990 3401 re·
1045 3351 1291 3422 fenumzetque
1307 3348 1867 3422 putaturessesublimis,exiguaquasi

168 3437 256 3504 laxat,
277 3437 328 3492 Dei
352 3433 535 3507 indulgentia
557 3449 747 3505 prorumpere
771 3432 839 3488 lacit
865 3434 988 3489 fructus.
1044 3438 1135 3494 herba
1149 3446 1204 3502 est,
1221 3442 1397 3510 prematura
1412 3442 1445 3493 ut
1460 3438 1523 3505 tles,
1540 3437 1651 3493 caduca
1665 3436 1751 3508 quasi
1767 3438 1866 3493 lenum

167 3525 317 3591 Quomodo
344 3523 387 3580 sol
414 3522 527 3578 vivendi
557 3538 645 3578 usum
674 3522 822 3577 ministrat
845 3522 989 3589 oriundis,
1044 3527 1190 3599 germinat
1202 3528 1266 3583 vita
1280 3526 1459 3582 viriditatem
1475 3527 1505 3580 in
1520 3526 1627 3597 specie,
1643 3542 1701 3580 noa
1724 3525 1754 3580 in
1770 3526 1867 3582 fructu

168 3613 285 3687 quando
301 3612 351 3668 illa
366 3613 449 3685 prius
468 3611 570 3667 divinae
595 3611 771 3683 operationis
797 3610 990 3668 vivificatione
1044 3615 1233 3682 soliditatem,
1250 3614 1395 3671 bitatioris
1417 3615 1483 3670 vita
1509 3615 1593 3685 quasi
1615 3613 1669 3668 llos
1684 3614 1868 3684 praetendens

168 3705 239 3760 sunt
252 3700 340 3767 edita,
357 3716 445 3773 quam
462 3700 506 3756 sal
520 3700 551 3755 in
566 3700 620 3755 hos
642 3699 756 3754 vivendi
772 3716 844 3754 usus
858 3699 990 3756 veniret?
1039 3703 1268 3775 jucunditatem,
1282 3702 1408 3759 breviori
1423 3702 1517 3774 spatio
1538 3718 1687 3767 occasura,
1708 3702 1785 3758 sicut
1800 3701 1866 3757 ber·

167 3790 272 3848 Junior
286 3792 331 3846 est
343 3789 453 3856 herbis,
466 3789 567 3860 junior
583 3788 658 3843 leno.
1044 3792 1165 3857 beleni,
1190 3793 1267 3865 quod
1293 3792 1468 3864 priusquam
1489 3789 1639 3858 evellatur,
1662 3790 1777 3847 arescit.
1799 3791 1867 3854 Qua

488 3884 605 3941 CAPUT
620 3885 669 3940 vu
1044 3882 1122 3937 enim
1146 3881 1296 3937 firmitudo
1321 3880 1350 3934 in
1374 3894 1472 3946 carae,
1493 3894 1556 3951 que
1580 3876 1739 3935 salubritas
1773 3883 1869 3952 petest

168 3976 223 4033 Cer
242 3976 375 4049 petalum
390 3976 483 4047 pecori
503 3976 582 4045 price
599 3976 731 4037 meatem,
751 3972 919 4054 quamcitius
939 3972 988 4028 lco-
1043 3985 1107 4025 esse
1122 3968 1282 4024 diuturna?

201 4048 283 4103 Mitti·
300 4048 418 4103 Heriem
446 4048 577 4100 virtulem
601 4044 733 4099 'limam
760 4046 909 4167 mayllem
932 4060 990 4099 2⁸⁸0
1079 4058 1123 4112 30.
1138 4056 1228 4113 Hodie
1243 4057 1341 4112 videas
1365 4055 1578 4113 adolescentem
1599 4055 1739 4122 validum,
1759 4055 1866 4128 pubes·

202 4118 375 4185 mndilw'm’
398 4117 476 4199 “iim
498 4115 636 4186 iminium
664 4113 782 4196 iieia'm
826 4117 990 4196 ⁸¹3⁶”l'ti0n3
1076 4152 1156 4200 ntem
1184 4145 1277 4200 aetatis
1294 4144 1441 4200 viriditate
1464 4145 1615 4200 florentem
1691 4147 1740 4200 ata
1759 4160 1774 4199 s
1795 4144 1857 4200 ecia

203 4192 359 4261 exponitur.
389 4186 517 4257 Epicratem
546 4184 634 4239 berte
664 4188 812 4239 imitatores
841 4202 869 4239 ra
896 4188 989 4257 stride
1043 4162 1074 4201 ce
1119 4234 1124 4245 .
1161 4186 1167 4210 ’
1352 4234 1357 4244 .
1435 4234 1441 4246 .
1489 4232 1495 4244 .
1520 4232 1526 4245 .
1590 4186 1626 4244 .’
1656 4159 1691 4210 “r
1776 4160 1794 4215 p
1859 4187 1867 4209 '

202 4260 313 4333 ferendo
328 4274 377 4315 nos
392 4272 450 4313 me
464 4262 604 4327 worm.
620 4256 668 4309 ubl·
682 4255 827 4312 'pamm
840 4258 988 4313 Eunomia,
1043 4251 1125 4289 suam
1141 4234 1254 4301 colore;
1271 4238 1399 4289 crastina
1413 4234 1461 4290 dre
1474 4234 1528 4289 tibi
1544 4233 1615 4288 lacre
1630 4237 1659 4288 et
1672 4248 1721 4287 ore
1737 4235 1869 4287 mutatus

202 4334 286 4403 nique
299 4330 531 4402 perstringantur.
1043 4321 1191 4379 occurrit:
1208 4328 1236 4377 et
1258 4322 1309 4393 qni
1334 4321 1428 4393 pridie
1451 4321 1504 4376 tibi
1530 4319 1715 4376 lautissimus
1738 4320 1795 4392 (ill)
1816 4319 1869 4374 de-

201 4420 248 4474 28.
274 4418 308 4473 lit
323 4418 395 4473 forte
417 4414 540 4471 miretur
560 4414 666 4486 aliquis
692 4415 769 4487 quad
797 4414 879 4487 prius
894 4414 989 4485 pecori
1043 4426 1116 4466 core
1130 4411 1228 4464 termae
1243 4412 1324 4465 visus
1349 4414 1394 4466 est
1416 4411 1520 4481 gratia,
1538 4409 1594 4464 alio
1610 4409 1657 4464 die
1681 4408 1869 4465 miserandus

167 4506 321 4582 pabulum,
337 4521 427 4577 quam
443 4504 526 4560 cibus
541 4501 652 4558 bomini
677 4503 715 4558 sit
739 4506 863 4558 creatus.
884 4502 915 4557 ln
932 4518 989 4573 que
1044 4502 1165 4570 apparet
1176 4498 1359 4571 aegritudinis
1378 4498 1506 4568 alicujus
1524 4497 1695 4552 infirmitate
1710 4495 1867 4552 resolutus.

167 4596 297 4671 primum
322 4592 499 4665 protundum
519 4591 569 4646 Dei
585 4590 641 4662 (90)
665 4591 806 4647 debemus
830 4590 988 4656 advertere,
1007 4597 1028 4661 1)
1045 4586 1202 4658 Plerosque
1229 4592 1281 4641 aut
1308 4585 1390 4641 labor
1417 4586 1537 4658 frangit,
1563 4590 1615 4641 aut
1644 4584 1744 4656 inopia
1771 4600 1868 4641 mace·

166 4682 348 4759 quodetiam
364 4678 849 4751 minimaquaequenonnegligat,
866 4678 987 4733 sicutia
1044 4680 1098 4743 rat,
1128 4677 1179 4731 snt
1207 4674 1337 4731 cruditas
1365 4677 1458 4740 vexat,
1488 4677 1539 4729 aut
1564 4674 1634 4728 vina
1662 4676 1868 4744 corrumpunt,

165 4770 320 4845 Evangelio
351 4767 500 4842 Sapientia
525 4768 574 4823 Ilei
601 4766 693 4823 dicit:
715 4768 846 4837 Respicite
866 4766 987 4821 calcalia
1042 4767 1243 4819 autseaectus
1261 4762 1405 4832 debilitat,
1433 4764 1484 4816 aut
1511 4761 1637 4816 eviratos
1662 4759 1773 4816 delicie
1801 4760 1867 4815 red·

165 4862 376 4932 coeli,qu0niom
389 4874 445 4914 aaa
459 4860 563 4924 seruat,
578 4871 665 4925 acque
678 4859 793 4917 metunt,
818 4842 904 4925 acqui
923 4870 986 4909 ccc·
1042 4852 1127 4914 duat,
1150 4850 1266 4906 luxuria
1280 4850 1436 4906 decolorat.
1462 4849 1563 4905 Nonne
1589 4865 1693 4905 verum
1716 4852 1772 4916 est,
1798 4847 1868 4920 quia

164 4957 279 5023 erepant
300 4950 331 5004 ia
355 4949 464 5008 terrea.
493 4954 518 5001 et
546 4951 630 5000 Peter
647 4948 735 4999 cester
761 4942 874 4998 celestis
899 4946 987 5014 percit
1041 4940 1121 4995 aruit
1147 4940 1257 5008 tenum,
1283 4946 1312 4995 et
1340 4938 1394 4994 llos
1417 4937 1549 4992 decidit?
1564 4937 1646 4992 Alius
1673 4937 1735 4993 avis
1762 4935 1867 4992 atavis·

165 5039 235 5095 illc:
251 5052 343 5093 nonae
364 5052 410 5092 cos
433 5034 523 5107 pieria
546 5035 610 5088 catis
631 5032 689 5087 iltis
714 5030 816 5103 (lluttlc.
847 5049 887 5098 rr,
916 5031 987 5102 em?
1042 5025 1229 5099 quenobilis,
1253 5031 1282 5082 et
1305 5028 1451 5097 maJ'orum
1472 5024 1644 5081 honestatus
1670 5024 1782 5091 infulis,
1799 5038 1867 5095 pro·

200 5188 257 5261 (89)
272 5186 348 5242 Edit.
364 5185 568 5241 RemetLXX
584 5180 865 5254 laterp.,ceccrrdcm
889 5198 984 5251 penus,
1040 5179 1371 5258 tic-maonagnqsccat.
1496 5246 1501 5257 Ι
1675 5246 1710 5257 Η
1756 5247 1790 5257 ..

164 5265 190 5316 et
203 5256 689 5318 maundcmsiraililudincmsuamet
704 5254 808 5323 tigrium
823 5254 988 5324 porcr'serum
1078 5248 1134 5319 (91)
1149 5248 1212 5302 Vct.
1229 5248 1298 5302 cua.
1322 5253 1350 5302 et
1369 5245 1502 5302 nonnulli
1524 5262 1608 5313 mes,
1630 5245 1725 5316 pridie
1738 5245 1789 5301 acc
1804 5246 1865 5327 laic·

163 5332 269 5403 sacena
282 5332 402 5401 [mlum
416 5326 565 5383 secundem
585 5342 670 5398 pecca
689 5340 780 5390 suurn,
801 5328 881 5385 (taius
895 5338 987 5377 semea
1041 5321 1174 5374 tissimus.
1193 5318 1283 5398 'chq
1301 5317 1515 5373 licadcticcimus.
1541 5317 1705 5388 Utrumque
1728 5316 1809 5371 deest
1834 5333 1865 5371 ra

162 5417 245 5457 ccccm
269 5402 304 5455 cil
329 5402 358 5454 ia
384 5401 451 5471 ipsc.
481 5403 573 5463 Deest,
601 5396 749 5453 secundum
775 5393 987 5471 sirnr'litcdirrcm
1040 5389 1258 5461 probatissimis
1278 5404 1362 5454 mss,
1379 5404 1504 5460 quarum
1521 5388 1570 5443 alii
1586 5386 1687 5458 legunt
1698 5387 1791 5458 pridie
1813 5387 1867 5470 tibi

163 5488 263 5539 aeum;
276 5472 306 5527 in
320 5470 407 5543 Vulg.
424 5477 452 5526 et
473 5472 503 5524 ia
526 5476 581 5532 vet,
602 5470 668 5523 edit
690 5468 789 5522 Ambr.
808 5467 884 5520 sicut
907 5469 935 5519 et
956 5480 985 5517 m
1040 5460 1144 5517 decore.
1160 5459 1403 5544 tlorb.usecunda
1426 5459 1654 5543 mauu,.decoruc
1672 5467 1772 5529 sormae
1789 5472 1865 5540 vicus

164 5542 432 5669 magbqqqstsecuti
446 5556 621 5665 ssuruciirss.mss
674 5608 822 5679 mnndum
836 5608 884 5662 Dei
897 5606 972 5661 comi
1040 5539 1080 5658 ἓξ
1089 5535 1202 5672 yquqtiqq
1217 5530 1266 5587 ain
1281 5535 1391 5599 autem,
1403 5532 1498 5603 pridie
1510 5529 1562 5585 atr
1576 5529 1778 5601 decoreformae
1789 5544 1866 5584 oeus

310 5631 341 5668 r.
375 5628 426 5668 um
463 5628 498 5667 au
625 5649 632 5662 .
974 5636 985 5645 ·
1196 5643 1202 5656 .

163 5614 254 5742 lirim.)
272 5683 341 5739 Cod.
358 5629 568 5753 cveropplures
583 5684 611 5735 et
633 5626 760 5749 pdtiores
782 5694 882 5734 vocem
896 5676 985 5733 cerisi-
