4159 6184
176 268 310 379 'nse
822 277 825 285 ’
959 314 1203 377 sationem
1334 336 1343 350 ·
1860 322 1942 384 usi

229 450 319 508 etiam
341 449 396 521 ipsi
422 447 471 521 qui
495 453 682 519 coronantur,
708 449 859 515 dolebunt,
879 448 953 519 justi
978 448 1055 503 enirn
1071 449 1098 515 Α
1113 451 1176 518 ejus
1191 450 1312 503 versasti
1328 448 1357 504 in
1380 449 1553 507 infirmitate
1567 453 1644 523 ejus.
1656 474 1670 501 a
1685 453 1757 518 Quis
1776 457 1825 509 eet
1846 451 1942 510 lectus

229 538 472 595 coronabuntur:
491 539 593 611 justus
622 542 721 595 autem
747 537 833 611 quasi
859 554 943 594 suem
971 541 1055 609 putat
1110 534 1229 607 doloris,
1245 536 1385 593 nisioaro
1407 534 1661 596 infirmitatisillt
1683 540 1866 599 beneleotus
1888 543 1943 598 do·

227 626 328 685 fratris
343 642 515 683 erumnam.
531 628 565 682 nt
579 626 646 699 quis
671 643 724 700 ego
746 644 811 683 sum
829 626 879 699 qui
894 626 930 682 de
944 625 995 681 illo
1005 626 1054 698 ju·
1109 624 1190 693 loris,
1205 625 1274 697 quie
1296 642 1404 698 eorpus
1432 631 1478 682 est
1505 628 1620 697 mortis,
1636 630 1674 684 de
1687 645 1746 702 quo
1764 645 1798 685 se
1819 628 1942 686 liberari

227 714 333 782 dicem,
349 730 408 787 qua
429 713 517 771 bomo
533 716 704 788 angelorum
731 715 862 772 conciliis
885 714 1056 771 inseretur?
1108 712 1281 785 deprecatur
1302 713 1460 787 Apostolus
1483 708 1769 790 (ltom.v11,24),'ut
1792 722 1943 791 tanquam

226 804 324 876 Ipsius
339 802 453 859 Domini
468 803 625 860 audiamus
641 805 816 860 sententiam
834 820 868 859 2«
881 802 995 871 Veniet,
1011 802 1055 859 in·
1108 802 1145 857 de
1159 800 1274 858 tumulo
1289 802 1417 874 quodam
1438 803 1534 875 possit
1554 804 1723 877 adsurgere,
1740 805 1771 860 in
1786 822 1848 877 quo
1862 824 1943 880 aegra

225 892 301 965 quit,
312 891 395 960 hora,
406 890 436 947 in
453 908 512 963 qua
526 908 628 948 omnes
643 892 693 965 qui
709 892 738 948 in
755 892 955 949 monumentis
970 895 1052 959 sunt,
1103 890 1184 961 jacet
1198 889 1306 958 anime,
1317 894 1346 945 et
1360 890 1445 961 quasi
1461 892 1589 964 quodem
1605 892 1755 949 decumbit
1770 894 1801 949 in
1816 881 1940 952 lectul'o

225 980 348 1037 audient
365 996 466 1037 vocem
493 980 556 1036 Filii
584 980 730 1050 bominis;
760 985 789 1037 et
817 980 975 1053 procedent
1001 980 1052 1052 qui
1108 977 1314 1050 Symmachus,
1330 1000 1345 1029 ιι
1367 976 1476 1036 lectum
1504 980 1631 1037 miseris
1649 1003 1664 1033 i
1689 982 1794 1039 dixit:
1818 984 1940 1056 Aquila,

221 1070 302 1126 bone
323 1069 466 1137 iecerunt,
481 1070 511 1126 in
537 1070 782 1127 resurrectionem
804 1070 869 1125 vitre
886 1084 893 1125 :
911 1068 962 1141 qui
985 1084 1052 1125 vero
1108 1089 1122 1116 ι(
1137 1066 1294 1140 grabatum
1306 1066 1655 1141 miserim-expressius
1665 1070 1860 1145 Septuaginta
1869 1073 1939 1142 viri,

223 1157 302 1215 mela
325 1163 458 1231 egerunt,
475 1158 505 1213 in
526 1158 768 1215 resurrectionem
789 1156 894 1230 judicii
917 1158 1006 1229 (loon.
1021 1174 1050 1225 v,
1105 1179 1120 1205 (ι
1135 1154 1244 1212 lectum
1259 1154 1380 1224 doloris,
1394 1180 1406 1209 ι
1421 1161 1600 1229 putaverunt
1613 1174 1680 1215 esse
1694 1159 1862 1217 dicendam.
1879 1160 1940 1218 llis

221 1248 257 1303 28
269 1249 298 1303 et
312 1246 369 1319 29).
381 1268 396 1296 a
411 1245 629 1303 iudicabuntur
652 1263 721 1320 ergo
735 1246 786 1319 qui
802 1245 880 1302 mala
903 1250 1026 1319 egerunt
1042 1264 1049 1301 :
1104 1260 1173 1316 ergo
1186 1244 1340 1300 versiculis
1364 1247 1505 1302 utendum
1520 1249 1566 1303 eet
1584 1249 1663 1320 apud
1678 1264 1729 1305 eos
1744 1248 1792 1321 qui
1814 1250 1936 1307 diutius

221 1338 252 1391 et
265 1334 331 1394 ideo
346 1333 425 1392 male
440 1335 503 1391 dies
517 1338 546 1391 et
560 1350 665 1408 aspera
678 1336 716 1391 eb
731 1335 796 1408 ipso
816 1334 917 1407 judice
933 1349 1050 1390 nuncu·
1104 1332 1275 1389 infirmitate
1289 1333 1420 1405 corporis
1443 1334 1622 1402 detinentur,
1638 1340 1672 1392 ut
1686 1335 1813 1393 babeant
1835 1339 1939 1395 medi·

222 1426 373 1497 patui-aut
385 1422 464 1481 scias
474 1422 546 1495 quia
557 1422 620 1495 ipsa
631 1422 716 1481 nobis
727 1422 904 1495 compatitur
919 1421 948 1477 in
960 1422 1050 1477 Dran·
1104 1420 1201 1477 cinam
1217 1421 1278 1489 Dei,
1292 1437 1353 1492 qua
1374 1420 1440 1478 sani
1453 1438 1519 1479 esse
1542 1428 1720 1481 mereantur.
1737 1425 1845 1481 Lectus
1865 1442 1941 1500 ergo

215 1511 308 1585 galis,
324 1511 376 1585 qni
391 1528 565 1584 compasmm
580 1518 626 1569 ast
638 1511 672 1569 in
684 1510 852 1584 prophetis..
1104 1508 1208 1564 enims
1224 1523 1291 1564 caro
1315 1508 1433 1565 infirma
1455 1512 1511 1575 est,
1528 1511 1613 1582 cujus
1635 1512 1806 1584 egritudini
1831 1514 1940 1569 anima

164 1639 169 1645 -
255 1601 283 1656 8.
301 1601 356 1659 Sed
384 1600 472 1656 etiam
501 1600 543 1655 sic
568 1616 729 1673 possumus
756 1599 888 1671 aeoipsrs
902 1614 911 1653 r
924 1621 939 1649 ιι
955 1598 990 1655 ln
1003 1597 1055 1655 die
1103 1596 1480 1670 nostraoompatitur,qua
1495 1595 1641 1655 sihabeat
1655 1600 1820 1671 adjutorem
1837 1602 1939 1658 Domi·

220 1690 308 1760 mela,
320 1712 334 1743 ιι
351 1688 407 1745 boo
430 1692 485 1756 est,
501 1689 530 1743 in
546 1692 678 1759 tempore
692 1686 787 1755 malo;
814 1686 946 1743 mundos
968 1684 1054 1743 enim
1103 1670 1193 1755 nam,
1202 1683 1273 1739 dicit
1286 1685 1313 1740 ei
1329 1702 1360 1739 ιιι
1376 1686 1480 1759 Surge,
1492 1686 1562 1742 tolle
1577 1686 1686 1743 lectum
1700 1692 1799 1756 tuum,
1814 1692 1847 1745 et
1861 1690 1937 1747 vade

219 1778 249 1833 in
265 1777 341 1834 malo
356 1776 471 1849 positus
486 1779 540 1831 est.
554 1775 587 1829 ut
601 1773 678 1829 idem
694 1772 765 1829 mali
777 1774 839 1830 dies
855 1774 943 1829 istius
959 1789 1047 1829 mun·
1062 1814 1087 1881 B
1103 1773 1134 1829 in
1157 1773 1280 1831 demam
1302 1777 1385 1831 taem
1408 1778 1487 1843 (tur.
1509 1792 1538 1842 v,
1561 1775 1620 1847 21),
1632 1797 1646 1825 »
1662 1778 1723 1842 Quo
1747 1778 1936 1835 confortatus

219 1866 260 1933 di,
276 1868 305 1921 et
320 1864 451 1921 abundat
466 1861 523 1919 diei
540 1862 652 1917 malitia
667 1879 731 1918 sua.
748 1862 812 1918 Non
830 1863 975 1919 mediocre
990 1866 1045 1931 est,
1101 1860 1153 1921 Dei
1178 1862 1265 1919 verbo
1288 1862 1340 1934 qui
1364 1878 1442 1936 ager
1462 1868 1537 1933 erat,
1550 1865 1647 1937 surgit
1668 1869 1698 1921 et
1718 1864 1799 1923 tollit
1821 1865 1933 1924 lectum

220 1958 252 2010 ut
265 1952 314 2011 hio
326 1952 486 2010 liberemur
507 1951 543 2008 eb
565 1951 682 2007 insidiis
697 1951 868 2023 peccatoris.
880 1950 934 2015 oui
959 1950 1048 2007 luerit
1101 1965 1189 2009 suum
1205 1948 1235 2005 in
1250 1966 1308 2023 quo
1318 1951 1447 2021 jacebat,
1462 1956 1493 2009 et
1505 1953 1584 2010 redit
1597 1952 1627 2009 in
1642 1957 1753 2013 statam
1769 1955 1935 2028 pristinum

218 2040 266 2098 hie
281 2040 535 2106 liberacrimine,
551 2038 591 2095 ibi
616 2038 670 2094 erit
693 2038 907 2113 liberapmna,
923 2043 1046 2097 etseve-
1100 2037 1247 2095 sanitatis.
1262 2039 1425 2096 Hooestin
1440 2041 1668 2103 domumsusm
1693 2044 1934 2118 regredi,utbe·

122 2187 126 2196 ,
218 2130 334 2187 ritatem
345 2128 452 2201 judicii
467 2127 567 2184 subire
582 2143 640 2183 non
652 2128 767 2199 poterit.
1099 2126 1170 2182 bitet
1183 2127 1213 2181 in
1223 2127 1372 2185 domicilio
1380 2128 1593 2186 robustissime
1608 2129 1796 2191 suetudinis
1805 2131 1860 2198 uui
1873 2131 1932 2191 ba·

252 2220 279 2274 9.
296 2218 390 2290 (Vera.
405 2216 446 2288 3.)
461 2216 497 2271 Dt
511 2216 576 2271 ideo
592 2216 665 2271 votis
689 2232 763 2288 opus
788 2219 834 2271 est
857 2218 886 2271 et
909 2216 1046 2289 precibus
1100 2214 1185 2280 bitet,
1196 2216 1272 2289 regit
1287 2234 1294 2272 ι
1312 2218 1364 2288 qui
1379 2218 1466 2290 regit,
1481 2218 1600 2275 virtutis
1612 2218 1703 2275 habet
1723 2219 1781 2277 sibi
1801 2221 1935 2295 μύω

217 2306 412 2380 quotidianis,
447 2308 476 2359 et
507 2303 697 2359 advocatione
733 2303 878 2375 Principis
911 2305 1045 2359 sacerdo·
1100 2304 1321 2377 suffragantem¹
1345 2305 1401 2362 Sed
1426 2306 1513 2362 etiem
1539 2311 1666 2364 stratum
1689 2324 1810 2364 omnem
1831 2316 1936 2368 aaut

217 2399 280 2452 tum
293 2392 408 2466 (lette
423 2407 480 2464 quo
496 2390 566 2446 dicit
576 2390 706 2447 ioannes
722 2390 906 2463 Dvangelista
918 2407 943 2446 z«
954 2392 1047 2447 Advo-
1099 2391 1242 2450 Dominus
1256 2392 1287 2448 iu
1306 2392 1478 2450 infirmitate
1499 2394 1676 2467 languentis,
1693 2396 1741 2451 oui
1762 2398 1869 2454 adesse
1883 2400 1932 2454 di·

217 2486 316 2540 catum
331 2481 477 2537 babemus
491 2479 569 2551 apud
586 2478 699 2534 Patrem
715 2478 873 2534 Dominum
889 2478 1000 2548 lesum,
1017 2483 1046 2535 et
1098 2487 1217 2553 gnatur.
1233 2481 1315 2546 Quod
1338 2486 1480 2551 versatur,
1497 2490 1607 2540 statum
1628 2489 1736 2553 mutat,
1751 2491 1855 2543 autea
1876 2504 1931 2545 se·

217 2574 224 2627 i
229 2588 280 2645 pse
294 2574 339 2627 est
353 2568 519 2643 deprecatio
537 2584 588 2640 pro
610 2566 738 2639 peccatis
754 2567 862 2623 nostris
878 2568 904 2641 (1
915 2569 993 2625 loon.
1011 2586 1043 2637 ιι,
1098 2569 1189 2625 nitate
1202 2568 1233 2625 in
1249 2570 1463 2643 egritudinem,
1480 2578 1531 2628 aut
1550 2590 1584 2628 ex
1604 2573 1779 2646 egritudine
1794 2576 1832 2631 ad
1847 2579 1929 2632 sani-

216 2663 244 2729 1,
258 2662 298 2729 2).
310 2682 325 2712 »
337 2659 389 2715 llio
414 2673 482 2729 ergo
509 2658 668 2712 advocatus
695 2658 803 2724 noster,
825 2660 854 2713 et
877 2656 1043 2729 deprecatio
1098 2660 1198 2713 tatem.
1215 2657 1267 2713 llio
1282 2673 1350 2730 ergo
1375 2658 1425 2730 qui
1444 2664 1575 2732 egrotat,
1592 2666 1689 2718 versat
1710 2678 1743 2719 se
1767 2662 1805 2719 ed
1830 2680 1929 2721 mme-

217 2766 267 2822 pro
282 2746 409 2821 peccatis
424 2746 515 2803 totius
530 2744 628 2801 secuti
643 2748 707 2801 orat
723 2745 888 2817 prosequi
904 2742 1044 2818 intelligit
1098 2744 1180 2801 dium
1197 2744 1342 2801 sanitatis.

214 2843 245 2896 et
259 2837 352 2894 credit
366 2836 395 2893 in
411 2834 574 2903 Christum,
590 2836 619 2889 et
632 2833 704 2889 dicit
718 2849 725 2887 :
739 2852 754 2883 ιι
769 2832 912 2890 Dominus
928 2849 1044 2890 conser-
1134 2834 1176 2889 13.
1194 2834 1241 2889 Sic
1255 2850 1324 2905 ergo
1346 2834 1488 2892 Dominus
1510 2836 1609 2904 lesus,
1623 2838 1679 2893 etsi
1692 2838 1867 2896 volneratus
1880 2845 1929 2897 est

215 2930 262 2983 vet
277 2941 355 2993 eum,
371 2928 400 2980 et
413 2923 539 2979 vivificet
555 2937 633 2990 eum,
650 2926 679 2976 et
697 2920 817 2977 beatum
832 2921 921 2977 iaciat
934 2936 1013 2977 eum.
1027 2942 1042 2971 »
1096 2926 1216 2994 propter
1228 2928 1347 2995 peccata
1370 2930 1481 2992 nostra,
1496 2929 1595 2981 tamen
1611 2943 1670 2982 non
1684 2926 1715 2981 in
1729 2926 1783 2983 illa
1797 2928 1928 2984 infirmi·

215 3016 371 3072 Conservet
388 3008 568 3084 apericulis,
583 3008 708 3068 vivificet
733 3012 876 3081 tanquam
892 3010 921 3065 in
937 3007 1041 3067 mortis
1097 3016 1155 3066 tate
1173 3013 1345 3083 permansit,
1360 3012 1411 3067 sed
1434 3028 1467 3069 se
1490 3013 1553 3086 ipse
1566 3015 1693 3071 versavit
1706 3017 1737 3070 in
1752 3014 1863 3074 melius
1885 3018 1927 3073 ad

215 3102 345 3162 tenebris
360 3099 564 3166 constitutum,
576 3099 695 3155 beatum
708 3097 801 3153 lacere
816 3098 959 3154 bonorum
976 3114 1040 3170 ope·
1095 3099 1298 3155 universorum
1320 3097 1456 3154 salutem.
1481 3101 1583 3172 ltaque
1604 3101 1740 3173 passione
1762 3103 1927 3162 infirmitas

217 3209 282 3249 rum
299 3188 464 3249 accessione
479 3188 625 3260 dignetur.
1055 3177 1076 3245 G
1095 3192 1141 3243 est
1154 3187 1261 3254 soluta,
1278 3202 1358 3243 mors
1376 3188 1598 3246 resurrectione.
1613 3190 1696 3246 Sicut
1716 3207 1786 3265 ergo
1801 3208 1836 3249 es
1858 3194 1927 3266 ipse

251 3283 293 3338 10.
308 3302 322 3331 «
335 3280 370 3335 nt
379 3278 529 3344 emundet,
546 3276 652 3344 inquit,
666 3275 694 3329 in
709 3279 786 3331 terra
795 3275 884 3331 vitam
895 3276 959 3345 ejus
971 3272 1038 3346 (20).
1094 3276 1220 3331 versavit
1242 3276 1278 3331 ad
1298 3274 1473 3349 populorum
1488 3278 1733 3351 redemptionem,
1749 3297 1803 3336 neo
1826 3282 1929 3339 sensit

214 3372 290 3427 Bene
305 3366 429 3432 eddidit,
445 3366 476 3422 in
490 3368 583 3431 terre,
595 3364 665 3435 quia
676 3362 733 3418 nisi
748 3362 796 3418 bio
807 3363 966 3419 mundatus
981 3364 1042 3418 sue·
1094 3364 1229 3421 aculeum
1258 3363 1371 3435 mortis,
1386 3369 1438 3420 aut
1465 3364 1595 3423 vulneris
1621 3366 1825 3426 infirmitatem
1846 3387 1855 3426 ε
1876 3372 1928 3428 sio

214 3460 261 3527 rit,
279 3458 319 3513 ibi
344 3456 475 3513 mundus
499 3468 564 3510 esse
593 3468 650 3507 non
675 3449 853 3524 poterit.Vel
879 3456 955 3508 certe
984 3454 1039 3512 hoo
1094 3469 1161 3508 eum
1177 3451 1227 3525 qui
1242 3452 1271 3507 in
1287 3468 1318 3508 se
1337 3451 1440 3521 credit,
1455 3454 1510 3511 etsi
1524 3456 1654 3529 graviter
1666 3461 1870 3530 aegrotantem,
1887 3466 1927 3515 ut

214 3547 300 3605 modo
316 3562 350 3601 :n
368 3542 513 3601 Dmundet
532 3542 561 3597 in
584 3546 670 3597 terra.
685 3539 861 3607 »Quomodo
877 3542 956 3598 enim
972 3545 1040 3615 quis
1094 3558 1111 3596 a
1139 3546 1232 3597 morte
1260 3540 1372 3608 liberet,
1396 3547 1492 3599 versat
1516 3544 1555 3599 ed
1577 3543 1677 3601 vitem.
1697 3546 1822 3603 Omnem
1850 3564 1925 3619 ergo

214 3635 343 3693 mundus
366 3633 397 3688 in
420 3632 497 3700 luto;
513 3646 580 3686 cum
611 3635 690 3685 terra
709 3646 775 3685 eum
806 3629 949 3685 obliniat?
965 3633 1039 3704 Drgo
1094 3629 1296 3697 stratum,hoc
1311 3635 1366 3697 est,
1377 3630 1580 3689 universorum
1594 3632 1751 3689 bominum
1765 3634 1927 3691 infirmite-

213 3724 328 3781 Domini
344 3738 450 3779 manus
473 3724 516 3775 est
540 3718 793 3789 necessariaque
811 3718 876 3774 lecit
902 3722 937 3775 de
962 3724 1039 3776 terra
1093 3724 1153 3773 tem
1169 3720 1196 3771 in
1213 3734 1269 3773 sua
1288 3717 1460 3774 infirmitate
1481 3720 1617 3776 versavit.
1629 3721 1765 3794 Suscepit
1778 3722 1858 3780 enim
1873 3725 1926 3779 in-

212 3829 333 3886 corpus;
350 3815 384 3868 ut
399 3810 463 3883 ipsa
478 3808 622 3863 mundare
637 3806 784 3879 dignetur.
1093 3806 1249 3862 firmitates
1263 3806 1396 3862 omnium
1420 3806 1451 3862 in
1466 3823 1521 3864 sua
1545 3824 1642 3878 carue,
1658 3811 1749 3866 erexit
1761 3828 1794 3868 se
1808 3813 1838 3867 in
1851 3828 1923 3868 cru·

247 3900 322 3957 8⁷1
340 3900 384 3957 11.
401 3898 494 3969 (Vere.
511 3896 550 3967 3.)
564 3916 577 3945 u
594 3895 627 3950 m
643 3910 699 3949 non
714 3893 811 3950 tradat
831 3909 898 3949 eum
922 3895 951 3950 in
977 3912 1038 3953 ma·
1093 3912 1167 3964 eam,
1179 3898 1208 3950 et
1222 3895 1348 3950 versavit
1362 3894 1495 3951 omnium
1510 3896 1699 3955 infirmitates
1713 3900 1745 3955 ia
1759 3901 1807 3956 sui
1819 3916 1926 3973 eorpo-

213 4007 269 4047 nus
283 3986 397 4045 inimici
411 3988 476 4056 ejus
492 3984 559 4055 (20).
572 4004 586 4034 »
604 3983 674 4048 Quis
689 3986 733 4040 est
748 3981 904 4051 inimicus;
922 3982 977 4042 nisi
993 3984 1038 4041 leo
1093 3984 1134 4039 ris
1150 3983 1330 4039 infirmitate.
1340 3982 1422 4039 Unde
1436 3984 1508 4040 dicit
1521 3985 1613 4043 Isaiae
1624 4003 1631 4042 :
1642 4010 1656 4038 ιι
1670 3987 1770 4045 livore
1784 3990 1849 4061 ejus
1864 4006 1926 4048 uos

212 4081 261 4137 ille
279 4078 329 4152 qui
353 4076 459 4133 oirouit
481 4074 613 4146 rugiens,
629 4087 762 4143 quaerens
787 4086 875 4141 quern
898 4072 1039 4129 devoret?
1093 4073 1188 4128 sanati
1212 4088 1317 4127 sumus
1340 4071 1403 4143 (lso.
1420 4090 1480 4142 aur,
1495 4074 1563 4146 5).»
1578 4074 1692 4133 Habent
1713 4076 1769 4133 hoo
1792 4077 1925 4135 luctato·

211 4168 267 4226 Alii
282 4166 392 4225 babent
406 4163 497 4221 Greci
515 4179 521 4217 :
536 4182 549 4213 κ
566 4162 602 4216 nt
626 4176 684 4216 non
708 4159 805 4215 tradat
830 4175 897 4215 eum
921 4160 951 4215 in
976 4162 1038 4217 eni·
1093 4178 1150 4230 res,
1167 4164 1199 4216 ut
1215 4177 1246 4216 se
1269 4160 1429 4232 subjiciant
1442 4162 1480 4218 iis
1499 4162 1609 4236 quibus
1630 4165 1861 4238 congrediuntur
1874 4174 1925 4225 at·

214 4275 278 4315 inas
292 4254 480 4313 inimieorum
501 4252 576 4323 ejus.
590 4271 604 4300 »
619 4248 739 4305 Animas
754 4264 807 4322 pro
823 4248 961 4305 manibus
985 4266 1037 4321 po·
1093 4266 1151 4323 que
1165 4247 1323 4321 laetantur,
1340 4254 1373 4305 ut
1386 4251 1513 4324 opprimi
1535 4268 1622 4324 posse
1646 4253 1807 4323 videantur,
1820 4260 1852 4311 et
1865 4272 1924 4312 su·

212 4348 283 4413 suit,
295 4362 329 4402 eo
345 4344 423 4416 quod
436 4341 623 4398 inimicorum
635 4338 739 4395 anima
751 4336 835 4393 bonis
851 4336 1038 4408 insidientur,
1093 4339 1154 4395 bito
1168 4355 1235 4395 cum
1257 4339 1387 4411 superati
1407 4339 1593 4396 estimantur
1605 4339 1730 4413 elidunt,
1745 4349 1775 4398 et
1786 4343 1923 4415 quadam

212 4437 241 4489 et
259 4431 487 4505 cogitationibus
512 4430 575 4485 suis
595 4430 711 4499 justum
736 4430 879 4482 conentur
899 4432 1037 4484 evertere.
1093 4433 1154 4483 arte
1169 4428 1225 4499 (21)
1240 4444 1273 4483 se
1286 4430 1413 4499 versant,
1430 4433 1464 4483 ut
1483 4428 1636 4485 effundant
1656 4431 1848 4503 superiorem.
1863 4433 1923 4490 Ga-

213 4520 357 4576 Dicuntur
371 4521 400 4574 st
414 4520 517 4573 animm
543 4532 595 4588 pro
619 4513 800 4571 hominibus.
812 4536 826 4562 «
843 4513 952 4569 Omnes
974 4514 1035 4569 adi·
1052 4543 1076 4607 D
1093 4517 1136 4572 dit
1150 4516 1202 4587 qui
1217 4516 1398 4589 portabatur,
1414 4519 1444 4573 et
1458 4517 1484 4573 is
1498 4518 1548 4589 qui
1564 4518 1709 4591 portabat,
1725 4520 1861 4592 superior
1874 4522 1924 4579 in-

212 4626 265 4665 rnae
288 4606 489 4680 septuaginta,
506 4621 570 4677 qum
586 4602 801 4659 descenderunt
827 4600 857 4656 in
879 4606 1037 4675 AEgyptum
1091 4604 1218 4671 venitur,
1233 4609 1267 4659 ut
1282 4608 1394 4660 sternat
1417 4611 1581 4679 urgentem.
1597 4606 1728 4681 Spiriteli
1751 4609 1854 4681 itaque
1868 4628 1924 4683 pa·

210 4697 289 4768 (Geo.
305 4712 381 4765 xcvi,
397 4696 454 4766 27),
466 4715 480 4744 »
497 4694 564 4748 ldro
580 4698 610 4747 et
623 4691 712 4747 David
729 4689 833 4745 maluit
847 4690 897 4747 Dei
914 4706 945 4747 se
960 4708 1037 4747 com·
1092 4692 1181 4749 lestre
1194 4693 1339 4750 Dominus
1358 4692 1445 4750 iesus
1470 4710 1559 4751 onera
1583 4701 1685 4752 nostra
1707 4696 1875 4770 suscipiens
1889 4699 1924 4755 in

211 4788 326 4844 mittere
351 4783 498 4859 potestati,
519 4796 608 4853 qoam
630 4777 747 4834 insidiis
771 4776 969 4847 inimicorum,
986 4780 1035 4852 qui
1090 4780 1141 4838 illa
1155 4798 1187 4839 se
1205 4781 1353 4853 passionis
1377 4798 1436 4838 sus
1461 4784 1668 4856 congressione
1690 4785 1828 4857 subiecit,
1843 4791 1874 4843 et
1888 4789 1924 4845 in

210 4891 328 4949 parcere
343 4889 399 4931 sua
412 4869 562 4929 volontate
576 4868 732 4925 nescirent.
1090 4870 1274 4926 infirmitatis
1297 4871 1404 4943 specie,
1420 4877 1453 4926 ut
1466 4888 1534 4928 eum
1556 4872 1742 4930 adversarius
1765 4873 1923 4933 bominem

247 4966 290 5022 12.
308 4962 401 5038 (Vere.
418 4961 458 5034 1.)
482 4958 643 5031 Sequitur:
661 4980 674 5006 ι
693 4954 833 5011 Dominus
858 4973 941 5029 opem
965 4959 1037 5014 ferat
1091 4976 1192 5032 parem
1207 4960 1318 5015 caeteris
1335 4960 1492 5031 judicaret,
1505 4977 1591 5033 quem
1609 4960 1692 5018 facile
1707 4969 1808 5034 posset
1816 4966 1923 5037 oppri-

211 5052 253 5108 illi
268 5068 359 5125 supra
373 5051 481 5107 lectum
497 5046 605 5104 doloris
620 5048 703 5118 ejus:
720 5045 890 5101 universum
910 5050 1035 5104 stratum
1091 5064 1180 5117 mere,
1191 5047 1353 5105 divinitatis
1370 5065 1453 5105 arma
1466 5049 1614 5123 deposuit,
1627 5050 1823 5109 humanitatis
1839 5054 1921 5113 8²2

246 5194 302 5266 (19)
320 5194 403 5250 llom.
421 5191 491 5247 edit.
515 5189 587 5259 sola,
613 5190 751 5259 Pontificio
774 5188 915 5258 mopsi...
931 5197 957 5244 et
980 5192 1037 5261 ipre
1126 5192 1182 5264 (20)
1197 5191 1349 5248 Habentur
1362 5207 1397 5247 ea
1415 5192 1502 5247 verba
1522 5191 1553 5247 in
1577 5192 1665 5249 Pselt.
1681 5210 1754 5251 mss.
1771 5195 1873 5251 Germ.
1888 5202 1920 5253 et

211 5272 251 5319 ert
263 5266 424 5337 propitiatio
446 5278 495 5335 pro
516 5262 645 5333 percotis.
661 5259 744 5316 Haud
768 5258 856 5315 dubie
870 5258 941 5329 quia
961 5260 1035 5317 nllu·
1091 5264 1175 5320 Carn.
1193 5278 1306 5319 necnon
1321 5264 1405 5319 Rom.
1418 5262 1494 5319 edito
1507 5279 1555 5321 nu.
1569 5266 1654 5334 1583,
1670 5264 1701 5322 in
1715 5267 1920 5325 omnibusne·

211 5351 278 5389 stan
303 5337 444 5407 putarunt
469 5334 505 5389 ed
528 5332 599 5387 illud
626 5330 766 5401 Hebr.1v,
784 5331 816 5386 tt
834 5341 970 5402 τἜγοντις
993 5340 1036 5391 οὖν
1090 5338 1149 5391 tem
1165 5334 1231 5391 aliis
1247 5335 1463 5391 desiderantur.

210 5411 327 5477 ἀρχιερέα
350 5413 440 5475 ptysi,
457 5410 486 5459 et
506 5404 542 5459 ad
566 5403 646 5459 istud
669 5402 753 5458 Joan.
779 5418 810 5470 11,
838 5405 942 5466 Μαι
954 5412 1034 5475 αὐτος,
1126 5405 1182 5488 (21)
1197 5405 1241 5462 lte
1263 5407 1326 5463 eod.
1342 5405 1408 5462 Vat.
1431 5409 1461 5463 et
1484 5411 1611 5491 quatuor
1634 5408 1736 5467 Gallio.
1761 5409 1817 5466 etii
1837 5426 1917 5479 vero,

212 5481 312 5545 ίλασμὸς
327 5481 377 5532 ieri
390 5484 503 5547 περὶτῶν
512 5482 637 5549 ἁμαρτιῶν
651 5480 731 5545 ἡμῶν.
741 5471 951 5538 Verumtamen
962 5476 1036 5535 nihil
1091 5477 1174 5547 edit„
1194 5493 1258 5536 011111
1284 5479 1441 5538 aestimoior
1466 5478 1552 5543 elidii
1577 5480 1673 5553 Rom„
1697 5483 1771 5551 elidi,
1795 5481 1919 5558 1111111111

211 5549 266 5612 eet,
283 5561 335 5627 cnr
356 5549 508 5674 ριῗριὲιοι
531 5543 694 5605 versionem
717 5546 864 5605 Ambrosii
889 5547 1035 5615 existime-
1090 5556 1159 5628 orte,
1175 5552 1230 5609 ste.

212 5628 444 5683 111111111111111111
467 5630 525 5677 bm-
