4159 6184
221 295 281 358 203
945 291 977 355 S.
1002 288 1192 356 auuuosu
1862 297 1924 360 20⁴

221 427 392 498 finnomento
402 424 465 481 celi
476 423 513 481 nd
526 424 759 482 illuminationem
768 425 936 497 mnemon.
949 442 969 495 i,
986 424 1040 496 44).
1057 429 1176 492 Anam,
1193 425 1243 496 qui
1259 429 1406 499 perpetue
1428 427 1532 484 mortis
1551 427 1734 502 urgebantur
1748 445 1875 487 occasu:
1894 433 1926 486 et

220 513 292 581 Quis
306 513 362 572 hoc
376 512 469 570 dicit?
481 513 560 570 Deus
573 512 652 569 dicit.
668 514 704 569 ut
717 513 765 570 oui
782 514 854 570 dicit
867 513 925 569 nisi
941 513 1042 568 Filio?
1098 512 1226 570 Ecclesia
1240 517 1372 588 tempora
1397 533 1451 573 sua
1473 515 1590 588 haheat,
1611 517 1824 590 persecutionis
1839 517 1926 574 uide·

220 603 299 661 Deus
313 615 382 677 ergo
395 602 481 658 Pater
507 601 579 658 dicit
600 618 607 656 ε
635 602 698 658 Fiat
717 602 760 658 sol
780 619 787 657 :
814 606 843 659 et
865 601 956 658 Filius
976 601 1044 657 fecit
1097 599 1164 656 licet
1178 605 1206 656 et
1221 603 1310 674 pacis.
1325 604 1397 660 Nam
1413 604 1529 661 videtur
1542 606 1620 662 sicut
1633 605 1704 663 luna
1720 606 1853 674 deficere,
1871 607 1926 663 sed

221 691 325 749 solem.
340 691 469 764 Dignum
484 691 563 747 enim
577 694 649 760 erat,
665 694 698 746 ut
709 691 801 748 solem
817 691 920 747 mundi
936 691 1044 746 faceret
1098 705 1154 745 non
1173 690 1464 750 deficitobumbrari
1474 697 1580 766 potest,
1595 695 1720 752 delicere
1733 711 1789 752 non
1807 699 1925 768 pctest;

222 779 270 838 Sol
280 779 414 852 justitia.
432 779 496 852 lpse
510 796 578 852 ergo
594 779 702 836 eumin
716 779 816 836 lumen
833 780 964 844 adduxit,
980 780 1044 851 ipse
1098 778 1167 849 quio
1183 778 1349 852 aliquorum
1366 780 1484 853 quidem
1499 782 1529 838 in
1547 783 1801 856 persecutionibus
1812 784 1926 841 disces·

221 883 289 926 eum
303 867 491 939 illuminavit,
506 868 569 940 ipse
581 868 607 924 ei
624 868 741 924 donavit
764 869 904 925 fundendi
921 865 1044 923 luminis
1098 865 1179 921 sione
1196 866 1349 935 minuitur,
1366 870 1398 922 ut
1418 873 1579 942 martyrum
1607 869 1842 926 confessionibus
1867 870 1927 926 im·

221 959 406 1030 potestatem.
418 958 523 1014 Factus
534 959 653 1030 estergo
665 957 707 1013 sol
718 975 725 1026 ;
737 958 802 1013 ideo
816 962 844 1013 et
866 958 929 1029 ipse
942 956 1042 1025 servit,
1097 953 1221 1026 plentur,
1237 959 1266 1011 et
1281 955 1365 1012 effusi
1382 973 1434 1029 pro
1449 957 1563 1014 Christo
1591 959 1745 1032 sanguinis
1765 959 1926 1016 clarificata

221 1046 362 1118 quoniam
382 1045 494 1101 dictum
518 1050 580 1102 est:
597 1045 729 1101 Fundasti
750 1050 863 1114 temam
888 1049 914 1100 et
932 1061 1043 1116 permo-
1097 1042 1227 1099 victoriis
1250 1044 1349 1116 majus
1373 1043 1534 1101 devotionis
1564 1064 1623 1102 sure
1649 1050 1678 1104 ct
1692 1048 1759 1104 fldei
1776 1051 1837 1104 toto
1854 1049 1925 1105 orbe

113 1169 124 1185 a
219 1140 286 1192 net:
299 1135 477 1206 dispositione
501 1140 550 1190 ino
569 1139 710 1206 pennonet
732 1134 802 1200 dies,
827 1136 958 1206 quoniam
978 1135 1043 1189 uni·
1098 1131 1198 1186 lumen
1214 1132 1353 1189 effundat.
1369 1133 1502 1205 Namque
1515 1135 1586 1191 lune
1600 1135 1723 1193 luminis
1738 1137 1925 1194 imminutio·

220 1224 502 1280 uersoseruiunttiii
530 1224 616 1294 (Psoi.
646 1241 741 1293 mviii,
770 1225 841 1279 OOet
855 1223 911 1294 91).
928 1223 1042 1277 Etenim
1098 1236 1164 1275 nem
1191 1220 1279 1276 habet
1302 1239 1360 1277 non
1386 1225 1526 1295 corporis,
1551 1225 1669 1296 quando
1684 1225 1826 1298 pervices
1841 1242 1925 1282 men·

220 1329 288 1370 cum
303 1313 366 1369 dies
382 1312 498 1384 serviat,
514 1313 659 1384 quomodo
674 1329 732 1367 non
758 1312 848 1367 servit
862 1311 916 1377 sol,
933 1311 982 1383 qui
998 1311 1043 1366 fa·
1098 1312 1196 1364 struas
1210 1310 1353 1382 deponere
1369 1311 1482 1367 videtur
1492 1311 1591 1368 lumen
1608 1329 1705 1381 suum,
1723 1317 1756 1369 ut
1771 1318 1927 1370 mutuetur

220 1406 286 1460 ctus
301 1401 391 1459 estin
406 1404 579 1473 potestatem
595 1399 676 1457 dieii
702 1401 852 1466 Quomodo
881 1416 939 1455 non
954 1398 1045 1455 servit
1098 1396 1209 1466 esole;
1226 1399 1304 1471 quod
1334 1398 1419 1455 focile
1444 1417 1517 1472 puro
1547 1417 1613 1457 acre
1642 1406 1730 1474 atque
1755 1403 1924 1474 perspicuo,

220 1489 506 1563 luneetstellae,quu
518 1490 599 1546 facte
609 1495 680 1545 sunt
690 1489 721 1544 in
736 1493 909 1561 potestatem
921 1488 1014 1543 noctis
1029 1487 1043 1543 ‘t
1099 1486 1215 1558 quando
1233 1485 1313 1542 nullu
1327 1503 1392 1544 eam
1402 1487 1529 1545 obducta
1539 1488 1648 1545 nebula
1658 1489 1924 1564 caligantemfacit,

220 1580 336 1638 Etenim
349 1583 462 1652 quanto
475 1579 616 1651 majorem
627 1577 808 1651 bisgraiiam
824 1577 1043 1633 Creatordona-
1099 1574 1195 1646 colligi
1221 1578 1325 1647 potest.
1346 1575 1431 1632 Orbis
1460 1577 1539 1633 enim
1570 1576 1647 1634 lunae
1672 1578 1786 1652 integer
1811 1585 1923 1646 manet,

220 1672 382 1739 vit,utaer
407 1669 493 1726 solito
517 1667 646 1740 amplius
667 1666 738 1723 solis
759 1665 890 1722 claritate
914 1664 1044 1738 resplen-
1099 1662 1152 1718 etsi
1183 1680 1240 1718 non
1270 1663 1406 1720 similiter
1433 1669 1522 1734 lotus,
1540 1669 1573 1721 ut
1601 1683 1669 1739 pars
1695 1667 1924 1742 ejuseffulgest.

221 1760 298 1829 deal,
315 1759 378 1817 dies
387 1757 519 1815 serenius
530 1757 636 1824 lucent,
649 1755 743 1812 noctis
754 1753 957 1810 illuminentur
967 1758 1045 1809 tene·
1098 1752 1133 1806 lli
1148 1751 1244 1823 qualis
1261 1752 1351 1807 videri
1367 1753 1442 1809 solet
1455 1770 1523 1810 oum
1540 1753 1645 1828 plenus
1660 1760 1706 1812 est
1730 1755 1862 1824 luminis,
1878 1760 1926 1813 ta·

220 1849 279 1905 bre
294 1865 345 1922 per
358 1850 435 1904 lune
450 1846 661 1919 stellarumque
674 1845 827 1917 fulgorem,
844 1843 949 1899 eoelum
963 1842 1043 1899 velut
1099 1839 1136 1896 lia
1151 1844 1196 1895 est
1223 1841 1425 1913 magnitudine
1442 1859 1449 1896 :
1476 1842 1527 1898 sed
1544 1859 1596 1915 per
1610 1845 1746 1900 umbram
1762 1845 1924 1918 quamdam

221 1938 400 2014 quibusdam
416 1936 537 1993 floribus
549 1931 1044 2006 coronatum,itaignifisluminari·
1098 1928 1208 2016 lumine
1235 1945 1289 1984 suo
1319 1928 1456 1986 viduatus
1480 1936 1611 2004 apparet.
1645 1931 1680 1988 ut
1711 1932 1780 1989 inde
1811 1949 1925 1992 cornua

220 2028 277 2085 bus
291 2027 430 2095 micet,ut
442 2025 579 2098 paradiso
593 2028 677 2096 putes
687 2022 978 2093 vernantedepictum
988 2019 1045 2092 spi·
1097 2019 1161 2086 ejus
1176 2017 1337 2090 refulgent;
1355 2017 1425 2090 quia
1438 2035 1544 2091 corpus
1563 2021 1627 2092 ejus
1642 2019 1671 2076 in
1695 2022 1796 2078 orbem
1810 2023 1925 2080 diffun-

220 2117 350 2173 rantium
366 2131 500 2172 rosarum
508 2113 582 2169 vivis
598 2111 758 2168 monilibus
777 2109 914 2166 renitere:
931 2113 1042 2181 quanto
1096 2107 1186 2174 ditur,
1202 2111 1232 2162 et
1246 2105 1324 2162 velut
1338 2106 1490 2164 deficiente
1512 2109 1654 2181 portionis
1674 2107 1739 2167 luce
1754 2111 1925 2170 insinuatur

219 2206 311 2279 igitur
324 2203 453 2277 amplius
480 2202 527 2258 his
551 2201 664 2258 decoris
678 2200 794 2256 videtur
811 2215 876 2256 esse
891 2197 1041 2264 collatum,
1098 2196 1164 2266 (47).

219 2298 301 2352 unte
317 2293 444 2367 amplius
459 2292 575 2348 debent.
592 2290 644 2346 Cui
659 2289 738 2346 enim
753 2288 821 2363 plus
836 2286 1040 2354 committitur,
1412 2321 1530 2378 CAPUT
1556 2323 1603 2379 HL

220 2383 287 2457 plus
312 2383 408 2439 debet.
424 2380 538 2436 Etideo
555 2376 820 2451 beneaplerisque
835 2379 1041 2432 ornamentum
1096 2427 1143 2483 Al,
1299 2457 1300 2460 Ἴ
1434 2428 1467 2439 ,,
1541 2429 1546 2440 ,
1633 2431 1638 2442 ,
1798 2434 1803 2444 ,
1853 2436 1857 2446 ,

219 2472 283 2529 coeli
298 2475 344 2530 est
352 2473 566 2542 nuncupatum,
579 2483 613 2524 eo
623 2467 701 2539 quod
717 2466 756 2522 sit
766 2464 917 2521 stellarum
932 2463 1041 2521 monile
1132 2425 1265 2553 {mmm
1286 2425 1743 2571 ἑζηᾏῗθιέᾗξᾏωαῗῶἶὶξᾝῖ
1765 2431 1923 2573 gemm

219 2562 391 2635 mimm-
1131 2569 1268 2640 duplicem
1295 2585 1350 2625 esse
1383 2571 1456 2640 ignis
1488 2573 1682 2642 operationem,
1715 2573 1874 2631 illuminare
1893 2586 1924 2634 et

239 2652 280 2706 o.
296 2653 392 2721 Atque
407 2651 441 2703 ut
455 2647 584 2704 sciemus
599 2645 669 2718 quia
679 2643 814 2700 fertilitas
826 2647 971 2698 terrarum
982 2658 1041 2698 non
1131 2656 1220 2700 urere,
1237 2655 1299 2711 qliae
1313 2643 1344 2695 iu
1367 2641 1545 2697 retributione
1564 2645 1725 2699 meritorum
1747 2647 1922 2716 separabun-

218 2738 309 2797 calori
323 2737 395 2795 solis
410 2735 577 2803 ascribitur,
593 2734 645 2789 sed
663 2733 767 2788 divina
785 2729 975 2802 indulgentie
990 2730 1042 2784 de·
1132 2715 1187 2766 Wl-
1204 2713 1288 2766 Dium
1315 2712 1372 2794 444ςὶ
1395 2714 1487 2796 ignem
1512 2721 1680 2784 exorcistam,
1701 2724 1727 2771 et
1769 2733 1920 2777 menuae.

218 2832 348 2901 putatur,
363 2826 405 2882 ait
419 2823 581 2896 Propheta:
598 2821 724 2877 Omma
738 2825 763 2875 w
777 2822 942 2890 mmm,
957 2822 987 2872 u,
997 2817 1043 2873 des
1130 2783 1267 2838 Postremo
1280 2797 1354 2837 cmm
1366 2799 1473 2855 corpori
1484 2799 1563 2840 suom
1574 2785 1701 2842 umbram
1714 2786 1749 2842 cd
1808 2804 1862 2846 ere.

218 2917 277 2972 illis
291 2917 384 2971 cibum
398 2915 429 2968 in
443 2921 579 2984 tempure:
599 2910 682 2964 dante
696 2917 721 2964 te
739 2909 809 2975 iltis,
834 2908 962 2976 colligent
975 2907 1039 2975 siti,
1131 2908 1157 2960 8.
1175 2906 1287 2961 Movere
1302 2910 1400 2962 autem
1425 2910 1520 2979 potest
1538 2909 1616 2980 quod
1643 2908 1701 2966 eit:
1725 2912 1808 2967 Fiant
1831 2913 1921 2970 lumi.

218 3006 358 3078 operiente
373 3005 399 3058 te
420 3017 543 3068 manum,
567 2999 696 3054 uniuerso
709 2996 898 3069 implebuntur
922 2995 1042 3051 tondete
1094 2996 1175 3050 nario
1199 2995 1234 3050 ud
1260 2995 1494 3051 illuminationem
1519 3011 1602 3068 super
1630 3005 1732 3054 tet-rom
1760 2999 1826 3072 (48),
1855 3016 1922 3074 quae

218 3093 276 3168 (45)
291 3092 375 3166 (Ptol.
398 3106 459 3159 cur,
482 3091 529 3155 27,
552 3090 609 3156 28).
631 3087 666 3142 ut
680 3085 774 3141 infra:
792 3085 890 3140 limitte
904 3083 1041 3156 Spiritum
1095 3083 1252 3140 discernant
1267 3084 1339 3139 inter
1350 3083 1423 3140 diem
1437 3092 1463 3140 et
1477 3089 1582 3140 nomem
1597 3084 1672 3157 (Gen.
1692 3101 1711 3152 t,
1730 3088 1786 3160 14).
1803 3089 1875 3153 Ouia
1889 3095 1922 3147 et

218 3191 297 3240 tuum
311 3185 337 3237 et
349 3179 524 3243 creabuntur,
535 3185 561 3232 et
581 3175 724 3232 renouatio
737 3176 837 3246 taciem
852 3177 933 3230 terre
956 3173 1037 3242 (ibid.
1055 3161 1076 3226 C
1096 3189 1186 3244 supra
1207 3173 1281 3244 jim,
1307 3171 1357 3228 ubi
1381 3171 1481 3228 lumen
1508 3173 1586 3243 fecit,
1612 3174 1751 3232 dixerat:
1778 3177 1921 3250 &meavit

219 3273 286 3347 (30).
316 3271 352 3341 ut
372 3268 403 3326 in
426 3266 598 3340 Evangelio:
625 3263 797 3320 tumidercte
818 3263 943 3318 volatilia
967 3263 1038 3332 celi,
1093 3263 1164 3317 Dens
1178 3262 1251 3317 inter
1265 3262 1393 3317 lncemnc
1409 3263 1543 3330 tenebras,
1557 3267 1585 3318 et
1594 3265 1698 3334 fuctum
1707 3269 1746 3321 est
1758 3281 1875 3338 uespere,
1892 3271 1921 3323 et

218 3365 285 3433 puin
296 3375 382 3431 neque
399 3359 503 3421 serum,
519 3371 568 3410 nec
581 3357 696 3420 nwtnnt,
712 3355 737 3408 et
751 3353 835 3408 Peter
848 3355 935 3407 vester
948 3353 1039 3408 ceet-
1092 3353 1197 3422 ioctum
1221 3354 1260 3406 est
1282 3366 1364 3406 omne
1386 3351 1529 3407 diescens
1552 3351 1631 3422 (leid.
1648 3356 1674 3420 4,
1689 3354 1730 3426 5).
1751 3355 1806 3411 Sed
1822 3356 1920 3412 consi·

217 3453 253 3507 tie
265 3450 353 3522 pascit
364 3447 417 3502 illu
432 3444 536 3518 (nant.
551 3459 591 3510 v1,
607 3442 663 3513 244).
691 3440 754 3497 Non
781 3440 831 3497 Ob
846 3457 915 3514 ergo
931 3440 973 3497 sol
988 3444 1039 3497 aut
1093 3441 1229 3496 daremus
1245 3439 1314 3512 quia
1335 3439 1415 3495 aliud
1439 3444 1483 3496 est
1499 3439 1597 3496 lumen
1621 3441 1689 3512 diei,
1719 3442 1798 3498 aliud
1814 3443 1919 3501 lumen

216 3539 289 3595 luna
302 3534 491 3593 fecunditatis
519 3536 653 3589 auctores
681 3535 769 3598 sunl;
795 3530 845 3585 sed
864 3531 938 3586 Deus
953 3530 1039 3587 Pater
1093 3528 1163 3584 solis
1178 3533 1206 3585 et
1220 3527 1307 3596 lune,
1324 3527 1466 3584 etlumen
1482 3526 1645 3598 stellarum,
1661 3547 1694 3587 eo
1705 3532 1784 3604 quod
1794 3531 1838 3588 sol
1854 3532 1920 3605 ipse

215 3643 268 3700 per
281 3624 440 3684 Dominum
463 3623 519 3695 (46)
547 3620 648 3676 iesum
674 3618 811 3676 omnibus
831 3617 1037 3676 liberalitatem
1092 3617 1182 3673 radiis
1197 3616 1260 3674 suis
1274 3615 1418 3689 fulgorem
1432 3617 1536 3673 diurno
1550 3617 1656 3674 lumini
1671 3619 1804 3676 videatur
1814 3622 1920 3693 adjun-

214 3714 374 3773 fertilitatis
389 3711 529 3784 impertit.
1091 3723 1169 3780 gere,
1185 3706 1263 3778 quod
1278 3706 1322 3760 vel
1337 3711 1419 3763 ortus
1434 3706 1490 3762 diei
1507 3711 1600 3778 potest
1624 3708 1755 3780 prodere,
1771 3709 1815 3766 uel
1830 3727 1919 3768 occa-

247 3807 276 3861 7.
292 3803 417 3861 Pulchre
432 3805 527 3858 autem
544 3797 679 3871 exposuit
693 3797 778 3853 nobis
805 3795 950 3869 Propheta
964 3797 1035 3868 quid
1091 3812 1152 3851 sus.
1169 3795 1242 3851 Nam
1256 3800 1323 3850 anie
1334 3794 1426 3850 solem
1437 3793 1515 3852 lucet
1525 3794 1707 3867 quidem,sed
1719 3813 1777 3853 non
1789 3797 1917 3873 refulget

212 3894 252 3951 sii
266 3894 343 3967 quod
356 3892 421 3965 ipse
434 3891 492 3945 ait:
510 3890 582 3958 Quia
593 3890 660 3959 [ecit
682 3887 752 3941 fleas
766 3885 851 3941 solem
870 3887 903 3940 in
914 3889 1035 3957 poteata-
1090 3886 1168 3953 dies;
1185 3884 1255 3956 quia
1268 3882 1396 3955 amplius
1412 3899 1529 3957 quoque
1539 3884 1700 3941 meridiano
1712 3885 1773 3943 sole
1782 3887 1917 3960 resplen-

214 3983 336 4041 temdiei
358 3989 384 4038 et
402 3983 499 4037 lunam
517 3981 549 4033 in
561 3979 720 4049 potestatem
729 3976 816 4030 noctis
831 3975 915 4046 (Ptol.
933 3991 1033 4042 cxxxv,
1089 3974 1146 4029 det.
1173 3974 1254 4042 Quod
1279 3973 1408 4028 ostendit
1434 3973 1587 4046 Propheta,
1611 3974 1735 4031 dicens:
1764 3977 1797 4032 lit
1820 3975 1919 4034 mecei

106 4096 111 4106 ·
211 4075 238 4140 8,
253 4071 372 4144 9).Nam
386 4069 451 4126 etin
461 4068 526 4139 ipso
537 4064 649 4137 psalmo
660 4063 818 4120 centesimo
830 4065 915 4118 tertio
926 4063 961 4119 de
977 4081 1034 4136 quo
1088 4063 1168 4134 quasi
1182 4063 1270 4118 lucem
1289 4062 1424 4124 iustitiam
1437 4069 1523 4131 tuom,
1538 4070 1566 4118 et
1576 4061 1715 4136 judicium
1736 4067 1815 4120 tunm
1843 4069 1920 4123 sicut

211 4157 450 4234 supradiximus,
462 4153 582 4228 scripsit
594 4170 600 4209 :
612 4154 682 4208 Fecit
702 4153 799 4207 tunam
809 4153 840 4206 in
851 4156 982 4223 temporo,
994 4153 1034 4208 sol
1088 4151 1231 4208 meridiem
1243 4150 1327 4222 (Psoi.
1344 4167 1439 4219 xxxvr,
1456 4151 1493 4222 6).
1510 4151 1573 4207 Non
1589 4150 1686 4208 solum
1701 4152 1780 4209 enim
1794 4152 1916 4226 lumini,

209 4250 553 4321 copnouitoccoaumsuum
564 4243 649 4315 (Psoi.
660 4258 720 4308 cru,
733 4241 787 4311 19).
800 4239 961 4296 (tamenim
971 4241 1034 4297 dies
1088 4239 1204 4296 (tttsed
1221 4239 1309 4295 etiam
1339 4238 1500 4297 meridiano
1530 4238 1636 4296 lumini
1661 4242 1753 4299 sancti
1765 4243 1918 4314 justitiam

209 4337 298 4393 horas
304 4353 374 4393 suas
384 4334 529 4407 complere
536 4332 664 4404 coeperit,
675 4329 718 4386 sol
726 4329 920 4385 debitumsibi
931 4346 1034 4402 cogno·
1087 4327 1275 4401 comparavit.

210 4426 267 4480 seit
280 4441 428 4480 omasum.
440 4424 490 4478 Est
507 4438 575 4495 ergo
586 4420 682 4476 iudici
699 4422 841 4492 potestate
852 4417 906 4484 sol,
918 4422 947 4473 et
961 4419 1033 4474 luna
1121 4417 1149 4472 9.
1165 4417 1274 4472 Deinde
1290 4434 1348 4473 non
1377 4417 1473 4474 solum
1499 4434 1592 4474 unum
1609 4419 1741 4492 signum,
1758 4422 1919 4482 sedetiam

210 4512 240 4568 in
251 4515 395 4584 potestate
411 4513 515 4578 noctis,
531 4528 594 4582 quae
609 4515 775 4581 temporum
787 4507 899 4563 vicibus
914 4506 1144 4597 obedireDduo
1173 4504 1266 4561 voluit
1290 4523 1355 4562 esse
1377 4505 1489 4562 diurne
1522 4506 1710 4564 discretionis
1742 4513 1832 4582 atque
1866 4528 1920 4568 no·

210 4598 406 4674 compellitur,
418 4604 446 4655 et
456 4616 534 4654 nunc
544 4597 811 4670 impleturlumiue,
829 4603 915 4668 atque
925 4613 1030 4652 vucua-
1087 4599 1217 4664 clurnae3
1234 4599 1265 4650 ut
1280 4599 1309 4650 et
1322 4595 1373 4650 lux
1399 4595 1606 4652 discretionem
1623 4596 1719 4667 faciat,
1733 4603 1763 4654 et
1776 4598 1848 4656 solis
1862 4615 1917 4657 ex·

208 4695 276 4747 tur:
294 4688 364 4744 lieet
377 4687 508 4761 plerique
522 4687 602 4742 hunc
616 4685 712 4742 locum
728 4685 850 4758 mystice
865 4685 901 4741 de
916 4685 1031 4741 Christo
1086 4687 1178 4752 ortus,
1195 4683 1344 4740 etiterum
1368 4683 1442 4740 lucis
1459 4684 1598 4753 defectus,
1613 4691 1640 4742 ei
1656 4685 1809 4743 stellarum
1830 4693 1916 4747 ortus

207 4786 236 4836 et
252 4777 381 4835 Ecclesia
406 4777 561 4832 videantur
587 4773 735 4847 accipere;
764 4774 844 4845 quod
881 4775 1031 4846 agnoverit
1085 4773 1310 4829 interoccasum
1326 4772 1384 4828 diei
1401 4772 1573 4846 distingunt,
1590 4775 1728 4832 etnociis
1748 4777 1913 4834 exordium.

206 4869 342 4926 Christus
356 4865 466 4940 proprii
480 4864 610 4936 corporis
626 4861 803 4935 passionem,
828 4861 879 4933 qui
895 4863 936 4917 ait
950 4879 958 4917 ι
973 4869 1029 4918 Ρα-
1085 4863 1157 4918 Nom
1175 4861 1223 4918 ubi
1240 4860 1378 4918 occiderit
1392 4860 1446 4930 sol,
1457 4867 1557 4919 manet
1571 4867 1671 4920 tamen
1688 4863 1784 4922 adhue
1798 4865 1913 4938 aliquid

206 4961 256 5027 ter,
270 4959 345 5015 uenit
359 4957 436 5024 bora,
454 4955 577 5024 clarifico
590 4953 693 5009 filium
707 4955 785 5006 tuum
799 4952 888 5018 (toan.
904 4967 974 5018 xvii,
990 4952 1029 5024 l),
1084 4949 1274 5024 reliquiarum
1288 4949 1356 5016 diei,
1372 4949 1464 5006 donec
1483 4953 1609 5008 tenebre
1632 4956 1741 5010 terram
1755 4954 1911 5027 operiant:

206 5046 302 5103 utillo
330 5063 435 5104 occasu
464 5061 517 5101 suo
545 5041 684 5100 omnibus
705 5041 827 5096 donaret
840 5039 930 5095 vitam
946 5045 1028 5097 teter-
1083 5045 1112 5095 et
1127 5044 1197 5095 tunc
1212 5038 1283 5095 luna
1306 5037 1409 5108 oritur,
1424 5043 1453 5096 et
1468 5039 1568 5097 siellae.
1586 5043 1620 5098 ut
1636 5041 1671 5100 dc
1687 5047 1771 5100 nocte
1786 5044 1911 5116 quidem

240 5189 296 5262 (45)
314 5191 421 5245 Omnes
436 5189 505 5245 edit.
526 5191 555 5243 et
569 5203 640 5242 mss.
657 5202 715 5240 non
729 5184 823 5256 pauci,
840 5184 1028 5255 implebuntur
1082 5181 1235 5255 simplicis.

204 5261 336 5317 ubmtote.
348 5261 419 5316 Mas.
431 5267 542 5332 septem
553 5257 762 5331 optimenoue,
773 5259 800 5311 ei
811 5253 880 5310 LXX
891 5254 1025 5328 lnterpr.,
1116 5254 1172 5326 (48)
1188 5253 1263 5308 uuit.
1291 5253 1375 5308 Rom.
1401 5253 1473 5322 sola,
1503 5257 1539 5311 ad
1557 5257 1791 5315 illuminationem
1811 5262 1910 5318 terrae.

206 5331 334 5386 bonitate.
1081 5325 1114 5381 Et
1128 5329 1205 5380 certe
1219 5340 1254 5379 aa
1276 5365 1283 5378 .
1299 5325 1442 5397 superiori
1454 5327 1494 5382 ita
1508 5328 1615 5384 citatur
1630 5329 1660 5384 in
1675 5330 1815 5386 omnibus
1831 5347 1907 5388 mss.

240 5402 297 5472 (46)
313 5402 388 5457 uuit.
404 5402 538 5473 quaedam
567 5399 671 5468 Paris,
697 5397 744 5455 aed
762 5403 832 5454 Ocuo
848 5401 960 5468 propter
973 5397 1025 5453 Do·
1080 5395 1239 5452 etodit.Se
1270 5401 1337 5451 utra
1360 5413 1395 5452 ue
1405 5395 1489 5454 lectio
1501 5400 1617 5470 probari
1629 5405 1733 5473 potest.
1750 5400 1810 5456 Etsi
1825 5401 1909 5459 enim

201 5474 323 5537 minum,
343 5479 397 5528 etc.
492 5543 498 5553 ·
1079 5467 1190 5540 passim
1205 5467 1281 5539 apud
1309 5413 1386 5551 444444,
1403 5475 1435 5536 εἰς
1450 5480 1538 5543 pecco
1554 5477 1593 5527 titt
1605 5482 1649 5540 τῆς
1663 5483 1718 5544 γῆς,
1734 5473 1764 5528 in
1784 5489 1844 5528 uno
1859 5477 1908 5530 ta.

239 5544 295 5617 (47)
319 5543 428 5600 Omnes
453 5543 534 5609 edit,
559 5545 618 5599 tuce
638 5544 774 5598 necetur.
808 5539 924 5607 Contra,
949 5557 1021 5597 mss.
1078 5555 1145 5596 men
1160 5542 1272 5598 vetusto
1294 5539 1403 5612 codice,
1433 5549 1466 5599 ut
1493 5539 1587 5600 Nouii.
1615 5547 1751 5618 testetur,
1767 5551 1904 5622 εἰςφαῦσιν

202 5614 262 5686 iere
276 5613 314 5678 ed
328 5631 433 5686 unum,
462 5613 521 5672 lnce
547 5615 715 5686 insinuetur,
744 5612 941 5690 compositum
959 5611 1023 5672 loco
1076 5621 1186 5694 τῆςγῆς.
