4159 6184
125 341 185 406 est
767 321 1041 396 sannuncurt
1061 321 1137 389 hili.
1160 325 1197 389 V.
1408 349 1413 364 ¹
1770 322 1834 396 '223

127 492 221 549 raquo
235 473 325 548 pedes
346 471 484 540 habeant,
496 473 526 529 et
539 467 709 528 ambulandi
724 482 863 531 usum‚eo
877 463 954 537 quod
970 461 997 528 Α
1013 450 1108 519 docete
1121 478 1210 533 canes,
1226 465 1316 520 cauete
1335 462 1422 522 motos
1436 465 1574 538 operarios
1589 464 1720 540 (Philipp.
1738 485 1779 536 ιιι,
1794 467 1834 541 2).

128 566 189 623 sint
203 564 437 638 amphibia,quae
447 561 492 617 vel
503 562 534 617 in
548 560 634 633 aquis
647 558 693 615 vel
707 557 737 614 in
750 555 836 612 terris
848 554 955 621 vivant,
1011 552 1143 609 Mustelae
1171 554 1268 626 gravis
1297 553 1327 610 in
1356 555 1442 612 terris
1470 557 1551 622 odor,
1565 557 1594 612 in
1611 557 1696 629 aquis
1724 558 1833 616 suavis.

129 660 162 711 ut
177 659 250 711 suut
263 653 374 726 phocae,
394 650 543 719 crocodili,
560 649 628 722 equi
644 645 785 712 fluviales,
802 660 876 716 quos
891 642 956 714 hip-
1010 641 1137 698 Terrena
1152 657 1183 699 se
1197 643 1277 699 novit
1290 642 1417 700 vindicta
1433 645 1544 702 ioetoris
1559 645 1661 703 ulcisci
1678 663 1685 701 ι
1702 647 1762 703 haeo
1777 665 1835 704 non

130 749 305 818 popotamos
318 746 432 809 vocant,
449 757 482 796 eo
502 740 580 811 quod
604 737 634 794 hi
658 737 832 808 generentur
846 730 911 788 Nilo
927 731 957 786 in
1013 731 1156 786 minorem
1172 730 1261 787 hahet
1275 732 1398 806 gratiam
1414 737 1508 806 capta,
1521 751 1609 806 quam
1625 735 1725 793 libera.
1737 737 1837 810 Neque

130 833 269 899 dumine;
285 835 386 887 tamen
404 846 472 885 cum
494 830 524 884 in
552 827 609 884 alto
634 838 778 899 aquarum
804 825 882 886 sunt,
899 837 957 876 non
1011 823 1040 875 te
1055 819 1261 876 inhonoratum
1278 825 1379 878 nostra
1399 824 1612 895 prosecutione,
1626 825 1777 899 thymalle,
1793 827 1837 883 di.

130 920 364 989 ambulant,sed
388 921 500 985 natant,
517 933 569 972 nec
591 913 713 988 uestigio
730 914 852 968 utuntur
875 908 959 982 pedis
1014 908 1140 975 mittam,
1164 909 1210 965 cui
1235 927 1251 965 n
1275 910 1345 966 ilore
1373 927 1477 968 nomen
1507 912 1716 971 inolent:seu
1745 916 1838 972 Ticini

132 1011 172 1067 ad
188 1009 392 1074 incedendum,
405 1007 457 1063 sad
468 1010 610 1079 tanquam
625 1020 705 1060 remo
720 1002 757 1058 ad
772 999 958 1074 reptandum.
1014 998 1094 1054 unda
1107 1001 1136 1052 te
1151 997 1294 1064 fluminis,
1309 1016 1359 1056 seu
1380 1002 1486 1057 amoeni
1501 1002 1616 1059 Athesis
1642 1005 1721 1060 unda
1744 1007 1839 1062 nutri-

133 1099 286 1171 Siquidem
302 1100 332 1153 et
346 1097 503 1153 nausacta
515 1093 605 1151 remis
620 1093 738 1162 labitur,
749 1094 779 1147 et
793 1105 886 1162 aquas
900 1086 960 1145 sul·
1014 1087 1080 1154 erit,
1096 1087 1150 1143 ilos
1170 1104 1210 1143 es.
1228 1087 1358 1160 Denique
1381 1105 1477 1146 sermo
1501 1091 1646 1158 testatior,
1662 1094 1739 1165 quod
1755 1094 1791 1150 de
1806 1111 1839 1151 eo

134 1187 306 1246 catcarina·
1014 1176 1066 1248 qui
1095 1181 1208 1250 gratam
1244 1175 1355 1234 redolet
1391 1177 1579 1249 suavitatem,
1609 1181 1719 1238 dictum
1749 1182 1840 1242 facete

465 1297 580 1356 CApUT
599 1298 634 1354 ῃ,
1015 1265 1054 1321 sit
1069 1265 1125 1338 (84)
1142 1281 1149 1320 2
1165 1267 1223 1320 Aut
1246 1266 1357 1338 piscem
1385 1266 1443 1324 olet
1469 1271 1520 1323 aut
1547 1268 1662 1338 llorem;
1692 1271 1733 1326 ita
1761 1271 1839 1328 idem

134 1395 239 1451 muge
254 1390 336 1464 hnjuc
349 1392 431 1459 ,om-3,
452 1389 617 1461 producant
631 1401 713 1457 aqu„
728 1381 854 1456 reptilia,
875 1380 961 1437 mun,
1015 1355 1223 1454 pronuntiatus
1239 1359 1293 1456 est.
1305 1355 1396 1428 piscis
1411 1357 1482 1458 odor
1496 1373 1570 1460 esse.
1585 1360 1634 1430 qui
1661 1360 1749 1461 iteris.
1765 1362 1839 1426 Quid

166 1465 255 1538 ptura
268 1465 300 1518 ic
314 1464 389 1518 mori
402 1477 484 1533 quum
495 1462 526 1515 iu
540 1463 614 1514 terra
627 1473 682 1512 esse
693 1455 835 1528 producte,
848 1469 963 1524 eamque
1016 1459 1113 1515 specle
1139 1447 1191 1500 tua
1219 1443 1357 1516 gratius?
1386 1446 1459 1510 Quid
1490 1451 1633 1504 suavitate
1657 1450 1842 1520 jucundius?

166 1538 294 1608 pratum
307 1536 386 1605 oquin
404 1532 538 1596 additum,
555 1534 585 1586 ut
599 1543 663 1601 quse
678 1530 707 1583 in
723 1528 804 1583 terris
818 1527 915 1593 noma,
932 1526 963 1579 in
1017 1533 1091 1601 Quid
1107 1533 1195 1588 odore
1219 1533 1415 1606 flagrantius?
1437 1536 1517 1600 Quod
1535 1534 1622 1592 mello
1637 1538 1771 1612 flagrant,
1787 1539 1842 1598 hoo

167 1608 246 1663 mari
259 1607 378 1662 ‘'itm“
389 1611 564 1674 timeremur·
1016 1625 1050 1677 tu
1065 1637 1185 1694 corpore
1199 1626 1250 1678 tuo
1272 1623 1376 1694 spiras.
1394 1623 1467 1688 Quid
1485 1623 1590 1698 loquar
1606 1642 1760 1684 corvorum
1775 1629 1841 1702 (85),

168 1725 198 1780 5.
214 1719 467 1794 Producunt'uquae
487 1717 609 1791 reptilia,
630 1715 703 1771 dixit
725 1713 878 1771 Dominus.
895 1713 961 1767 Bre-
1017 1709 1089 1782 quid
1105 1709 1192 1766 etiam
1212 1709 1348 1784 luporum
1371 1712 1604 1770 teneritudines?
1618 1716 1715 1773 Nescit
1729 1716 1783 1774 hos
1797 1717 1843 1774 lu-

134 1812 180 1868 ris
202 1827 313 1879 sermo,
328 1809 380 1866 sed
395 1809 563 1874 vehemens,
578 1808 608 1862 et
630 1804 688 1862 late
702 1807 805 1876 pateus
829 1817 963 1858 commu·
977 1829 1002 1896 B
1018 1814 1072 1872 pos
1088 1813 1182 1872 agnus
1198 1797 1310 1856 timere.
1324 1800 1419 1856 Tanta
1432 1804 1476 1857 cst
1491 1817 1635 1874 aquarum
1650 1804 1754 1876 gratia,
1771 1822 1842 1879 qua·

135 1917 206 1958 nem
219 1896 353 1955 minimis
367 1900 397 1954 et
411 1894 547 1952 maximis
570 1897 706 1949 naturam
721 1891 838 1947 infudit.
855 1889 963 1945 llodem
1019 1903 1086 1943 rum
1101 1885 1208 1945 vitulos
1224 1887 1339 1962 fugiant
1352 1892 1380 1944 ct
1393 1888 1493 1944 leones
1507 1889 1576 1962 (86),
1588 1896 1621 1947 ut
1634 1890 1681 1948 his
1696 1892 1845 1966 propheti·

136 1990 291 2045 momento
313 1986 484 2060 producitur
505 1983 690 2054 halenaquo
705 1977 965 2050 ranaejusdemvi
1020 1989 1088 2032 cum
1117 1975 1201 2031 illum
1231 1976 1342 2032 dictum
1370 1977 1406 2032 ds
1434 1976 1566 2033 Ecclesiae
1595 1979 1749 2037 sanctitate
1777 1983 1845 2055 jure

137 2075 321 2151 operationis
332 2074 473 2131 nascitur.
484 2072 547 2129 Non
558 2071 671 2127 laborat
684 2069 714 2124 in
730 2067 866 2125 maximis
876 2066 966 2134 Deus,
1021 2065 1173 2122 conveniat
1187 2081 1193 2120 :
1212 2066 1285 2121 Turio
1300 2063 1363 2137 lupi
1376 2069 1402 2121 et
1416 2068 1483 2137 eqni
1496 2068 1580 2123 simut
1593 2077 1748 2141 pascentur,
1765 2071 1806 2127 leo
1820 2073 1846 2127 et

137 2183 198 2222 oon
213 2161 330 2220 fastidit
342 2163 373 2218 in
391 2161 533 2217 minimis.
550 2159 608 2214 Nec
629 2157 724 2213 doluit
737 2160 843 2214 natura
866 2159 966 2229 partu·
1021 2156 1067 2211 lios
1095 2155 1179 2210 simut
1205 2155 1300 2226 pateas
1327 2154 1533 2212 munducabunt
1554 2158 1617 2229 (lca.
1633 2175 1696 2229 axv,
1715 2159 1771 2232 25).
1788 2160 1846 2217 Neo

137 2256 222 2311 ciens
236 2246 682 2324 delphinas;sicutnondoluit,
694 2263 761 2302 cum
773 2245 892 2318 exiguos
906 2260 967 2300 mu·
1021 2244 1142 2314 mirum,
1167 2243 1404 2316 quandoquidem
1434 2244 1521 2300 etiam
1551 2247 1580 2301 in
1611 2247 1738 2306 Ecclesia
1765 2265 1847 2322 aquae

137 2343 216 2399 rices
239 2339 434 2412 cochleasque
459 2338 643 2410 produceret.
668 2335 801 2400 Advorte,
827 2351 843 2390 o
867 2334 967 2404 homo,
1022 2330 1096 2389 illud
1111 2337 1280 2404 operantur,
1292 2335 1323 2387 ut
1339 2333 1509 2405 predonum
1520 2335 1621 2392 abluta
1633 2337 1766 2410 nequitia
1780 2355 1846 2395 oum

137 2433 252 2502 quanto
269 2427 354 2501 plura
368 2427 399 2482 in
412 2426 487 2480 mari
498 2440 586 2498 quam
601 2423 632 2478 in
647 2420 733 2478 terris
746 2422 816 2478 sint.
828 2422 967 2487 Numera,
1022 2422 1228 2478 innocentibus
1257 2426 1451 2493 comparetur.
1483 2423 1556 2488 Quid
1585 2425 1673 2482 ctiam
1702 2444 1849 2500 purpuras

138 2519 164 2575 ai
180 2521 279 2591 potes,
290 2514 391 2571 omnia
400 2513 526 2586 piscium
541 2527 647 2585 genera
659 2510 703 2565 rel
720 2509 914 2576 minutorum,
926 2509 969 2565 vel
1023 2527 1194 2576 memorem,
1215 2527 1278 2582 quae
1300 2515 1406 2566 ornant
1430 2526 1531 2584 regum
1557 2513 1697 2584 convivia,
1723 2518 1849 2575 amictus

133 2608 230 2664 etiam
259 2604 468 2672 maximorum,
488 2601 594 2672 sepias,
611 2598 742 2672 polypos,
768 2598 966 2666 lithostracos,
1025 2599 1182 2656 imbuunt?
1200 2600 1350 2671 aquarum
1374 2603 1420 2654 est
1446 2599 1537 2673 igitur
1565 2603 1643 2673 quod
1672 2603 1700 2659 in
1730 2606 1850 2680 regibus

135 2694 268 2753 mrahos
281 2693 350 2765 (83),
363 2708 495 2758 canoros,
511 2695 540 2745 et
553 2688 583 2744 iu
608 2687 655 2743 his
678 2686 904 2744 innumerabilia
920 2687 967 2745 81
1026 2689 1178 2756 adoratur,
1204 2703 1346 2760 aquarum
1373 2691 1417 2742 est
1440 2687 1550 2760 species
1580 2689 1630 2746 illa
1654 2709 1718 2765 quse
1746 2695 1847 2770 fulget

137 2785 190 2842 sui
208 2781 335 2857 generm.
347 2780 422 2848 Quid
448 2779 543 2834 dicam
565 2793 672 2850 genera
695 2774 886 2850 serpentium,
902 2776 970 2831 dra·
1025 2777 1107 2833 node
1123 2792 1225 2848 porcos
1239 2775 1328 2832 maris
1340 2775 1428 2832 etiam
1439 2776 1455 2832 J
1461 2776 1551 2832 udeis
1563 2783 1676 2850 gratos3
1692 2783 1761 2855 quia
1777 2784 1850 2840 nihil

139 2888 247 2938 eones,
278 2884 435 2937 murenas,
465 2864 638 2939 anguillas?
666 2864 724 2921 Nec
751 2865 972 2937 pretermittam
1027 2864 1343 2936 estecmmune,quod
1361 2865 1632 2937 nonaquaahluat,
1649 2871 1850 2930 etideocom·

143 2960 296 3032 scorpios,
312 2973 410 3024 ranas,
438 2954 611 3022 testudines,
638 2952 780 3010 mustelas
802 2969 918 3025 quoque
945 2957 975 3008 et
1028 2969 1134 3010 munes
1149 2969 1198 3010 cos
1218 2953 1294 3009 sicut
1307 2951 1338 3009 in
1353 2957 1430 3010 terra
1442 2953 1538 3011 editos
1552 2956 1698 3015 aestimare
1711 2977 1768 3016 non
1784 2978 1851 3035 pos-

143 3063 241 3108 eanes
264 3046 439 3113 maritimos,
454 3042 560 3099 vitulos
584 3042 724 3109 marinos,
741 3046 803 3098 cete
822 3041 974 3111 immania,
1028 3045 1108 3099 sunt.

143 3137 320 3210 delphinas,
349 3139 470 3206 phocas,
499 3130 607 3188 leones.
632 3131 706 3195 Quid
734 3134 860 3187 attexam
887 3131 974 3186 etiem
1315 3156 1365 3214 ῃ
1386 3157 1501 3214 CAPUT
1519 3159 1567 3215 [η.

144 3224 294 3292 memmi
309 3223 422 3287 tum
438 3237 527 3293 Ρ*ινοε
543 3236 670 3292 ‘imque‘
686 3235 812 3292 ‘1¹¹⁰'um
826 3218 915 3275 etim
930 3236 976 3275 ⁰⁰·
1029 3245 1108 3302 natu
1126 3245 1207 3300 licem
1217 3245 1340 3316 piscibus
1355 3247 1489 3300 rationem
1503 3262 1559 3302 esce
1572 3251 1732 3319 qeneraitdi,
1748 3267 1780 3308 uc
1793 3255 1851 3310 sin-

144 3315 231 3372 lores
244 3315 276 3368 in
292 3311 395 3368 avibus
408 3310 543 3366 videmus
561 3325 724 3382 expressos,
740 3311 774 3363 ut
787 3307 864 3380 nigri
878 3325 975 3365 meru·
1065 3262 1193 3386 quierem
1221 3317 1251 3371 tn
1277 3316 1381 3388 protem
1408 3318 1518 3387 pietatis
1542 3333 1662 3376 sensum.
1686 3323 1794 3390 Quanta
1818 3327 1853 3382 sit

143 3402 197 3469 lae,
214 3401 279 3474 pavi
304 3401 418 3456 diverso
433 3397 528 3455 colore
542 3398 629 3454 dorsa
643 3401 672 3453 et
686 3395 761 3452 colla
783 3396 890 3469 depicti
906 3396 975 3464 sint,
1065 3403 1159 3444 eorum
1172 3389 1423 3458 puritas,quonoa
1436 3387 1526 3443 solum
1540 3389 1756 3460 utiatruto,scd
1770 3398 1853 3452 etium
1961 3405 1967 3414 ’

144 3490 232 3548 turdi
246 3489 312 3546 alvo
325 3487 410 3557 rarii,
423 3492 452 3543 et
475 3491 580 3543 cetera
594 3502 719 3559 quorum
735 3485 791 3541 sihi
812 3489 895 3541 terra
910 3502 976 3557 spe·
1067 3460 1189 3514 'mm
1204 3460 1275 3530 ΨΜ
1289 3463 1430 3530 mmm·

145 3582 214 3638 cies
228 3583 258 3635 et
274 3578 395 3634 nomina
415 3575 626 3632 vindicarunt?
640 3576 714 3630 Nam
738 3574 821 3647 prius
845 3575 876 3629 in
902 3574 977 3631 mari
1065 3575 1092 3629 7.
1110 3572 1258 3629 Innumeri
1279 3573 1378 3644 itaque
1402 3573 1655 3643 usus,innumera
1677 3595 1784 3652 genera
1806 3582 1853 3656 pi-

143 3670 212 3728 ista
237 3670 389 3740 ooeperunt
413 3664 594 3737 diversisque
622 3662 804 3720 fluminibus.
826 3663 975 3736 Siquidem
1031 3661 1136 3719 scium.
1152 3659 1210 3716 alii
1235 3677 1287 3717 ova
1314 3668 1465 3732 generant,
1482 3664 1599 3721 utrarii
1628 3668 1754 3739 majores
1780 3686 1854 3742 quos

145 3774 231 3832 aqua
259 3755 339 3829 prior
366 3755 533 3811 animarum
551 3752 711 3809 viventium
736 3750 852 3826 reptilia
879 3752 976 3808 divirm
1030 3755 1140 3808 troctas
1154 3753 1259 3806 vocant
1273 3749 1380 3822 (87),et
1400 3751 1485 3822 aquis
1509 3752 1631 3810 fovenda
1655 3757 1852 3815 committunt.

144 3852 227 3906 nutu
242 3846 387 3917 imperata
404 3841 551 3915 produxit.
1032 3841 1115 3913 Aqua
1128 3839 1220 3912 igitur
1239 3838 1392 3894 animaist
1406 3843 1495 3907 creat,
1510 3845 1539 3896 et
1553 3841 1649 3899 adhuc
1673 3847 1804 3902 mandati
1818 3846 1853 3902 il-

184 3937 215 3990 8.
227 3934 311 3990 adde
325 3931 400 3989 hanc
417 3931 553 4005 gratiam,
565 3931 643 4003 quod
665 3945 700 3988 aa
714 3946 777 4002 que
792 3930 932 3985 timemus
947 3929 978 3986 in
1031 3929 1089 3985 lius
1105 3926 1191 4001 primi
1207 3931 1347 3998 tanquam
1362 3925 1435 4000 legis
1444 3932 1589 4001 perpetue
1602 3947 1709 3988 munus
1723 3934 1855 4007 exsequi-

144 4022 242 4083 terris
255 4037 392 4078 amamus
412 4020 443 4075 in
466 4019 560 4093 aquis.
572 4019 685 4075 Etenim
702 4018 788 4075 noxia
801 4018 831 4073 in
846 4018 933 4074 terris
947 4019 978 4074 in
1032 4021 1091 4088 tur,
1102 4016 1210 4072 hianda
1225 4016 1357 4086 quasdam
1378 4020 1472 4072 mater
1488 4018 1692 4076 animantium.
1705 4019 1758 4077 Alii
1774 4023 1855 4080 vivos

145 4129 231 4186 aqua
244 4109 364 4166 innoxia
378 4113 459 4178 suut,
471 4113 558 4180 atque
576 4107 633 4181 ipsi
649 4123 759 4180 angues
780 4107 844 4164 sine
857 4123 977 4164 veneno.
1033 4106 1110 4163 letus
1124 4106 1216 4162 edunt
1229 4105 1264 4162 de
1279 4122 1332 4162 suo
1348 4122 1477 4178 corpore,
1491 4113 1523 4163 ut
1537 4107 1678 4178 mustela,
1691 4114 1719 4167 et
1737 4111 1854 4168 canicu-

146 4196 402 4259 Leoterrihilisin
417 4196 514 4264 terris,
525 4195 620 4252 dulcis
634 4195 664 4250 in
680 4195 826 4252 ductibus.
839 4196 977 4266 Murena,
1031 4193 1077 4262 lae,
1093 4197 1122 4250 et
1139 4199 1202 4251 cete
1224 4193 1363 4267 ingentia,
1385 4193 1546 4268 delphines,
1563 4203 1591 4253 et
1614 4197 1722 4269 phocas,
1740 4198 1855 4272 aliaque

146 4305 244 4363 quam
257 4287 357 4342 ierunt
367 4284 477 4357 aliquid
487 4285 597 4341 hahere
607 4283 737 4350 noxium,
748 4301 817 4341 asca
826 4284 981 4357 pretiosior
1033 4285 1136 4339 cetera
1149 4281 1332 4355 hujusmodi.
1349 4283 1416 4348 ece
1442 4299 1509 4339 oum
1534 4285 1678 4342 ediderint
1702 4293 1814 4360 portus,
1831 4291 1855 4346 si

146 4377 304 4435 eetRana
316 4373 440 4430 horrens
463 4374 494 4428 ia
514 4372 683 4445 paludibus,
701 4373 805 4429 decora
828 4372 858 4428 in
883 4373 978 4445 aquis,
1034 4371 1104 4445 quid
1134 4371 1208 4428 sorte
1240 4371 1414 4427 insidiarum
1441 4373 1619 4445 terrorisque
1651 4377 1857 4448 presenserint

145 4465 296 4524 omnihus
309 4463 369 4518 iera
389 4465 510 4534 prestat
524 4461 682 4519 alimentis.
695 4461 782 4518 Plura
796 4461 821 4516 si
836 4461 904 4533 quis
918 4461 981 4517 vult
1034 4461 1112 4517 circa
1125 4458 1238 4516 catulos
1251 4477 1321 4516 suos
1333 4476 1513 4532 quemquam
1529 4461 1705 4536 molirique
1720 4469 1858 4522 tueantur

145 4567 342 4628 cognoscere,
357 4568 375 4607 a
390 4549 513 4606 diversis
537 4550 667 4606 locorum
689 4548 885 4622 piscatoribus
901 4566 978 4622 quie·
993 4557 1017 4622 D
1033 4566 1093 4616 eos,
1109 4548 1152 4605 vel
1176 4553 1280 4606 tenere
1310 4548 1403 4606 etatis
1428 4563 1564 4621 pavorem
1591 4557 1723 4610 materno
1752 4555 1856 4611 affectu

144 4649 220 4711 rat;
249 4657 337 4698 nemo
364 4640 442 4696 enim
471 4643 568 4712 potest
595 4639 693 4695 omnia
724 4639 977 4711 comprehendere.
1034 4637 1239 4710 comprimant,
1259 4637 1370 4709 aperire
1394 4653 1454 4710 ora,
1471 4642 1501 4695 at
1522 4638 1640 4697 innoxio
1660 4647 1765 4714 partus
1787 4660 1857 4700 suos

144 4734 248 4790 Canas
273 4745 344 4785 sane
368 4733 397 4784 at
419 4727 449 4784 in
465 4727 539 4782 mari
554 4744 632 4797 cave,
644 4743 718 4800 quos
744 4735 773 4783 et
796 4729 827 4782 in
850 4727 978 4784 Ecclesia
1034 4727 1122 4782 dente
1137 4726 1325 4798 suspendere,
1337 4725 1451 4782 interno
1465 4743 1582 4802 quoque
1597 4732 1723 4804 recipere
1738 4747 1856 4802 corpore

144 4821 297 4879 molestos
310 4834 376 4874 esse
390 4820 419 4873 et
434 4817 576 4872 cavendus
587 4816 744 4889 Apostolus
759 4817 845 4872 docet
858 4816 977 4874 dicens:
1033 4820 1063 4871 et
1077 4814 1197 4888 genitali
1212 4814 1347 4871 seruntur
1356 4815 1419 4873 alvo
1432 4817 1695 4886 abscondereQuis
1708 4819 1855 4874 humanus

184 4979 248 5050 (83)
260 4976 332 5032 Mss.
346 4982 473 5049 quatuor
491 4973 609 5042 habent,
627 4975 700 5044 litos,
715 4978 851 5042 astriotes,
865 4981 977 5046 inactus,
1082 4975 1127 5048 85)
1142 4975 1211 5031 Mss.
1228 4973 1349 5046 aliquot.
1362 4975 1433 5043 Quid
1447 4977 1545 5047 loquor
1553 4991 1709 5100 garnerum,
1725 4977 1778 5029 etc.

141 5049 285 5110 earnem:
299 5049 397 5116 earn,
412 5048 590 5110 clitoctrioto,·
600 5045 710 5113 Germ„
725 5048 889 5104 lithostroto.
902 5048 977 5105 Gen.
1082 5047 1128 5114 86)
1143 5047 1190 5102 Sic
1205 5063 1276 5102 mss.
1297 5045 1475 5118 quindecim,
1486 5050 1514 5102 et
1535 5063 1550 5101 e
1573 5047 1604 5100 it.
1618 5045 1695 5100 Cost.
1712 5043 1767 5100 Alii
1782 5062 1858 5101 mss.»

143 5141 183 5178 ae
201 5118 289 5176 Cerb.
315 5118 445 5174 secunda
470 5133 570 5182 manu,
590 5119 642 5173 sed
670 5118 801 5190 antiqua,
825 5120 979 5201 polypedes,
1035 5116 1179 5190 sequioris
1208 5121 1293 5182 note,
1321 5133 1354 5172 ac
1383 5119 1451 5172 edit.
1477 5120 1553 5183 Am,
1581 5119 1653 5182 Pet,
1679 5115 1755 5182 lira,
1777 5115 1855 5187 Gill,

142 5194 248 5257 lithos,
263 5193 379 5257 inactus,
394 5188 518 5254 ceratos,
540 5189 612 5245 iorte
625 5196 807 5262 λεωπράκους,
823 5191 852 5245 id
867 5197 912 5246 est
927 5190 981 5246 levi
1035 5206 1152 5262 quarum
1165 5189 1246 5244 uituli
1263 5189 1420 5260 fipuruutur
1433 5195 1459 5243 et
1472 5188 1570 5242 leones.
1587 5186 1659 5242 Rom
1663 5226 1718 5242 .....
1729 5187 1855 5260 junqua-

142 5273 233 5323 teeta
255 5261 389 5318 intectos.
407 5261 548 5317 Ceterum
563 5258 689 5316 Basilius
713 5262 835 5318 carabos
859 5265 888 5317 ct
912 5278 981 5318 can·
1036 5266 1082 5317 tur
1097 5265 1126 5315 ut
1141 5261 1239 5315 teones.
1770 5273 1775 5282 ·

142 5350 222 5392 cros
236 5333 314 5389 inter
327 5347 362 5388 ea
376 5329 492 5404 reponit
506 5348 569 5403 qua
585 5331 724 5388 dicuntur
773 5339 940 5405 λαιόπραια,
952 5334 981 5388 id
1072 5331 1127 5402 (87)
1142 5331 1218 5387 Edit.
1235 5346 1335 5386 omnes
1351 5345 1417 5383 cum
1434 5327 1534 5399 paucis
1549 5343 1634 5398 mss,
1646 5331 1709 5386 uiti
1722 5345 1788 5400 quos
1798 5342 1856 5386 rru-

141 5413 198 5465 eat
216 5421 281 5476 que
296 5403 380 5458 testis
405 5400 544 5459 mollibus
565 5407 718 5476 tegurium
735 5356 858 5475 idlypos
872 5419 940 5458 vero
954 5411 983 5460 et
1035 5411 1092 5459 ctas
1107 5409 1212 5458 vocant.
1222 5399 1278 5456 alii
1294 5417 1365 5455 mss.
1381 5414 1485 5468 magno
1503 5415 1623 5455 numero
1634 5407 1663 5456 et
1673 5400 1857 5469 auctoritate,

142 5476 252 5551 sepius
277 5476 355 5531 inter
367 5482 485 5546 μαλάκια,
501 5491 627 5546 quorum
641 5473 774 5530 videlicet
797 5489 863 5530 caro
884 5473 982 5532 mollis
1035 5482 1067 5531 ut
1079 5475 1152 5529 curii
1172 5473 1288 5544 majores
1303 5487 1369 5542 quos
1384 5473 1481 5524 troctas
1495 5473 1600 5527 vocam.
1618 5472 1668 5529 list
1690 5478 1788 5530 autem
1803 5475 1858 5529 hoc

141 5556 197 5608 est
215 5563 248 5604 ac
262 5550 376 5603 tenera.
550 5560 555 5569 ¹
1036 5545 1193 5602 discrimen
1209 5547 1309 5598 tractus
1324 5556 1375 5596 seu
1391 5543 1488 5596 truttes
1505 5541 1581 5598 intor
1606 5547 1635 5600 et
1654 5548 1763 5613 troctas,
1780 5545 1858 5619 quod

184 5619 248 5692 (8⁴)
263 5618 331 5676 Non
346 5616 433 5690 pauci
455 5618 531 5689 cod,
546 5615 632 5686 dictu,
648 5613 693 5671 vel
709 5614 812 5672 dictum
826 5615 936 5691 suceui,
952 5617 981 5674 id
1037 5618 1082 5673 hae
1097 5618 1127 5673 in
1143 5613 1217 5671 mari
1232 5613 1339 5682 vivent,
1356 5609 1411 5668 ille
1426 5613 1457 5668 in
1474 5613 1580 5672 tluviis.

142 5699 211 5762 est,
225 5689 301 5760 abit,
317 5704 371 5748 seu
385 5691 569 5763 pervagatur.
