4159 6184
164 259 203 328 st
913 253 1133 325 samario.
1832 259 1873 329 Ἀ

163 387 299 470 mmai,
332 387 510 457 delendae
537 393 724 456 ceterorum
755 389 809 474 qui
830 387 1001 456 melleam
1032 391 1163 456 editioni
1195 397 1267 459 anta
1297 391 1471 461 cossanum
1491 411 1622 462 manum
1653 392 1872 475 admoverunt,

164 481 298 559 peccata
319 479 350 536 et
372 491 529 536 summam
550 473 583 536 in
604 491 637 535 se
670 473 770 536 tendis
792 473 980 553 conjecturis
1001 474 1160 537 licentiam
1183 482 1272 539 caute
1294 477 1503 542 dissimulant.

202 559 361 620 Caeterum
383 555 462 616 illud
483 574 542 616 nos
562 493 750 617 sanciamus
771 556 831 616 hac
853 561 960 616 nostra
982 557 1118 616 editione
1141 564 1318 632 assecutos,
1334 565 1366 618 ut
1389 577 1425 620 ca
1445 561 1508 622 tela
1531 580 1603 641 quae
1626 567 1779 642 perpetuo
1801 580 1875 624 con-

161 644 215 700 tra
235 637 391 699 Ambrosii
422 637 643 697 auctoritatem
672 637 863 714 torquebant
895 636 1060 697 catholica
1092 638 1237 698 Ecclesiae
1273 641 1455 711 adversarii,
1485 640 1553 719 jam
1585 642 1617 702 in
1647 647 1808 721 posterum
1835 660 1874 704 ex

163 737 277 780 eorum
305 717 450 777 manibus
480 717 664 795 eripiantur.
697 717 837 778 Primum
870 717 954 776 enim
985 717 1068 777 hanc
1098 716 1200 794 legem
1230 719 1320 779 nohis
1351 719 1566 782 inviolabilem
1608 740 1674 782 esse
1702 722 1872 794 voluimus,

161 800 286 860 nullam
315 798 348 857 in
385 802 508 857 textum
538 794 751 875 conjecturam
790 814 930 874 unquam
974 797 1149 858 admittere.
1184 799 1274 868 Nam,
1298 800 1563 878 quemadmodum
1585 802 1753 864 aGosterio
1786 803 1902 863 vide.

164 898 247 950 mus,
275 877 518 956 prudentissime
561 878 763 936 observatum
800 877 908 955 (Epist.
938 875 1006 953 jam
1042 877 1206 956 laudata):
1242 878 1300 952 (lui
1333 879 1448 959 ingenio
1480 879 1629 943 duntaxat
1661 901 1713 943 suc
1735 881 1871 962 judicah-

164 979 222 1040 que
243 959 405 1040 plusquam
426 955 562 1029 debeant,
598 955 709 1036 fidunt,
737 974 831 1036 neque
863 956 1036 1036 presidium
1066 975 1149 1017 omne
1180 977 1210 1018 cn
1241 959 1432 1039 antiquorum
1463 961 1677 1040 exceptorium
1712 961 1872 1024 collatione

163 1038 359 1112 constituunt,
388 1036 460 1116 fieri
487 1036 605 1116 quadem
629 1043 726 1116 potest
757 1045 793 1096 ut
819 1035 997 1118 quandoque
1031 1037 1176 1098 nonrrultu
1212 1057 1278 1118 qua
1321 1047 1423 1101 contro
1452 1042 1717 1120 grammaticorum
1748 1061 1871 1104 conones

160 1119 349 1212 depugnent,
389 1117 550 1178 restituant
574 1137 587 1178 .·
614 1125 650 1178 at
680 1135 762 1178 vocer
798 1117 877 1177 mole
904 1125 1115 1190 commutatos,
1148 1119 1304 1179 sententias
1337 1129 1391 1179 cut
1429 1123 1548 1180 omnino
1576 1123 1707 1195 concisos,
1755 1133 1808 1183 aut
1839 1124 1871 1184 t'n

159 1199 292 1261 alanum
326 1198 424 1258 torrem
450 1197 634 1278 rejectanea
661 1195 747 1257 modo
773 1215 935 1277 persuum
962 1199 1132 1278 neutiquam
1164 1207 1293 1278 possunt.
1330 1199 1374 1258 Ne
1406 1200 1475 1278 quis
1509 1219 1583 1260 vero
1605 1220 1662 1261 nos
1692 1207 1782 1280 putet
1797 1222 1871 1282 pro-

159 1279 266 1339 missis
285 1277 350 1338 illis
370 1278 478 1337 lucum
499 1278 612 1347 lacere,
635 1294 699 1337 nou
720 1277 821 1336 solum
844 1277 1130 1356 manuscriptorum
1153 1279 1265 1356 quibus
1288 1279 1326 1338 ad
1350 1279 1491 1357 singulos
1520 1285 1672 1341 tractatus
1702 1299 1872 1360 recognos-

161 1361 280 1420 cendos
300 1357 349 1417 usi
370 1374 490 1427 sumus,
513 1356 693 1436 catalogum
715 1355 753 1417 ad
777 1356 895 1417 calcem
916 1356 1085 1417 voluminis
1107 1359 1317 1428 exhibuimus,
1340 1377 1451 1418 verum
1474 1359 1568 1418 etiam
1591 1360 1723 1437 singulis
1746 1362 1871 1440 paginis

161 1440 196 1500 in
218 1438 358 1499 inferiori
381 1438 524 1515 margine
546 1438 620 1516 quid
642 1443 673 1496 et
694 1455 757 1515 qua
778 1438 964 1496 auctoritate
985 1443 1213 1497 commutatum
1228 1438 1331 1510 fuerit,
1345 1438 1872 1519 submonuimusUbietiamcujus-

164 1536 227 1599 que
241 1518 354 1579 codicis
376 1524 444 1577 tum
475 1517 582 1594 scripti
602 1523 671 1576 tum
692 1517 767 1576 editi
783 1517 888 1576 vemas
918 1518 1096 1577 curavimus
1137 1517 1230 1594 adjici
1260 1517 1429 1590 lectiones;
1472 1537 1509 1578 eo
1531 1525 1637 1578 tamen
1676 1519 1809 1586 delectu,
1837 1527 1872 1580 ut

161 1619 241 1678 quas
261 1597 389 1659 levioris
416 1598 601 1658 duceremus
621 1596 784 1668 momenti,
824 1595 1028 1674 rejicerentur
1057 1597 1090 1656 iu
1119 1597 1215 1657 finem
1245 1597 1414 1658 voluminis
1437 1597 1503 1678 (u);
1528 1617 1606 1677 quas
1635 1616 1711 1659 vero
1741 1598 1869 1672 nullius,

161 1680 390 1739 omitterentur.
413 1680 480 1737 llac
500 1676 646 1737 videlicet
668 1677 788 1736 ratione
810 1677 1015 1754 providimus,
1040 1683 1074 1736 ut
1096 1683 1125 1736 et
1147 1676 1255 1737 lectori
1278 1696 1372 1756 qnam
1396 1679 1593 1756 potissimum
1615 1679 1780 1740 lectionem
1803 1697 1871 1739 am·

160 1759 330 1838 plectatur,
358 1758 474 1837 eligere
500 1757 634 1817 liberum
656 1757 720 1817 sit:
753 1773 810 1816 nec
837 1763 944 1817 tamen
975 1757 1099 1835 paginas
1121 1757 1242 1818 levibus
1273 1757 1475 1819 inutilibusve
1497 1759 1579 1818 notis
1610 1758 1808 1838 oppleantur.
1832 1760 1871 1820 At

160 1840 195 1899 in
227 1839 396 1917 Scriptura
418 1837 497 1897 locis
517 1837 570 1916 qui
596 1837 714 1914 passim
744 1837 882 1895 citantur
900 1838 940 1896 ab
973 1837 1148 1908 Ambrosio,
1181 1837 1376 1916 diligentiam
1408 1857 1444 1897 ac
1475 1839 1658 1916 religionem
1682 1839 1785 1900 adhuc
1807 1857 1872 1899 ma·

157 1919 263 1998 Jorem
291 1918 512 1989 adhibuimus;
543 1917 726 1976 eorumdem
756 1917 839 1976 enim
870 1917 1011 1977 locorum
1051 1917 1218 1977 varietates
1254 1918 1411 1978 interdum
1442 1919 1537 1977 ctiam
1567 1919 1652 1978 haud
1684 1919 1728 1979 ita
1758 1937 1871 1997 graves

160 2017 228 2059 non
249 1999 352 2060 solum
372 2017 410 2058 ex
432 1997 590 2057 Ambrosii
611 1997 781 2068 codicibus,
806 1996 860 2057 sed
882 2014 899 2055 e
919 1997 1051 2057 diversis
1082 2015 1206 2077 quoque
1228 1996 1401 2058 Bibliorum
1431 1997 1591 2058 idiomatis
1621 1999 1741 2078 placuit
1774 2017 1872 2059 anno·

203 2159 427 2221 submovimus
448 2163 554 2218 autem
575 2155 734 2234 longiores
755 2156 828 2216 illos
858 2162 1032 2228 contextus,
1057 2158 1181 2235 quibus,
1215 2162 1248 2216 ut
1269 2156 1387 2218 dictum
1410 2162 1467 2229 est,
1499 2157 1531 2216 in
1562 2158 1698 2218 editione
1730 2159 1873 2220 Romana

161 2258 237 2300 cum
258 2239 331 2300 libri
353 2239 393 2298 ab
418 2237 567 2308 invicem,
595 2243 663 2296 tum
694 2237 790 2296 etiam
811 2254 875 2296 non
897 2255 968 2296 raro
998 2237 1102 2296 media
1132 2237 1193 2316 ipsi
1227 2237 1331 2315 capita
1361 2237 1601 2310 dividebantur;
1634 2255 1671 2298 eo
1703 2238 1787 2316 quod
1818 2237 1874 2299 illa

155 2319 275 2380 divisio
306 2336 437 2397 operum
469 2317 752 2377 Ambrosianorum
783 2334 907 2394 corpus,
939 2316 1023 2394 quod
1056 2335 1152 2376 unum
1184 2334 1260 2387 esse,
1297 2318 1401 2394 quoad
1429 2316 1496 2395 ejus
1527 2319 1594 2378 fieri
1624 2324 1739 2397 potest,
1769 2318 1873 2390 debet,

159 2399 253 2479 quasi
275 2397 475 2459 membratim
497 2397 653 2456 distrahat
674 2401 704 2456 et
725 2396 891 2472 discerpat.
917 2399 960 2457 lle
982 2394 1134 2456 librorum
1166 2414 1240 2455 vero
1269 2397 1404 2456 sectione
1426 2398 1458 2457 in
1480 2397 1594 2475 capita,
1623 2416 1744 2458 necnon
1766 2416 1877 2459 eorum

158 2479 372 2558 argumentis,
395 2479 457 2536 sive
480 2477 670 2547 summariis,
693 2481 728 2534 ut
747 2480 873 2546 vocant,
896 2475 1058 2535 sententiis
1089 2477 1246 2554 tantisper
1276 2481 1430 2536 certatum
1458 2483 1527 2549 est;
1553 2496 1624 2538 cum
1646 2496 1709 2538 non
1731 2479 1874 2540 deessent

160 2561 277 2638 quiea
299 2558 406 2618 omnia
427 2576 498 2635 quae
520 2574 582 2616 non
604 2555 794 2616 haberentur
823 2555 858 2614 in·
876 2555 1110 2631 manuscriptis,
1143 2573 1181 2614 ex
1213 2555 1404 2616 editionibus
1435 2555 1575 2617 tollenda
1606 2576 1673 2618 esse
1704 2559 1873 2619 contende-

160 2644 258 2700 rent:
281 2638 335 2698 alii
357 2643 466 2696 contra
486 2636 650 2696 retinenda
680 2635 808 2713 quidem
829 2635 1066 2705 existimarent;
1100 2634 1152 2693 sed
1184 2634 1258 2712 quia
1288 2639 1394 2694 vetera
1422 2634 1477 2694 illa
1510 2642 1695 2714 argumenta
1726 2638 1870 2698 Auctoris

160 2738 291 2780 sensum
312 2723 407 2796 atque
429 2717 607 2786 consilium,
629 2714 680 2774 vel
711 2714 814 2774 minus
836 2714 1008 2792 perspicue,
1043 2714 1092 2773 vel
1114 2713 1217 2773 minus
1237 2711 1335 2773 latine
1365 2720 1636 2792 repraesentarent,
1669 2717 1864 2793 corrigenda.

160 2800 274 2862 Potior
302 2799 417 2858 horum
447 2797 514 2856 risa
544 2802 590 2856 est
620 2794 748 2873 opinio;
779 2799 901 2854 constat
932 2793 1085 2871 siquidem
1112 2793 1252 2852 animum
1282 2793 1407 2853 lectoris
1437 2794 1614 2872 defatigari,
1646 2795 1706 2855 nisi
1735 2795 1867 2857 subinde

160 2880 256 2959 quasi
274 2878 371 2938 variis
391 2876 581 2936 stationibus
601 2876 785 2954 requiescat.
810 2875 870 2936 Sed
892 2874 924 2933 in
946 2875 1006 2934 hoc
1028 2873 1167 2933 maxima
1189 2872 1273 2933 illius
1303 2873 1436 2933 instituti
1465 2873 1589 2934 videtur
1619 2874 1755 2947 utilitas;
1779 2875 1863 2953 quod

155 2959 305 3020 eumdem
339 2958 490 3017 lectorem
510 2961 680 3033 antequam
702 2955 742 3014 ad
763 2972 878 3014 novam
910 2959 1048 3013 transeat
1078 2953 1254 3024 materiam,
1291 2958 1457 3031 praeparet,
1489 2971 1550 3031 quo
1582 2954 1703 3014 facilius
1732 2953 1866 3033 legenda

154 3037 327 3117 intelligat.
352 3040 389 3098 Et
408 3038 472 3097 hoc
492 3054 566 3096 saue
594 3034 700 3094 nullus
720 3034 848 3112 negabit
869 3034 971 3111 magis
991 3033 1201 3094 necessarium
1234 3051 1299 3093 csse
1322 3033 1352 3092 in
1379 3051 1416 3094 co
1438 3033 1600 3110 scriptore,
1634 3035 1673 3094 ad
1695 3033 1784 3112 cujus
1805 3034 1868 3096 lec-

156 3122 279 3180 tionem
301 3123 395 3195 atque
416 3116 668 3192 intelligentiam,
693 3114 959 3192 quemadmodum
981 3113 1202 3174 animadvertit
1239 3113 1392 3172 Antonius
1422 3113 1569 3174 Godcllus
1591 3112 1681 3194 (Hist.
1704 3113 1790 3176 Ecel.
1815 3133 1865 3175 an.

154 3199 245 3278 397).
267 3215 416 3277 magnum
438 3196 585 3258 Ecclesiae
606 3194 775 3256 Gallicanae
796 3195 893 3254 decus
913 3199 944 3253 et
964 3199 1196 3265 ornamentum,
1220 3210 1299 3271 opus
1321 3197 1366 3252 est
1397 3193 1570 3256 eruditione
1605 3192 1773 3274 plusquam
1805 3212 1870 3255 me·

163 3277 280 3340 diocri.

201 3359 244 3419 Ut
271 3358 367 3436 igitur
397 3356 458 3416 hac
490 3357 522 3415 in
551 3374 584 3416 re
614 3354 814 3434 potissimum
842 3352 1022 3431 junioribus
1053 3351 1210 3431 theologis
1231 3369 1289 3430 pro
1321 3351 1450 3414 modulo
1481 3358 1589 3414 nostro
1621 3353 1868 3426 consuleremus,

155 3443 319 3517 receptam
347 3436 416 3515 jam
446 3436 524 3496 clim
552 3439 744 3495 tractatuum
772 3433 805 3492 in
835 3433 940 3510 capita
969 3432 1156 3493 divisionem
1191 3431 1386 3504 retinuimus,
1419 3433 1488 3511 ipsa
1519 3433 1623 3513 capite
1659 3433 1692 3492 in
1724 3450 1871 3494 numeros

156 3539 215 3580 seu
248 3517 400 3577 sectiones
430 3515 658 3585 distribuimus,
687 3512 894 3590 explicuimus
923 3530 1016 3573 voces
1051 3513 1200 3573 obscuras
1226 3516 1281 3571 aut
1312 3531 1423 3589 parum
1446 3513 1601 3585 usitatas3
1636 3530 1744 3574 eorum
1777 3513 1872 3576 etiam

157 3617 236 3679 quae
257 3598 298 3658 ad
328 3596 506 3665 historiam,
537 3593 736 3672 disciplinam
768 3599 861 3670 atque
892 3592 1068 3653 doctrinam
1099 3596 1251 3669 spectant,
1288 3592 1344 3652 ubi
1374 3611 1424 3652 res
1452 3593 1496 3653 ita
1527 3591 1688 3672 postulare
1717 3593 1786 3653 visa
1813 3598 1870 3666 est,

155 3680 290 3740 brevem
321 3676 562 3736 subnotavimus
591 3673 829 3752 expositionem.
862 3673 909 3732 Ad
945 3674 1013 3732 lraec
1053 3677 1194 3732 veterum
1226 3689 1351 3750 quoque
1382 3671 1509 3734 illorum
1545 3671 1633 3734 locos
1663 3673 1872 3734 indicavimus

157 3777 245 3838 quos
265 3756 448 3817 Ambrosius
468 3760 574 3815 noster
594 3754 652 3814 sibi
672 3757 878 3831 proposuerat
898 3752 1077 3812 imitandos.
1102 3751 1136 3810 ln
1159 3751 1271 3830 quibus
1292 3751 1437 3812 omuibus
1458 3771 1521 3813 non
1547 3753 1665 3813 famam
1688 3751 1872 3814 eruditionis

158 3837 318 3916 aucupari
344 3835 510 3896 consilium
530 3834 600 3906 fuit,
622 3834 676 3894 sed
698 3832 849 3893 lectorum
872 3851 908 3891 ac
929 3850 1037 3892 eorum
1069 3831 1226 3909 praecipue
1258 3831 1321 3909 qui,
1354 3837 1388 3891 ut
1409 3832 1557 3905 diximus,
1582 3839 1721 3894 recentes
1744 3853 1762 3894 a
1784 3834 1874 3894 theo-

157 3918 261 3998 logiae
277 3916 405 3985 scholis,
422 3934 454 3975 se
475 3914 515 3974 ad
526 3913 700 3975 evolvenda
714 3912 856 3972 Doctoris
870 3912 968 3971 nostri
983 3917 1185 3972 monumenta
1196 3916 1391 3990 comparant,
1416 3913 1505 3972 unice
1527 3913 1736 3990 spectavimus
1755 3911 1874 3973 utilita-

158 4005 242 4060 tem.
265 3997 463 4074 Quapropter
483 3995 626 4055 doctores
647 3993 717 4063 viri,
742 3992 854 4069 quibus
875 3992 1032 4052 eruditum
1062 3992 1122 4052 hoc
1152 3996 1294 4051 nostrum
1326 3992 1475 4052 sacculum
1506 3992 1656 4064 abundat,
1689 3989 1776 4051 nullo
1810 3990 1874 4051 dis-
1954 4011 1956 4018 ’

157 4077 283 4159 pendio
305 4075 430 4135 notulas
451 4080 575 4135 nostras
597 4074 744 4134 omittant
765 4072 849 4142 licet,
872 4090 929 4131 nec
952 4077 1058 4132 tamen
1078 4070 1149 4131 illas
1180 4071 1334 4131 tironibus
1360 4077 1455 4151 atquc
1476 4072 1508 4131 in
1529 4071 1748 4150 hujuscemodi
1769 4070 1873 4132 studio

159 4156 345 4220 candidatis
366 4155 544 4226 invideant3
570 4153 683 4232 quibus
703 4169 740 4211 eo
763 4152 863 4230 magis
888 4151 1080 4212 necessarias
1110 4169 1176 4212 esse
1210 4150 1287 4211 illud
1319 4151 1464 4224 ostendit,
1500 4153 1584 4231 quod
1614 4152 1648 4212 in
1668 4151 1777 4213 multis
1796 4149 1875 4212 locis

162 4242 259 4300 Rom.
283 4236 431 4306 editores,
454 4235 539 4294 viros
561 4233 702 4311 alioquin
723 4232 873 4302 cruditos,
889 4232 1032 4292 Auctoris
1054 4249 1178 4292 sensum
1195 4249 1258 4291 non
1274 4235 1432 4291 assecutos
1453 4232 1589 4293 inductas
1611 4232 1785 4294 intextum
1807 4249 1876 4291 mu-

160 4319 306 4379 tationes
328 4314 528 4406 patefaciant.
552 4314 591 4374 lli
610 4329 685 4373 vero
707 4312 783 4371 dum
806 4311 1016 4390 qualicunque
1037 4311 1098 4371 hoc
1120 4316 1227 4372 nostro
1254 4309 1450 4388 juvabuntur
1479 4311 1597 4385 labore,
1622 4313 1705 4392 quod
1727 4311 1877 4391 pauciora

163 4412 420 4476 exposuerimus,
443 4412 507 4454 non
528 4392 747 4471 expostuleut3
772 4410 843 4451 cum
863 4391 943 4451 nihil
966 4392 1049 4470 quod
1080 4391 1172 4451 valde
1198 4390 1407 4451 necessarium
1429 4391 1533 4464 fuerit,
1556 4391 1797 4473 neglexerimus,
1819 4409 1877 4452 neo

162 4478 306 4539 fusiores
327 4474 550 4535 annotationes
570 4472 663 4533 facile
684 4471 877 4532 admissurus
897 4472 990 4532 luerit
1011 4469 1180 4531 voluminis
1201 4471 1323 4530 modus.
1403 4527 1405 4531 ,

209 4555 302 4628 Quod
324 4572 419 4633 porro
450 4555 490 4614 ad
511 4553 649 4615 universi
670 4551 774 4630 operis
794 4551 997 4630 partitionem
1019 4551 1140 4622 attinet,
1164 4550 1255 4611 nobis
1275 4569 1376 4629 neque
1399 4553 1539 4614 Romana
1560 4569 1661 4632 neque
1695 4550 1880 4614 Erasmiana

165 4637 251 4697 satis
278 4634 414 4714 probata
442 4639 506 4706 est;
533 4634 698 4712 utrobique
728 4631 811 4691 enirn
839 4649 910 4692 cum
938 4632 1018 4692 benc
1042 4631 1141 4691 multa
1165 4635 1236 4690 sunt
1260 4631 1387 4709 proprio
1411 4650 1467 4692 suo
1489 4631 1560 4693 loco
1585 4651 1649 4694 nou
1672 4633 1785 4712 posita,
1811 4635 1879 4692 tum

164 4715 263 4778 nulla
290 4719 394 4775 exstat
422 4713 635 4793 legitimorum
663 4710 950 4772 adulterinorumvc
984 4712 1116 4772 loetuum
1145 4710 1300 4771 discretio.
1332 4709 1440 4790 ltaque
1465 4711 1545 4773 nihil
1580 4713 1776 4774 commodius
1812 4727 1878 4771 esse

163 4795 336 4866 duximus,
363 4812 457 4873 quam
483 4799 517 4853 ut
540 4811 637 4872 opera
669 4792 776 4853 omnia
799 4810 870 4869 quae
902 4792 1030 4852 nomine
1054 4790 1212 4852 Ambrosii
1244 4789 1441 4870 reperiuntur
1463 4792 1624 4872 inscripta,
1653 4793 1686 4854 in
1714 4798 1777 4853 tres
1801 4790 1880 4851 dun-

162 4880 264 4938 taxat
288 4881 393 4936 tomos
416 4873 637 4945 divideremus,
664 4889 799 4951 quorum
823 4871 943 5010 priores
967 4872 1030 4932 duo
1053 4889 1139 4942 vera,
1163 4871 1274 4930 tertius
1298 4872 1496 4950 supposititia
1520 4873 1822 4953 comprehenderet:
1847 4865 1880 4928 in

164 4975 238 5037 quo
268 4972 288 5012 a
318 4955 460 5014 Romana
487 4951 717 5024 distributione,
748 4951 797 5011 cui
838 4970 920 5030 ongo
950 4971 1006 5012 usu
1028 4969 1110 5011 nunc
1137 4969 1246 5011 omnes
1274 4952 1389 5012 assueti
1413 4957 1495 5026 sunt,
1522 4972 1617 5032 quam
1640 4951 1805 5012 minimum
1826 4965 1882 5027 po·

162 5037 247 5106 tuit,
273 5034 469 5094 recessimus.
501 5033 601 5111 Igitur
628 5033 688 5094 boc
713 5031 814 5110 primo
838 5030 998 5092 volumine
1032 5031 1185 5110 quidquid
1218 5032 1257 5091 ad
1287 5031 1454 5172 Scriptura
1483 5033 1708 5112 expositionem
1736 5027 1880 5100 refertur,

163 5113 336 5193 complexi
359 5130 487 5174 sumus:
511 5113 550 5174 de
575 5111 664 5192 cujus
689 5112 815 5190 quidem
839 5112 1025 5173 tractatibus
1048 5129 1112 5172 non
1135 5117 1180 5170 est
1205 5110 1334 5172 curhoc

163 5197 283 5258 missae
300 5191 496 5273 adsingulos
519 5193 749 5254 admonitiones
772 5210 881 5252 eorum
906 5197 1043 5263 atatem,
1069 5190 1264 5270 propositum
1288 5193 1443 5266 Auctoris,
1474 5199 1504 5254 et
1527 5191 1589 5252 alia
1614 5209 1684 5270 quaa
1708 5188 1884 5252 necessaria

158 5273 401 5357 judicavimus,
431 5273 555 5334 abunde
613 5272 749 5351 prodant
778 5271 1023 5351 edisserantque.
1061 5273 1138 5332 Nam
1168 5273 1206 5332 de
1234 5273 1402 5411 recoqnitis
1429 5269 1605 5350 Augustini,
1634 5270 1785 5342 Gratiani,
1815 5287 1886 5330 nec-

164 5373 241 5420 non
270 5359 303 5413 et
329 5353 433 5414 citatas
463 5353 633 5433 Scriptura
661 5351 858 5425 testimoniis,
885 5352 1000 5413 additis
1023 5351 1163 5431 ejusdem
1188 5352 1360 5424 versionis,
1387 5351 1481 5411 variis
1505 5351 1659 5413 indicibus
1682 5352 1716 5414 in
1739 5351 1801 5412 line
1824 5348 1886 5410 col·
1948 5421 1954 5432 ,

162 5433 304 5506 locatis,
320 5439 355 5494 ut
369 5432 529 5505 sileamus,
545 5433 614 5512 ipse
627 5430 726 5492 lector
740 5451 796 5492 usu
812 5433 955 5511 Proprio,
972 5438 1125 5512 quantum
1142 5432 1286 5493 utilitatis
1300 5433 1449 5502 habeant,
1466 5431 1541 5492 satis
1557 5439 1714 5512 agnoscet.

210 5516 326 5594 Neque
350 5530 426 5573 vero
448 5531 487 5574 ea
507 5513 657 5574 videntur
682 5511 743 5572 hoc
772 5511 842 5572 loco
871 5513 1151 5591 pretermittenda,
1181 5529 1312 5591 quorum
1338 5529 1396 5590 ope
1426 5529 1461 5570 ac
1490 5512 1629 5575 subsidio
1653 5514 1701 5575 usi
1724 5529 1830 5573 sumus
1854 5508 1888 5570 iu

162 5599 237 5659 hac
265 5593 477 5656 Ambrosiana
505 5592 721 5672 castigatione.
752 5593 841 5653 Certe
870 5594 997 5672 quidem
1026 5593 1228 5654 manifestum
1257 5596 1303 5652 cst
1328 5591 1366 5652 ad
1390 5610 1521 5671 operum
1548 5592 1724 5674 cujuspiam
1753 5589 1888 5654 auctoris

1369 5131 1426 5173 oco
1440 5112 1531 5192 plura
1546 5113 1700 5184 dicantur,
1716 5127 1786 5170 cum
1802 5127 1883 5189 prce·

201 5762 247 5828 (a)
263 5761 321 5813 lios
335 5774 369 5812 er
381 5761 502 5827 ubisque
521 5774 607 5813 anum
620 5758 825 5812 adnotationum
839 5773 938 5826 corpus
962 5761 1107 5823 adeamus,
1124 5773 1158 5811 ne
1174 5759 1244 5810 iuter
1270 5757 1413 5824 legendum
1436 5759 1538 5828 aliquid
1558 5761 1701 5816 desiderari
1716 5759 1800 5826 possit
1814 5755 1887 5824 quod

166 5837 238 5878 non
252 5823 343 5878 oculis
357 5824 501 5891 subjaceat.
515 5825 578 5878 Eoo.
