4159 6184
146 383 224 452 icit
661 375 891 446 cuinullum
911 375 953 444 tlt
973 375 1162 446 PSLLMUM
1183 376 1318 445 xxxvi.
1766 372 1846 445 itm

145 521 246 592 verbo,
258 517 400 594 scriptum
413 520 479 576 est:
498 522 530 575 tu
544 514 634 592 aperi,
650 513 699 574 ille
725 515 871 590 loquetur.
896 515 964 572 ldeo
979 515 1007 584 A
1022 515 1106 584 mibi,
1122 530 1294 594 sorormea,
1309 529 1427 590 sponsa,
1442 511 1545 588 (itu).
1563 511 1667 570 »dudi
1691 514 1843 595 quomode

146 611 223 668 utsii
237 609 326 667 David
343 627 350 666 ε
368 607 518 666 «Audiam
534 607 605 682 quid
621 606 759 680 loquatur
773 607 803 678 in
818 604 969 664 meliuml·
1023 608 1056 661 tu
1071 604 1232 661 exsuscites
1246 604 1407 662 Christum.
1422 603 1529 660 Anime
1542 602 1635 661 dicit:
1659 625 1675 653 «
1704 603 1844 674 Adjuravl

146 693 857 771 nur(Prat.rmrr,9).»utipsebeiuiliusdicit:
870 699 969 767 elipe·
1023 711 1085 762 vos,
1103 693 1168 749 filie
1182 693 1357 762 Jerusalem,
1372 694 1398 750 si
1415 692 1625 750 suscitaveritis
1641 697 1670 750 et
1688 692 1846 762 resuscite-¹

145 785 214 845 rios
224 790 320 856 tuum,
332 789 362 842 et
371 784 616 858 adimpleboillud
626 785 711 858 (Prot.
724 802 805 854 mxx,
819 783 874 856 tl).
888 805 903 834 e
911 783 968 841 Sed
1023 783 1123 841 veritis
1138 783 1311 840 charitatem
1327 782 1417 856 (Cast.
1434 783 1519 854 111,5).
1537 803 1551 831 u
1567 781 1700 838 Charites
1715 780 1847 859 Christus

146 891 205 934 non
220 889 323 932 omnes
337 877 370 930 ut
383 873 521 931 Salomon
536 878 661 947 possunt
676 873 824 947 percipere
856 872 969 946 sapien·
1024 877 1079 929 est.
1096 871 1171 928 Audi
1182 871 1270 928 etiam
1283 872 1430 945 quomodo
1441 870 1728 944 dormiensloquaris
1739 888 1747 927 ε
1760 893 1775 922 «
1787 871 1846 945 Ego

145 963 192 1022 tiae
204 962 408 1037 perlectionem
422 980 428 1030 ;
440 979 499 1019 non
522 979 624 1019 omnes
642 966 676 1019 ut
699 959 810 1020 Daniel.
827 961 969 1018 Omnibus
1023 961 1148 1028 dormio,
1161 965 1190 1017 et
1204 977 1255 1018 cor
1267 975 1367 1017 meum
1377 959 1480 1034 vigilat
1496 959 1756 1033 (contemsisse
1771 976 1848 1018 cum·

146 1059 245 1110 tamen
257 1067 309 1124 pro
318 1049 510 1124 possibilitate
521 1049 687 1107 infunditur
705 1051 827 1124 spiritus
852 1050 968 1123 supien—
1023 1049 1153 1106 muniter
1168 1067 1175 1105 ε
1197 1049 1297 1106 attolle
1312 1066 1390 1105 nuno
1404 1047 1491 1122 poulo
1505 1047 1594 1105 altius
1609 1051 1738 1124 mentem
1752 1051 1845 1106 tuam.

147 1141 195 1199 tie
208 1159 215 1212 3
227 1141 279 1198 sed
292 1139 431 1197 omnibus
441 1141 492 1212 qui
504 1139 604 1198 fideles
621 1145 699 1197 sunt.
713 1139 744 1197 Si
755 1139 866 1208 credas,
878 1139 969 1196 babes
1058 1139 1103 1192 67.
1120 1137 1249 1211 Loquere
1265 1163 1278 1188 ιι
1294 1137 1400 1195 sedens
1416 1138 1447 1193 in
1462 1136 1549 1195 domo
1565 1138 1654 1210 (Dect.
1670 1155 1710 1206 vr,
1725 1139 1764 1211 7),
1786 1159 1801 1187 »
1815 1137 1847 1195 in

147 1230 286 1302 spiritum
298 1228 467 1302 sepientie3
491 1228 556 1285 ideo
565 1229 688 1302 Sapiens
713 1228 802 1285 dicit:
828 1226 968 1286 «Credidi
1023 1225 1078 1283 bac
1093 1228 1223 1284 terrestri
1239 1228 1325 1284 domo
1338 1227 1427 1300 hujus
1442 1220 1720 1299 habitationisque
1744 1225 1848 1285 dissol-

146 1317 358 1395 propterquod
372 1317 487 1374 locutus
502 1333 569 1374 sum
591 1319 678 1389 (Prot.
689 1333 753 1386 cxv,
778 1318 833 1388 10).
850 1339 864 1366 u
895 1317 967 1374 Cum
1022 1314 1110 1384 vitur,
1126 1315 1156 1370 in
1167 1331 1225 1388 qua
1239 1315 1462 1389 peregrinamur
1475 1333 1493 1372 e
1506 1315 1639 1374 Domino.
1668 1317 1702 1372 ln
1728 1333 1848 1393 corpore

147 1406 314 1476 credideris,
331 1407 457 1479 accipies
472 1405 611 1479 loquendi
626 1407 762 1479 graiium.
778 1405 879 1479 utqui
907 1423 968 1462 cre·
1023 1403 1103 1460 enim
1117 1403 1175 1461 isto
1190 1404 1370 1477 positi‚dum
1382 1407 1578 1480 supervestire
1588 1405 1783 1482 magis-quam
1793 1423 1848 1464 nos

147 1496 200 1565 dit,
211 1495 366 1552 redimitur
374 1511 386 1559 ,·
396 1499 425 1551 et
435 1494 485 1568 qui
495 1499 569 1562 oret,
581 1494 753 1550 redimitur:
777 1494 802 1550 si
813 1495 860 1566 pie
870 1493 969 1551 inten·
1024 1493 1188 1566 exspoliare
1197 1492 1344 1565 volumus,
1355 1495 1532 1552 exulemuse
1543 1493 1706 1564 Christo,et
1721 1495 1849 1568 graviter

148 1584 401 1650 deierationibus,
417 1588 446 1640 et
459 1584 490 1654 in
503 1582 633 1640 oratione
661 1582 800 1640 assiduus
827 1582 875 1653 sit,
891 1583 968 1639 diem
1022 1581 1255 1654 ingemiscimus.
1273 1584 1305 1638 ln
1320 1581 1374 1640 buc
1384 1583 1490 1656 sedens
1500 1598 1569 1656 ergo
1580 1581 1716 1640 confitere
1731 1587 1870 1662 peccate¹

147 1673 314 1749 preveniat,
343 1676 458 1730 noctem
470 1691 473 1696 Δ
485 1672 660 1745 lbcquentet,
677 1669 730 1728 soli
746 1672 910 1728 matutinus
925 1689 971 1729 oc·
1023 1673 1094 1738 tue3
1110 1669 1180 1743 quie
1194 1671 1306 1738 sedisti,
1322 1676 1351 1727 et
1365 1688 1422 1727 non
1437 1671 1558 1739 stetisti,
1585 1675 1614 1726 et
1640 1687 1698 1728 non
1722 1671 1847 1729 dixisti:

148 1767 247 1820 curret
261 1761 330 1834 (40),
345 1765 379 1818 ut
405 1763 472 1817 ente
500 1761 564 1834 ipse
589 1758 773 1816 illuminetur
801 1777 818 1815 e
843 1759 969 1828 Christo,
1024 1781 1038 1810 «
1048 1757 1163 1814 Stantes
1174 1767 1255 1814 erent
1266 1759 1354 1832 pedes
1367 1758 1460 1815 nostri
1473 1759 1503 1814 in
1512 1757 1594 1815 atriis
1604 1760 1674 1828 tuis,
1685 1759 1849 1816 Jerusalem

149 1867 239 1926 quem
255 1853 332 1908 terre
346 1847 417 1906 solis
432 1853 534 1906 exortu
550 1867 556 1916 ;
573 1848 667 1920 etqui
683 1847 783 1921 psallit
797 1847 969 1918 rediinitur;
1026 1847 1113 1920 (Prot.
1128 1863 1203 1914 cxxi,
1219 1847 1259 1920 2),
1273 1869 1288 1898 e
1305 1847 1436 1920 Loquere
1451 1845 1557 1920 mergis,
1573 1850 1601 1902 et
1629 1845 1688 1902 noli
1703 1846 1850 1904 occultare

149 1945 179 1998 et
193 1939 244 2012 qui
260 1937 480 2010 compungitur,
496 1936 660 1993 redimitur.
1026 1934 1134 1992 delicta
1144 1954 1152 2005 ;
1163 1933 1394 2009 loqueresedens
1406 1953 1413 1992 :
1423 1939 1456 1991 ut
1465 1935 1570 1992 audias
1580 1933 1725 1992 dicentem
1737 1951 1744 1990 :
1755 1956 1771 1986 e
1780 1936 1851 1993 Sur·

183 2029 229 2084 66.
245 2024 312 2084 ldeo
328 2041 443 2100 semper
460 2025 614 2092 meditere,
630 2039 747 2097 semper
761 2023 880 2098 loquere
907 2041 971 2098 que
1027 2023 1086 2098 gite
1100 2027 1257 2097 postquem
1267 2023 1466 2097 sederitis,qui
1482 2024 1785 2097 munducatispsnem
1799 2025 1851 2092 dn·

149 2115 200 2175 uei
214 2119 294 2186 sunt,
311 2137 325 2166 α
340 2115 445 2174 sedens
459 2113 490 2170 in
505 2115 591 2170 domo
607 2113 696 2186 (lleot.
712 2115 831 2186 v1.7).»
846 2113 972 2172 Domum
1027 2111 1098 2169 loris
1109 2113 1195 2184 (Pscl.
1207 2129 1299 2182 cxxvi,
1314 2114 1354 2186 2).
1371 2135 1385 2163 e
1403 2117 1531 2186 Loquere
1552 2136 1567 2164 «
1577 2113 1608 2168 in
1635 2112 1683 2169 via
1695 2111 1853 2171 ambulans

148 2219 311 2279 possumus
324 2203 456 2276 accipere
468 2201 641 2270 Ecclesium,
659 2217 819 2276 possumus
843 2203 973 2278 accipere
1026 2203 1115 2273 (Dect.
1130 2201 1217 2274 v1,7),
1232 2225 1246 2251 »
1261 2201 1291 2257 id
1306 2206 1360 2271 est,
1377 2218 1501 2275 carpens
1519 2201 1584 2258 vitsr
1599 2199 1688 2258 istius
1716 2217 1849 2260 cursum.

150 2295 272 2350 domum
282 2291 450 2348 interiorem
465 2291 495 2347 in
511 2291 607 2359 nobis,
622 2292 806 2348 utintranos
817 2288 974 2366 loquemur
1028 2289 1082 2345 liic
1096 2288 1225 2363 loquere,
1237 2306 1273 2345 ne
1283 2288 1343 2347 illio
1353 2291 1552 2359 obmutesces,
1560 2289 1637 2347 sicut
1645 2287 1695 2346 ille
1703 2290 1854 2364 obmutuit

150 2381 260 2438 Sedent
270 2379 386 2452 jndices
399 2379 429 2435 in
459 2377 645 2448 Jerusalem,
673 2380 813 2436 sederunt
841 2381 925 2438 sedes
943 2381 973 2437 in
1028 2379 1079 2452 qui
1095 2377 1198 2451 angelo
1211 2378 1317 2435 christi
1333 2383 1401 2436 ente
1416 2395 1474 2436 non
1489 2377 1623 2450 credidit,
1639 2381 1741 2451 postea
1755 2380 1853 2437 tamm

146 2465 259 2542 judicic
274 2487 286 2536 ,·
302 2467 378 2524 sedit
392 2467 480 2524 etiem
502 2467 636 2540 judicum
665 2467 833 2538 concilium,
850 2474 879 2526 et
907 2467 973 2526 libri
1028 2467 1287 2535 cumcredldisset,
1299 2483 1398 2526 vocem
1409 2468 1526 2541 recepit.
1538 2468 1669 2541 Loquere
1679 2467 1854 2525 «dormiens

151 2555 243 2630 operti
258 2559 340 2625 sunt,
358 2553 501 2628 Propheta
516 2555 586 2612 dicit
601 2575 608 2613 :
631 2577 645 2608 «
658 2557 694 2614 ut
708 2561 740 2614 tu
756 2557 823 2613 c'um
852 2557 974 2615 consilio
1028 2559 1058 2613 et
1068 2556 1223 2628 quiescens
1233 2555 1590 2631 (ibid.).»consepultusin
1602 2555 1852 2631 Cbrist0;utcum

151 2643 251 2702 omnla
266 2642 311 2716 luc
322 2641 416 2716 (dccli.
434 2659 523 2720 nixu,
538 2644 594 2716 tl).
611 2644 822 2702 cumconsilio
838 2645 873 2703 de
891 2645 974 2703 iactis
1028 2645 1094 2718 ipso
1107 2644 1138 2700 in
1153 2643 1280 2701 novitate
1291 2645 1356 2702 vitae
1370 2661 1516 2717 resurges.
1538 2645 1668 2718 Loquere
1692 2643 1782 2701 etiem
1812 2661 1854 2702 se·

149 2733 210 2790 tuis
221 2731 333 2804 judica,
347 2729 551 2788 cumconsilio
566 2733 667 2789 vinum
683 2733 760 2802 bibe,
772 2749 839 2790 cum
852 2734 975 2791 consilio
1028 2733 1131 2806 pultus
1147 2733 1177 2789 in
1192 2731 1401 2800 tumulo,sicut
1415 2731 1613 2806 loquebantur
1620 2733 1725 2790 anime
1737 2737 1854 2790 sancto·

151 2821 279 2894 loquere,
294 2823 328 2877 ut
342 2817 465 2893 effugies
479 2823 641 2894 peccatum,
657 2837 694 2878 ue
709 2821 822 2880 incidas
836 2839 889 2897 per
898 2822 975 2880 mul·
1029 2839 1108 2889 rum,
1120 2825 1251 2896 petentes
1266 2823 1302 2879 de
1317 2822 1422 2879 mortis
1437 2826 1554 2879 auctore
1569 2819 1740 2878 vindictam.
1771 2844 1786 2872 α
1801 2820 1855 2879 lis·

152 2909 319 2984 tiloquium.
335 2907 436 2965 Sedens
449 2907 568 2982 loquere
583 2913 691 2980 tecum,
717 2911 802 2984 quasi
818 2912 868 2984 qui
892 2913 976 2985 judi·
1030 2927 1158 2983 quoquo,
1174 2909 1306 2980 Domine,
1322 2915 1442 2968 sanetus
1457 2915 1487 2967 et
1500 2927 1599 2977 verus,
1615 2926 1673 2967 non
1695 2909 1813 2984 judices
1826 2915 1856 2968 et

153 3013 216 3056 ces:
229 2999 316 3054 invio
326 2996 455 3070 loquere,
467 3013 646 3070 neunquam
657 3014 752 3056 vaces.
766 3002 797 3056 ln
808 3001 854 3058 via
874 3000 974 3074 loque·
1029 2999 1162 3057 vindicus
1176 3000 1352 3073 sanguinem
1366 3004 1502 3057 nestrum
1517 3002 1611 3075 (Aper.
1631 3016 1671 3068 vr,
1687 2997 1757 3071 loli
1772 3021 1787 3048 n
1803 3000 1856 3057 Le

153 3087 205 3157 ris,
217 3085 282 3143 siin
293 3084 406 3142 (cbristo
417 3083 558 3158 loquaris,
571 3087 697 3159 quisvis
707 3079 841 3146 Christus
865 3093 920 3147 est.
943 3090 975 3146 ln
1030 3101 1119 3160 quere
1134 3092 1282 3161 postremo
1299 3110 1314 3140 u
1329 3105 1397 3145 oum
1412 3089 1511 3164 surgis
1526 3107 1534 3156 ;
1548 3111 1563 3140 e
1586 3087 1664 3144 sicut
1677 3086 1778 3146 docuit
1805 3087 1855 3145 iile

152 3175 200 3232 via
208 3171 327 3250 loquere
336 3173 403 3241 tibi,
413 3172 533 3246 loquere
542 3174 666 3232 Christo.
679 3177 755 3233 Audi
767 3178 913 3250 quomodo
932 3177 974 3235 illi
1031 3177 1082 3250 qui
1097 3177 1170 3234 dixit
1186 3195 1193 3234 ε
1212 3199 1226 3228 u
1241 3177 1301 3250 ligo
1315 3177 1449 3249 dormivi,
1465 3184 1494 3234 et
1508 3177 1615 3250 quievi,
1630 3181 1659 3233 et
1686 3176 1829 3234 resurrexi
1846 3195 1854 3245 ;

153 3263 294 3337 loqueris.
309 3281 323 3313 e
338 3257 421 3328 Volo,
438 3260 544 3332 lnquit,
558 3264 636 3319 viros
650 3263 681 3319 in
697 3265 778 3319 omni
802 3265 867 3322 locu
882 3281 975 3338 orare,
990 3247 1013 3317 C
1032 3267 1172 3337 quoniam
1181 3265 1324 3322 Dominus
1333 3265 1475 3338 suscipiet
1484 3281 1532 3322 mo
1544 3266 1630 3338 (Prot.
1643 3279 1687 3333 ut,
1696 3267 1735 3338 6).
1751 3287 1765 3320 s
1782 3264 1857 3322 utit-

154 3352 283 3409 leven'ccs
298 3364 387 3424 purus
402 3363 510 3406 manus
525 3349 589 3405 sius
614 3349 659 3406 ira
672 3353 701 3406 et
729 3351 940 3426 disceptatione
955 3355 976 3427 (l
1030 3354 1316 3427 licergo(vers.30):
1344 3354 1495 3426 «Osjusti
1518 3353 1711 3411 meditabitur
1736 3353 1853 3426 sepien-

147 3439 269 3506 Timm,
283 3439 322 3509 8).
339 3459 354 3490 u
370 3437 510 3510 Loquere,
527 3453 543 3494 o
561 3437 661 3506 bomo,
688 3439 911 3497 «dormitans»
939 3459 977 3498 ne
1030 3443 1113 3508 tium,
1124 3443 1280 3499 »donecnd
1292 3441 1655 3500 sublimioretabemaculi
1676 3447 1857 3511 scemmens-

154 3529 207 3586 tibi
223 3539 345 3586 somnus
360 3525 464 3582 mortis
478 3527 609 3599 obrepat.
626 3526 700 3583 rtudi
712 3529 858 3600 quomodo
871 3528 977 3585 dormi·
1031 3523 1643 3605 lestis,acesoreplonejucnnditetisarque
1662 3529 1771 3588 letitie
1792 3529 1857 3604 ipse

151 3622 220 3674 taus
234 3615 365 3688 loqueris
380 3633 386 3670 :
403 3637 417 3666 r
433 3613 463 3671 si
478 3613 584 3672 dedero
599 3629 738 3672 somnum
752 3615 845 3673 oculis
860 3617 934 3674 meis
949 3621 977 3676 et
1029 3615 1200 3690 perveniat;
1216 3617 1467 3688 quemadmodum
1474 3618 1624 3691 Scriptura
1631 3619 1800 3691 nosdocuit,
1809 3619 1857 3675 di·

153 3701 304 3779 palpebris
318 3701 392 3759 meis
406 3701 653 3774 dormitationem,
671 3701 762 3762 donee
776 3705 923 3762 inveniam
934 3705 975 3762 io·
1031 3709 1113 3761 cente
1121 3704 1222 3761 David:
1232 3705 1856 3781 «flecrecordatussum,etsiiudisuperme

152 3806 221 3850 curn
231 3787 366 3857 Domino,
379 3791 600 3849 tabemeculum
612 3791 670 3850 Deo
680 3789 769 3850 iacob
780 3793 865 3866 (Psoi.
882 3811 974 3852 cxxxr.
1031 3793 1161 3850 animem
1167 3793 1718 3867 meem3quoniemingrediarinlocum
1724 3797 1857 3873 taberna·

152 3883 181 3950 l,
195 3881 233 3954 5).
252 3901 263 3932 r
277 3875 368 3937 Vince
383 3883 519 3937 usturam
533 3879 694 3955 diligentia,
708 3878 832 3939 exclude
846 3881 975 3957 corporis
1030 3880 1435 3954 ouliedmirabilis,usquead
1445 3881 1566 3938 domum
1575 3883 1636 3939 Dei.
1646 3882 1856 3940 luvoceensul·

150 3982 303 4028 somnum.
318 3965 460 4026 Naturam
475 3969 561 4027 nobis
576 3969 702 4028 formare
718 3985 776 4028 non
803 3985 974 4045 possumus,
1030 3970 1151 4028 tationis
1161 3969 1487 4028 etconlsssionissonus
1503 3969 1853 4044 epulantisiitectmmm).

150 4071 312 4133 possumus
327 4055 522 4131 diligentiam.
537 4055 630 4115 Homo
645 4062 708 4116 eret
722 4055 822 4128 David,
839 4057 976 4133 indulge·
1029 4060 1105 4131 iirgo
1116 4061 1145 4114 et
1154 4056 1291 4115 sedentes
1303 4057 1333 4113 in
1350 4056 1404 4113 bac
1415 4072 1553 4130 corporea
1579 4056 1677 4127 domo,
1700 4060 1731 4112 et
1745 4057 1855 4133 egressi

149 4148 201 4206 bat
213 4143 325 4220 aliquid
334 4160 440 4202 somno
451 4151 636 4219 pernoctem,
646 4147 697 4204 scd
708 4146 882 4206 excludebat
896 4163 974 4205 som·
1029 4145 1209 4219 bibentque
1223 4144 1408 4202 ambulantes
1421 4146 1452 4202 in
1472 4145 1530 4214 ein,
1559 4162 1628 4202 cum
1653 4143 1812 4217 rapiemur,
1828 4145 1854 4202 si

149 4233 854 4308 num,lavanspersingulesnocteslectumsuurn
862 4237 976 4311 etlscry
1029 4249 1190 4306 meremur,
1198 4234 1312 4293 obviam
1324 4234 1450 4304 Christo,
1462 4233 1679 4291 stdormientes
1687 4232 1853 4310 loquemur.

148 4323 472 4399 misirrigansetratum
480 4323 649 4380 suumldeo
658 4325 872 4382 memoreratin
881 4329 973 4383 struto
1063 4323 1110 4380 68.
1120 4323 1225 4395 Accipe
1233 4323 1348 4380 tertiam
1368 4322 1501 4388 ἀναγωγήν
1515 4339 1574 4396 qua
1587 4338 1619 4380 sc
1634 4323 1735 4378 anima
1761 4321 1855 4379 elevat

149 4429 205 4471 suo
219 4425 337 4484 semper
350 4405 468 4467 Domini
482 4409 539 4478 eui,
555 4412 624 4468 etin
639 4411 704 4484 ipso
719 4412 926 4482 meditabatur,
943 4417 976 4469 ut
1024 4412 1111 4483 justi.
1127 4409 1272 4470 Estenim
1288 4411 1409 4484 quidem
1426 4411 1569 4484 spiritalis
1595 4427 1718 4468 somnus
1746 4409 1853 4469 intelli·

149 4499 312 4558 diluculum
323 4497 503 4572 preveniret,
514 4503 542 4554 et
555 4499 586 4555 ln
601 4499 729 4555 tenebris
744 4497 769 4555 ei
794 4497 975 4557 illucesceret
1031 4499 1156 4575 gendus,
1166 4500 1202 4557 de
1213 4516 1271 4572 quo
1282 4499 1420 4556 solomon
1433 4499 1491 4557 ait:
1506 4522 1520 4552 «
1532 4499 1561 4557 si
1571 4502 1650 4557 enim
1666 4500 1854 4570 sederenius

148 4585 284 4664 Christus
299 4585 399 4652 dicens
416 4601 422 4641 :
448 4607 463 4635 u
479 4585 571 4659 Surge
600 4584 649 4658 qui
665 4584 776 4642 dormis
806 4585 913 4660 (liplrcs.
944 4605 971 4655 v,
988 4609 1012 4676 D
1028 4589 1135 4646 timore
1145 4586 1262 4645 sedebis
1274 4606 1281 4656 ;
1294 4589 1319 4644 si
1338 4588 1476 4659 dormias,
1487 4575 1615 4647 suaviter
1636 4589 1813 4663 requiesces,
1825 4596 1855 4648 et

149 4673 973 4750 lt).»Nonioomnibusbecgratiaest,sedpotestesseet
1028 4695 1086 4735 non
1101 4675 1221 4734 timebis
1234 4692 1372 4749 pavorem
1388 4678 1438 4751 qui
1455 4679 1643 4752 superveniet
1665 4678 1730 4748 tibi,
1760 4693 1855 4750 neque

146 4765 178 4821 in
193 4763 330 4837 pluribus
344 4761 505 4838 diligentia.
516 4761 664 4840 Neigitur
677 4769 828 4837 exspectes
844 4770 875 4821 ut
899 4765 972 4824 exci-
1027 4767 1155 4839 impetus
1170 4765 1328 4837 impiorum
1357 4769 1594 4841 supervenientes
1622 4767 1676 4825 tibi
1700 4768 1793 4840 (Proc.
1810 4781 1852 4836 ur,

146 4853 228 4909 tette
237 4847 386 4921 thistus,
399 4851 449 4908 sed
462 4850 720 4925 potiusdbristum
746 4851 848 4909 excita.
876 4851 973 4912 territe
1026 4851 1136 4927 eti-25).
1155 4853 1257 4911 »Cum
1271 4854 1416 4913 suavitate
1430 4856 1607 4930 requiesces,
1623 4859 1652 4912 et
1664 4869 1812 4928 pavorem,
1823 4858 1853 4910 et

147 4953 216 4998 cnm
226 4939 560 5014 quideipsodermiteus
570 4939 687 5014 cogitet.
698 4937 861 4999 eituillum
868 4943 972 5001 excite-
1027 4941 1271 5016 supervenientes
1284 4941 1444 5019 impiorum
1459 4945 1588 5021 impetus
1604 4958 1662 4999 non
1677 4941 1797 5023 timebis
1809 4959 1816 5010 ;
1827 4943 1852 5000 si

145 5027 345 5104 verls‚eilpse
356 5020 640 5087 mteetrcltsbite
656 5043 770 5100 somno,
781 5029 971 5090 resuscitabit
1026 5032 1194 5106 linguatus
1208 5030 1505 5106 loquaturjudicinm
1522 5031 1581 5101 bei,
1596 5039 1624 5088 et
1646 5046 1764 5104 semper
1777 5029 1852 5087 illud

146 5123 164 5175 a
179 5115 273 5174 multe
286 5115 453 5174 dicenstibi
467 5135 499 5174 :u
511 5117 669 5190 Exsurgea
692 5117 816 5175 mortuis
833 5117 937 5193 (leid).
956 5141 970 5170 u
1024 5126 1094 5180 unte
1108 5120 1208 5178 oculos
1222 5121 1333 5178 bsbeas
1352 5139 1359 5189 ;
1375 5126 1409 5178 ut
1422 5128 1540 5195 peccato
1553 5119 1653 5178 locum
1673 5119 1790 5177 nullum
1805 5135 1849 5179 re-

145 5203 220 5262 tium
235 5211 340 5280 surges
353 5217 422 5279 ergo
437 5203 480 5262 vel
500 5213 647 5279 resurges,
677 5206 775 5278 ipsam
791 5205 922 5282 loquere,
937 5213 970 5267 ut
1024 5208 1503 5284 linquas,etnoverisquoddeiicti
1513 5208 1641 5284 pretium
1656 5208 1794 5286 supplicii
1808 5225 1852 5267 re·

144 5293 270 5367 impleas
283 5293 361 5366 quod
372 5293 497 5366 juberis.
513 5293 588 5349 Audi
608 5292 755 5366 quemodo
780 5297 811 5352 te
836 5293 970 5354 Christus
1022 5298 1183 5356 tributione
1195 5298 1336 5355 solvetur.
1354 5299 1420 5370 lpse
1434 5297 1514 5354 enim
1528 5297 1584 5355 boc
1600 5297 1631 5354 in
1657 5295 1851 5373 nonagesimo

142 5383 259 5440 exultet.
275 5381 381 5438 Anima
393 5385 446 5439 tua
460 5381 531 5438 dicit
546 5403 560 5432 e
575 5380 637 5438 Vox
657 5381 758 5439 fratris
785 5383 843 5442 mei
871 5383 970 5458 pulsnt
1022 5388 1233 5460 interpretatus
1247 5389 1292 5441 est
1310 5385 1426 5458 psalmo
1438 5385 1539 5444 dicens
1555 5402 1563 5443 r
1580 5409 1596 5439 a
1609 5385 1673 5444 Non
1687 5386 1806 5446 timebis
1833 5405 1850 5445 u

142 5471 181 5529 ed
193 5471 318 5544 jecnam
332 5467 423 5542 (duat.
437 5483 466 5539 v,
480 5469 520 5542 2),
537 5472 594 5526 »et
606 5469 742 5527 tibristus
757 5469 820 5528 ait:
852 5473 967 5547 «Aperi
1020 5475 1134 5533 timore
1149 5475 1304 5539 nocturno,
1320 5473 1501 5550 maengitta
1528 5474 1642 5533 volente
1655 5491 1707 5551 per
1729 5474 1851 5548 diem,a

179 5625 297 5708 (tollis
311 5624 421 5710 editet
445 5627 531 5700 pauci
550 5643 622 5685 mss.
634 5627 688 5684 Alii
710 5629 814 5702 mqjori
833 5635 1044 5702 numeraretur
1065 5633 1212 5691 matutinis
1226 5637 1361 5690 orrerrat.
1388 5634 1472 5692 Haud
1492 5636 1579 5709 male,
1595 5637 1621 5694 si
1650 5639 1747 5694 ments
1774 5650 1847 5708 sup·

141 5700 268 5775 plevens
282 5697 381 5770 radin,
397 5697 482 5768 toni,
495 5697 540 5757 vel
555 5699 625 5772 quid
640 5699 748 5759 simile.
