4159 6184
146 308 208 385 ω
811 300 871 363 oa
894 300 1105 381 aeaauau
1127 304 1206 370 ure.
1228 260 1273 371 ιζ
1846 324 1905 401 ru

146 446 209 513 tur,
223 441 283 516 ipse
295 442 346 501 hoo
357 442 548 521 reporitzeire
564 441 604 498 de
621 432 746 493 nostris
774 433 847 505 ipse
863 436 1005 489 transtu·
1023 437 1053 516 ,t
1105 440 1150 496 85.
1167 443 1204 499 Et
1215 446 1247 501 tu
1263 444 1427 521 proximam
1443 462 1549 521 quere.
1566 450 1637 517 Quis
1657 456 1701 509 est
1730 454 1905 527 proximus?

147 528 206 594 lit:
222 532 454 590 sivotreuslatum
468 531 607 590 invenit:
1079 526 1134 596 Qui
1146 532 1222 603 tecit,
1239 532 1346 607 iuquit,
1374 538 1594 613 mirericordiam
1621 540 1694 613 (Luc.
1725 560 1753 611 x,
1781 545 1840 617 37).
1872 549 1900 603 ln

1078 616 1234 693 Evangelio
1250 622 1304 679 hoo
1320 623 1392 679 dixit
1406 624 1548 683 Dominus
1572 628 1667 685 lesus.
1695 632 1730 687 ut
1744 636 1775 689 tu
1803 634 1898 706 proxi·

1079 722 1158 765 marn
1196 710 1319 767 seminis
1345 712 1465 769 abrahe
1494 715 1618 786 require,
1647 721 1676 773 et
1703 721 1896 794 propinquam

937 871 943 881 .
1078 799 1201 867 proximi
1217 802 1270 857 tui.
1287 806 1390 858 semen
1406 802 1527 859 Ahrahae
1542 803 1676 863 Christus
1692 812 1744 875 est,
1761 810 1823 881 ipso
1852 819 1896 868 ost

189 887 262 944 lude
275 888 303 942 at
314 900 415 958 pueros
429 888 562 955 dicimus,
577 878 702 959 quando
737 868 897 927 servulos
918 875 1020 945 signi·
1076 888 1226 959 proximus
1242 890 1385 959 omnium,
1402 892 1451 964 qui
1467 906 1555 963 super
1572 909 1673 950 omnes
1690 897 1757 951 lacit
1780 900 1893 955 miseri·

150 977 359 1041 fleamus,non
384 980 492 1033 etatem
518 968 742 1049 exprimentes,
776 958 828 1017 sed
866 959 1020 1021 0⁰¹¹dillo·
1075 977 1214 1049 cordiam,
1245 978 1350 1035 tollens
1378 983 1528 1053 peecatum
1558 982 1670 1038 mundi.
1690 984 1893 1043 Discodeinde

151 1082 236 1123 nem,
1073 1066 1142 1134 quid
1159 1068 1186 1123 in
1204 1084 1291 1127 uxore
1307 1072 1470 1140 queratur:
1488 1084 1545 1124 nou
1561 1086 1675 1138 aurum,
1699 1089 1756 1128 non
1786 1090 1891 1146 argen-

190 1154 238 1211 83.
255 1153 371 1211 Advorte
390 1167 466 1207 nuno
492 1152 618 1207 virtutos
643 1136 722 1201 boni
759 1133 1014 1213 Pallisssflfflllisss
1069 1156 1131 1210 tum
1147 1157 1279 1229 quesivit
1292 1156 1449 1223 Abraham,
1465 1174 1521 1212 non
1537 1160 1747 1229 possessiones,
1759 1163 1809 1217 sed
1821 1178 1890 1235 gra-

153 1248 185 1303 et
199 1242 351 1301 considera
364 1238 502 1313 primum,
514 1239 736 1313 quodmunns,
756 1234 788 1286 et
802 1228 849 1285 oui
874 1228 1011 1291 mandet:
1066 1242 1135 1299 tium
1152 1246 1233 1302 bone
1253 1246 1371 1303 indolis.

153 1338 190 1391 ut
205 1336 278 1395 etta
291 1331 330 1387 ita
343 1329 480 1385 instituas
493 1327 642 1393 servulos,
656 1326 690 1380 ut
718 1316 826 1378 liberis
860 1316 922 1375 tuis
950 1338 1008 1395 pa·
1096 1334 1140 1388 86.
1157 1335 1265 1390 Deinde
1280 1334 1477 1405 iuterrogatus
1492 1333 1516 1390 si
1533 1335 1621 1390 nollet
1642 1338 1739 1392 venire
1768 1337 1885 1399 mulier,

154 1420 278 1481 ternum
293 1420 426 1476 oleatum
442 1418 593 1487 delerant,
609 1420 639 1471 et
657 1411 758 1471 oilloia
787 1414 1002 1485 exsequantur.
1059 1426 1230 1479 utrumnam
1245 1440 1278 1479 eo
1295 1422 1390 1478 tilium
1412 1421 1523 1477 domini
1544 1424 1589 1478 sui
1615 1426 1753 1480 duceret:
1774 1421 1887 1479 luenda

154 1508 492 1569 flwlnveutusestde
514 1504 659 1572 servulis,
688 1502 789 1560 senior
815 1505 917 1558 tamen
946 1505 999 1575 qui
1055 1511 1116 1576 tibi,
1134 1511 1239 1583 iuquit,
1256 1525 1412 1567 uereuocee
1440 1510 1531 1579 fitium
1554 1528 1644 1567 meam
1664 1514 1724 1568 ilio.
1751 1512 1885 1567 eominus

156 1601 195 1657 ad
209 1614 328 1655 uxorem
348 1596 561 1676 providendam
589 1592 710 1650 domino
731 1592 845 1665 juniori
874 1590 998 1665 eligere·
1052 1600 1124 1655 Deae
1138 1599 1200 1653 cccli
1214 1602 1240 1653 ci
1255 1600 1326 1655 Deae
1341 1600 1422 1651 arra
1437 1600 1539 1669 occepit
1567 1616 1610 1655 me
1631 1600 1664 1655 de
1687 1601 1767 1657 domo
1790 1595 1883 1668 patria

154 1693 219 1755 tur,
234 1690 265 1743 at
279 1685 452 1743 constrictus
467 1685 639 1756 utjuraret,
652 1681 780 1738 mitteret
800 1698 922 1737 manum
939 1682 996 1738 suh
1051 1687 1116 1753 mei,
1133 1693 1159 1741 et
1172 1684 1206 1739 de
1221 1690 1296 1742 terra
1312 1684 1342 1738 ia
1361 1700 1415 1753 qao
1440 1692 1527 1753 notra,
1551 1704 1621 1757 sum,
1646 1690 1696 1759 qui
1717 1688 1821 1741 locutas
1843 1679 1884 1733 eti

155 1774 376 1843 lemurdomini
392 1774 450 1829 sui.
466 1774 522 1830 Por
538 1772 638 1828 lemur
667 1770 884 1843 generationem
911 1771 995 1828 iutel-
1050 1776 1123 1831 miti
1136 1782 1162 1830 et
1172 1774 1292 1845 jurarit,
1317 1772 1424 1828 diceas:
1458 1774 1518 1830 Titi
1543 1774 1611 1831 dato
1633 1780 1735 1832 terram
1763 1772 1835 1825 tora
1857 1770 1884 1817 et

154 1864 301 1939 ligimus:
317 1862 464 1937 generatio
493 1864 596 1917 autem
627 1858 751 1913 Abrahae
779 1858 913 1915 Christus
939 1864 993 1917 est.
1051 1863 1154 1919 semini
1169 1865 1310 1933 tuo;ipee
1335 1862 1565 1934 mittetaapetam
1593 1881 1675 1919 saum
1702 1867 1766 1917 aute
1793 1858 1829 1919 ιθ,
1857 1856 1884 1903 ‘3‘

157 1954 245 2011 Unde
260 1936 416 2025 Apostolus
432 1951 488 2006 ait:
504 1948 623 2005 Adraha
645 1947 731 2005 dicte
744 1952 807 2003 sant
832 1950 995 2020 promissio·
1051 1954 1170 2026 accipies
1183 1954 1264 2011 tlt)
1279 1950 1338 2021 filio
1353 1968 1411 2008 meo
1439 1970 1553 2010 arcerem
1578 1954 1651 2010 iada.
1682 1946 1757 2021 Quod
1783 1942 1810 1997 si
1833 1952 1883 1993 ao·

157 2058 210 2100 aas
225 2044 252 2097 et
276 2040 454 2111 acmiaicjae.
482 2040 543 2095 lton
572 2036 651 2101 aaa,
681 2036 889 2101 electricibus,
915 2039 997 2109 quasi
1052 2043 1142 2099 tuerit
1155 2045 1245 2097 tecum
1270 2042 1362 2097 venire
1387 2042 1488 2099 mittier
1515 2046 1671 2099 interram
1696 2039 1778 2093 turc.
1797 2040 1886 2098 illim

161 2142 191 2196 ia
213 2133 832 2201 maitie.·eedeicutiauno,cteerninituo,
859 2132 931 2203 qaod
958 2139 997 2189 ert
1050 2133 1140 2187 eriea
1147 2131 1314 2200 juramento
1329 2134 1376 2187 tac
1392 2130 1466 2197 (Gen.
1483 2148 1558 2195 xxrv,
1579 2133 1651 2203 ss·8].
1667 2128 1729 2190 01¹⁰
1751 2113 1887 2215 Pi⁰f¹⁰i⁸t

164 2227 289 2286 christus
304 2224 404 2298 (Galat.
420 2242 464 2294 ru,
480 2224 544 2297 16);
562 2220 724 2279 ostendens
739 2220 898 2293 peripsum
911 2222 995 2279 nobis
1051 2220 1108 2275 hoo
1124 2219 1287 2274 considera
1301 2218 1478 2291 diligentius.
1495 2222 1556 2276 Non
1580 2220 1650 2278 licet
1671 2210 1726 2271 tihi
1756 2212 1887 2276 attolliere

164 2319 298 2386 mucium
314 2318 548 2378 sacramentum,
564 2327 618 2385 per
629 2310 729 2383 ipsum
743 2311 839 2365 tutum
855 2306 995 2366 auxilium
1052 2307 1270 2379 alienigenam.
1292 2307 1365 2365 Sauo
1380 2311 1403 2367 si
1428 2310 1624 2367 Christianam
1650 2320 1682 2362 se
1706 2294 1802 2364 faciat,
1828 2290 1889 2351 ¹⁸¹¹·

171 2405 238 2462 som,
1052 2397 1120 2453 dem
1137 2395 1484 2456 habebiscxea.Nete
1509 2417 1632 2473 quoque
1662 2391 1687 2449 sl
1716 2383 1891 2443 i0⁰⁰³ai0lll

198 2494 243 2551 aa.
258 2492 445 2550 Constrinxit
460 2495 559 2546 autom
575 2504 646 2545 eum
656 2501 693 2541 no
709 2484 744 2541 de
760 2486 870 2542 somine
885 2486 996 2543 Charra·
1052 2484 1221 2541 Christiana
1235 2484 1310 2551 llari,
1322 2487 1451 2545 studium
1464 2489 1642 2562 nuptiarum
1654 2504 1672 2542 a
1682 2478 1736 2536 fide
1748 2478 1891 2549 ᾶῡῦθῦῑθῐ,

168 2599 296 2641 aeorum
312 2596 437 2637 uxorem
458 2579 616 2645 arcessiret
630 2575 751 2631 domino
777 2591 841 2645 suo,
872 2591 997 2647 quorum
1053 2573 1175 2629 instruit
1198 2571 1300 2629 lectio.
1336 2576 1482 2643 Abraham
1505 2586 1691 2651 sequentem
1717 2569 1818 2631 deduci
1842 2572 1892 2633 ad-

165 2672 401 2745 genorisauotor
421 2670 532 2744 petrem
558 2682 619 2726 uon
649 2664 854 2729 honoraverat,
878 2668 907 2719 et
933 2663 998 2720 ideo
1054 2662 1178 2729 monuit,
1217 2662 1396 2722 residentem
1431 2684 1487 2723 uon
1517 2669 1637 2741 expeti,
1664 2684 1714 2726 neo
1740 2684 1772 2727 eo
1801 2666 1893 2729 filium

165 2759 385 2817 maledictionis
400 2755 602 2815 haereditatem
618 2751 787 2809 transmisit
808 2752 835 2806 in
861 2768 949 2808 suos:
967 2756 1000 2807 ut
1054 2768 1142 2806 suum
1159 2768 1295 2823 pergere.
1311 2752 1387 2811 Sane
1398 2756 1512 2812 Domini
1528 2756 1573 2811 sui
1590 2762 1698 2831 quise
1713 2762 1746 2821 ab
1769 2763 1893 2825 incolatu

164 2865 382 2924 cognoscamus
398 2846 497 2910 fidem,
511 2847 540 2900 et
555 2841 719 2917 quamdam
738 2838 937 2897 hereditatem
964 2840 999 2897 de
1053 2840 1181 2895 terrain
1198 2858 1260 2913 qua
1275 2840 1437 2911 habitabat,
1453 2844 1635 2917 abduxerat,
1654 2868 1710 2911 uon
1728 2855 1893 2920 defuturam

164 2934 449 3011 auotorisprosapia
476 2932 559 2988 iniis
575 2928 795 3004 requirendam,
825 2926 999 3000 quosnobis
1055 2926 1301 2997 misericordiam,
1338 2936 1371 2987 ut
1407 2933 1523 3005 praeiret
1556 2936 1664 2999 studio
1690 2948 1831 3021 petitoris,
1865 2958 1895 3011 et

162 3024 305 3085 ¹volumus
320 3025 492 3097 adjungere.
509 3022 583 3078 Cum
596 3022 699 3075 saneto
710 3016 788 3072 enim
799 3020 918 3073 sanetus
929 3016 998 3084 oris,
1056 3015 1157 3087 puella
1173 3016 1328 3073 inclinaret
1338 3020 1482 3077 animum.
1493 3022 1581 3088 Quasi
1600 3034 1745 3104 propheta
1756 3040 1809 3097 1200
1819 3044 1893 3105 dixit

165 3120 278 3172 etcum
293 3129 430 3187 perverso
447 3106 632 3183 perverteris.
644 3102 674 3161 Si
689 3104 744 3160 hoo
760 3103 790 3159 in
802 3102 878 3173 aliis,
889 3108 998 3177 quanto
1055 3106 1084 3159 in
1101 3121 1190 3160 eausa
1206 3104 1269 3169 filii,
1280 3109 1308 3161 et
1318 3109 1401 3179 quasi
1414 3109 1533 3166 moralis
1551 3113 1891 3201 doatordoouitsperare

167 3204 266 3277 magis
280 3202 310 3259 iu
326 3199 475 3273 conjugio,
488 3197 537 3252 ubi
554 3211 616 3251 una
630 3209 696 3248 caro
716 3196 745 3248 et
771 3210 848 3248 unus
877 3168 1036 3267 spiritusC
1055 3193 1090 3247 de
1105 3193 1239 3257 Domino,
1257 3194 1334 3267 quod
1347 3197 1452 3267 iuvare
1466 3197 1606 3271 dignetur
1619 3205 1801 3271 incrementa
1820 3222 1888 3278 fidoi

166 3296 215 3348 oet
227 3290 234 3345 l
248 3290 400 3359 Quomodo
413 3290 512 3343 autern
527 3285 625 3357 potest
635 3295 796 3353 congruere
810 3280 948 3346 charitas,
973 3280 998 3335 si
1054 3284 1245 3353 querentem.
1871 3328 1874 3335 .

165 3379 316 3453 discrepet
330 3375 470 3433 iidesillt
493 3373 559 3429 ideo
582 3386 662 3436 oave,
691 3367 866 3438 Christiane,
896 3368 997 3443 gentili
1088 3371 1133 3423 87.
1150 3371 1181 3428 Et
1195 3384 1310 3441 sarpere
1321 3386 1393 3439 puer
1401 3377 1539 3446 profectae
1553 3388 1593 3435 eet
1608 3384 1638 3437 iu
1659 3389 1887 3457 Mesopotamiam

165 3456 997 3531 autiudeoflliamtuamtradem(28),q.l‚captare),
1053 3456 1132 3525 (ibid.
1151 3456 1431 3527 10):etjnxtavoii
1447 3464 1553 3522 seriem
1588 3472 1666 3541 quod
1696 3475 1886 3543 proticisoene

164 3558 254 3623 Care,
269 3554 401 3626 inquam,
418 3550 558 3626 gentilem
574 3553 625 3603 eut
640 3545 770 3601 iudaeam
787 3548 874 3619 atque
897 3546 998 3603 alieni·
1052 3544 1185 3602 servulus
1199 3549 1324 3612 voverat,
1341 3552 1461 3605 occurrit
1475 3554 1502 3608 ei
1513 3554 1745 3625 Rehecmdratcne
1757 3564 1886 3634 hydriam

165 3660 287 3719 genam,
301 3643 355 3699 hoo
370 3645 425 3709 est,
441 3638 611 3695 hereticam
633 3638 661 3690 et
689 3649 805 3690 omnem
835 3632 959 3690 alienam
981 3652 999 3688 a
1050 3633 1298 3707 superhumerum‚
1314 3636 1391 3705 uirqo
1406 3641 1526 3709 speciosa
1541 3646 1629 3711 vaide,
1645 3664 1726 3717 qaam
1757 3653 1801 3705 nir
1828 3670 1884 3710 non

165 3734 228 3789 lide
242 3737 292 3788 tua
307 3746 426 3788 uxorem
443 3744 578 3785 arcessas
590 3722 655 3779 tibi.
668 3722 766 3779 Prima
780 3722 909 3797 conjugii
924 3722 997 3778 sides
1051 3726 1219 3795 copooocrut.
1237 3724 1378 3782 noscenda
1393 3734 1485 3782 autem
1514 3732 1550 3784 ad
1572 3736 1687 3803 pontem,
1710 3743 1736 3789 et
1759 3739 1885 3807 impleuit

164 3821 312 3881 castitatis
326 3818 421 3895 gratia
436 3820 490 3873 est.
507 3815 537 3872 Si
554 3812 634 3869 idola
650 3810 724 3865 colat
743 3828 868 3883 quorum
894 3810 996 3883 praedi-
1052 3810 1191 3883 hydriam,
1205 3810 1283 3866 deuii
1296 3828 1383 3883 puero
1400 3814 1501 3885 bitere,
1517 3818 1670 3891 adaquavit
1684 3838 1776 3877 omnes
1791 3840 1882 3881 came·

165 3914 276 3967 eantur
290 3907 443 3968 adulteria,
460 3904 485 3961 si
500 3902 656 3961 Christum
672 3904 757 3971 neget
771 3898 821 3969 qui
839 3902 998 3971 praceptor-
1052 3901 1090 3955 loe
1104 3902 1165 3963 airu
1180 3898 1259 3971 (liud
1288 3900 1332 3968 t5,
1350 3902 1405 3975 td).
1421 3902 1503 3960 Unde
1528 3922 1601 3977 puer
1620 3908 1744 3964 Abrahae
1771 3914 1883 3984 accepit

167 4004 198 4067 et
207 4001 408 4054 remunerator
432 3997 477 4050 eat
492 3987 652 4064 pudicitie,
669 3986 813 4059 quomodo
826 3989 922 4058 potest
934 3986 999 4041 dili·
1052 3988 1169 4043 inaures
1196 4004 1298 4044 aureas
1314 3988 1497 4063 singularum
1514 3994 1734 4065 drachmarum,
1764 4002 1792 4053 et
1807 3999 1882 4057 duas

167 4103 240 4163 gere
254 4083 453 4159 pudicitiam?
472 4081 501 4137 Si
519 4076 687 4136 Christiana
702 4077 750 4145 sit,
773 4092 830 4130 non
846 4081 891 4131 est
913 4075 996 4143 satis,
1052 4076 1138 4132 virias
1168 4074 1247 4132 dedit
1277 4077 1307 4132 in
1337 4094 1443 4135 manus
1472 4082 1548 4153 ejus,
1580 4084 1679 4141 decem
1723 4102 1880 4144 aureorum

169 4173 328 4230 nislaurbo
353 4169 461 4242 initiati
489 4167 556 4224 sitis
586 4166 770 4220 sacramento
798 4162 996 4237 baptismatis.
1052 4166 1295 4237 pondusearum‚
1322 4168 1499 4239 etquesivit
1521 4172 1556 4227 ab
1583 4189 1618 4229 ea
1644 4174 1669 4228 si
1696 4172 1778 4230 locus
1802 4182 1881 4233 esset

168 4260 267 4319 Simul
284 4262 319 4320 ad
343 4259 505 4317 orationem
528 4257 614 4311 nocte
638 4251 719 4307 vobis
739 4251 919 4325 surgendum
942 4256 996 4320 est,
1052 4252 1234 4325 hospitio,et
1253 4256 1433 4327 cujusesset
1451 4257 1521 4315 illia.
1552 4261 1731 4336 Simplicitas
1760 4263 1879 4335 quidem

167 4356 199 4408 et
213 4349 378 4421 conjunctis
395 4346 530 4420 precibus
544 4340 745 4399 obsecrandus
766 4338 853 4395 Deus.
879 4340 999 4396 Accedit
1053 4342 1171 4398 moralis
1186 4343 1368 4417 exprimitur,
1384 4346 1461 4417 quod
1479 4348 1579 4405 nullus
1597 4350 1682 4405 luent
1696 4351 1740 4407 vel
1764 4351 1793 4406 in
1810 4368 1879 4408 oon·

166 4438 251 4497 aliud
263 4437 375 4511 insigne
390 4434 582 4500 castimonia,
600 4428 625 4484 si
640 4428 742 4484 credas
765 4428 855 4484 aDeo
880 4433 929 4484 tuo
945 4429 997 4485 tibi
1049 4430 1125 4505 ju'gii
1153 4431 1292 4503 petitione
1336 4432 1488 4489 ambitioni
1528 4436 1620 4503 locus,
1650 4440 1701 4494 sed
1737 4438 1880 4499 Dominus

166 4526 250 4601 quod
266 4526 435 4591 sortituses,
451 4518 624 4595 eonjugium
640 4515 852 4572 datumUnds
867 4522 896 4572 et
920 4517 1159 4601 Salo-Dpraesul
1191 4520 1318 4594 conjugii
1349 4521 1520 4593 petitionem
1555 4525 1727 4599 impleverit.
1768 4529 1878 4585 Tamen

167 4632 240 4671 mon
263 4615 321 4669 ait:
340 4615 357 4669 ,4
379 4614 442 4679 nco,
473 4608 581 4682 inquit,
608 4606 817 4677 preparabitur
838 4608 897 4662 viro
926 4623 998 4663 uror
1053 4614 1183 4681 spectare
1213 4608 1281 4664 lieet
1307 4606 1440 4665 Ecclesia
1465 4616 1616 4682 mysteria.
1642 4614 1695 4671 Ubi
1732 4615 1879 4673 invenitur

166 4705 264 4773 (Prae.
291 4718 347 4768 xix,
385 4698 522 4767 upum
547 4693 750 4768 possunthoc
778 4694 910 4767 dispares
940 4696 997 4753 fido
1051 4696 1191 4763 Ecclesia,
1223 4698 1279 4753 nisi
1313 4698 1343 4753 in
1372 4698 1607 4770 Mesopotamia?
1645 4703 1687 4758 tbi
1725 4704 1875 4774 queritur;

167 4788 299 4856 credere,
316 4793 349 4844 ut
363 4790 399 4844 ab
416 4802 450 4843 eo
466 4802 554 4859 quem
570 4798 629 4839 nou
645 4781 722 4850 colit,
739 4787 821 4855 putet
842 4783 898 4839 sibi
928 4800 995 4840 con·
1051 4786 1118 4842 inde
1134 4786 1301 4853 arcessitur,
1322 4786 1363 4842 ihi
1391 4788 1507 4846 duobus
1537 4792 1663 4863 stipatur
1692 4788 1875 4854 tluminihus,

166 4876 255 4935 nubii
272 4870 996 4950 impartitamgratiam.llatiodocet‚sedamplius
1050 4874 1165 4930 lavacro
1184 4874 1283 4938 gratie
1309 4880 1337 4931 et
1358 4877 1426 4931 tletu
1464 4880 1648 4949 paenitentia.
1674 4877 1788 4932 Etenim
1819 4876 1875 4932 nisi

165 4964 516 5037 exemplatommouent.
532 4963 614 5033 Saepe
629 4958 765 5017 illecebra
779 4960 932 5019 muliebris
947 4962 994 5018 de·
1052 4969 1169 5035 peecata
1184 4964 1302 5035 propria
1330 4964 1493 5033 defleveris,
1522 4966 1579 5022 nisi
1608 4964 1734 5037 gratiam
1764 4964 1874 5037 baptis-

166 5053 250 5126 cepit
262 5054 349 5110 etiam
364 5052 498 5108 tortiores
521 5050 653 5114 maritos,
669 5053 699 5103 ot
720 5064 738 5102 a
762 5048 901 5121 religione
928 5050 996 5106 lecit
1052 5052 1139 5107 matis
1155 5052 1313 5124 acceperis,
1326 5069 1383 5109 non
1398 5051 1451 5107 tihi
1467 5053 1628 5125 anquiritur
1642 5050 1775 5109 uoolesiae
1789 5050 1872 5123 fides,

167 5140 321 5201 discedere
336 5142 385 5213 (lll
399 5143 460 5213 deq.
488 5158 528 5208 11,
559 5139 596 5211 t).
631 5138 665 5193 ut
690 5136 800 5193 ideotu
830 5136 873 5193 vel
902 5141 994 5196 amori
1051 5139 1523 5213 etquadamoonjugelisoopula
1553 5142 1618 5211 roo).
1648 5139 1785 5196 Muniunt
1807 5158 1873 5197 eam

166 5229 598 5301 cousule,velerroremoave.
616 5225 746 5281 Primum
770 5240 839 5299 ergo
867 5224 896 5280 in
926 5244 994 5284 con·
1049 5228 1156 5303 Tigris,
1171 5226 1226 5284 hoc
1241 5231 1286 5283 cst
1302 5224 1465 5300 prudentia,
1488 5230 1516 5282 et
1546 5226 1716 5299 Euphrates,
1745 5228 1799 5285 hoc
1829 5234 1874 5287 eet

160 5317 363 5395 jugioreligio
387 5318 538 5390 quaritur.
568 5316 633 5372 ldeo
657 5313 807 5371 Abrabam
833 5314 994 5385 proximam
1045 5317 1172 5389 justitia,
1189 5314 1760 5385 etilluminatiolructuoaa,eburharis
1789 5334 1871 5392 sepa·

164 5407 306 5485 quesivit
319 5406 389 5463 dara
404 5406 464 5462 tilio
480 5422 544 5462 suo.
1050 5422 1119 5462 rens
1133 5404 1278 5478 gentihus.

204 5530 350 5616 (titilius.
365 5536 505 5661 r‹lq‘urattuon
528 5525 679 5598 maedam
696 5524 837 5597 conjupali
855 5529 954 5599 copula
972 5531 1101 5587 muniunt
1123 5544 1195 5595 eam,
1211 5528 1265 5582 etc.
1288 5525 1327 5581 lia
1356 5526 1464 5597 quibus
1487 5531 1584 5585 tamen
1609 5529 1689 5587 Volo.
1709 5532 1869 5603 praefert...·

164 5621 252 5678 capra
264 5618 365 5661 muare
397 5618 475 5670 ‚oa
