4159 6184
128 377 178 446 'lot
647 371 764 437 class
784 373 836 436 ott
856 366 1002 435 JOSEPH
1024 365 1289 433 plasmantis.
1761 371 1820 440 702

129 509 258 572 omnihus
268 509 373 566 diebus
387 523 481 582 usque
495 505 532 564 ad
549 505 831 564 consummationem
848 521 932 562 saecu·
954 503 983 572 Α
1034 505 1079 560 76.
1095 499 1237 561 Praecellit
1256 501 1346 577 igitur
1369 498 1478 559 Paulus
1492 506 1522 559 et
1536 501 1601 576 ejus
1615 505 1756 564 exuberat
1770 526 1823 582 por

127 603 145 661 li
157 601 258 676 (aaut.
274 607 372 667 savin,
388 599 444 667 20).
465 621 474 648 n
994 595 1034 651 tio
1053 611 1059 649 :
1076 593 1126 649 scd
1140 593 1392 650 tamenhabentet
1405 591 1455 647 alii
1466 593 1670 665 praedicatores
1682 596 1823 670 gratiam·

158 693 200 748 73.
216 693 308 757 Quam
324 688 441 744 evidens
457 703 571 760 quoquc
586 685 659 742 illud
675 683 939 758 mysterium,quod
995 699 1092 740 snam.
1106 682 1196 738 Binas
1211 681 1300 737 stolas
1314 681 1471 754 accipiunt.
1494 682 1573 747 Ques
1598 683 1694 741 illas?
1715 686 1822 760 Utique

126 781 208 840 veluti
224 777 367 850 completo
382 776 462 832 omni
480 775 757 844 mandato,lratrem
773 789 861 829 suum
871 772 941 828 Bon·
996 773 1031 829 de
1047 770 1155 844 quihus
1170 771 1304 827 dubitare
1316 788 1374 827 non
1390 771 1488 837 debes,
1505 772 1575 844 quie
1594 771 1692 846 legisti
1714 776 1750 833 dc
1774 779 1824 836 Sa·

118 870 212 944 jamin
225 865 428 938 complectitur
445 864 606 938 iosaphat
634 861 740 919 cecidit
763 879 852 935 super
880 859 940 916 col·
996 861 1107 936 pientia
1123 861 1254 916 dictum:
1272 883 1286 911 κ
1299 860 1386 916 Binas
1400 864 1495 916 vestes
1511 861 1578 918 lecit
1591 862 1652 919 viro
1664 868 1821 936 suo(Prnu.

122 961 183 1016 lum
197 958 261 1029 ejus
276 955 353 1026 (Cen.
370 957 445 1022 xcv),
463 953 538 1010 sicut
553 953 642 1008 etiam
657 951 801 1026 completo
817 952 941 1022 Evange·
996 952 1146 1020 xxx1,22).
1165 972 1179 999 »
1195 949 1257 1006 Una
1272 953 1317 1006 est
1340 948 1472 1021 mystica,
1489 949 1609 1006 moralis
1633 951 1727 1010 altera
1753 956 1821 1028 (55),

121 1049 158 1105 lio
174 1046 306 1104 Christus
317 1043 440 1100 Paulum
457 1041 643 1116 amplectitur
660 1041 839 1114 quibusdam
857 1037 942 1094 mise·
996 1041 1053 1096 Sed
1069 1057 1126 1095 non
1142 1055 1245 1094 omnes
1261 1038 1395 1110 apostoli,
1412 1055 1469 1094 non
1485 1055 1586 1102 omnes
1602 1042 1823 1114 prophetamus

121 1135 252 1194 ricordiae
267 1151 326 1190 sure
341 1132 469 1188 brachiis
485 1133 551 1200 (Act.
568 1131 683 1202 xx,31);
703 1135 736 1185 nt
751 1129 867 1185 interna
881 1125 936 1198 opi·
997 1145 1100 1186 omnes
1113 1132 1257 1201 pastores,
1274 1145 1331 1183 non
1355 1144 1458 1184 omnes
1481 1128 1616 1199 virtutos,
1641 1148 1699 1188 non
1720 1149 1823 1191 omnes

123 1228 207 1285 nionc
222 1227 384 1288 curvatum,
399 1221 507 1278 veluto
522 1221 594 1278 collo
609 1221 639 1276 in
657 1218 761 1275 coelum
776 1215 941 1290 erigat.Uu-
998 1217 1106 1273 habent
1129 1216 1254 1290 gratiam
1278 1215 1475 1284 curationum,
1499 1233 1558 1273 non
1580 1235 1684 1278 omnes
1710 1220 1824 1296 linguis

121 1309 549 1371 deetilleerectusaChristo
569 1310 628 1365 ait:
662 1331 671 1358 ι
703 1309 809 1364 Nostra
843 1311 942 1361 eutem
998 1306 1169 1378 loquuntur.
1187 1306 1240 1361 Ubi
1256 1307 1371 1362 diversa
1385 1306 1499 1373 merita,
1515 1309 1769 1379 pramiadiversa.

120 1399 300 1461 conversatio
315 1400 344 1455 in
360 1398 440 1454 coelis
454 1402 499 1455 est
514 1399 645 1471 (Philipp.
662 1413 694 1465 rr,
710 1398 767 1467 20).
786 1417 799 1446 a
935 1445 940 1452 .
1031 1397 1077 1450 77.
1094 1396 1128 1451 Et
1142 1394 1361 1467 premittuntur
1375 1395 1450 1467 patri
1468 1411 1589 1452 munera
1604 1396 1680 1468 (Gen.
1697 1401 1821 1472 xav,25l.

431 1505 546 1562 CAPUT
575 1505 647 1560 χιι),
998 1483 1088 1540 Filius
1099 1483 1223 1540 honorat
1235 1487 1358 1556 patrem,
1369 1483 1509 1539 Christus
1523 1486 1665 1557 populum
1681 1504 1769 1544 suum
1781 1491 1824 1545 in·

119 1594 384 1666 pmmogajosgph
398 1593 744 1665 frairesqaudegpqar00‚
772 1593 850 1662 cuju,
880 1605 944 1660 ma
997 1573 1070 1628 vitat
1085 1572 1252 1645 promissis,
1268 1572 1374 1628 invitat
1399 1572 1582 1630 muneribus.
1615 1574 1736 1632 Portant
1761 1577 1823 1634 hac

154 1666 610 1737 eosdemne-monitarenplicntur.
634 1663 704 1733 Quid
733 1678 858 1727 munera,
882 1675 945 1733 quar
999 1677 1125 1717 munera
1138 1659 1213 1716 asini
1225 1659 1267 1715 illi
1282 1659 1411 1727 inutiles,
1428 1663 1457 1716 et
1485 1661 1624 1718 laboriosi
1653 1669 1720 1721 ante
1745 1683 1823 1722 nurro

153 1739 252 1811 JOSOPP
266 1737 400 1808 lrsslliilli
412 1745 438 1792 ⁶²
452 1737 589 1808 PtfflCl'Pllss
602 1735 745 1806 Bssnlflmfl
762 1736 875 1802 confert,
899 1739 943 1785 Μ·
999 1749 1109 1805 utiles:
1126 1749 1287 1821 portantia
1304 1755 1371 1821 typo
1393 1748 1501 1805 Christi
1519 1767 1652 1821 munera,
1678 1756 1824 1825 portaturi

150 1804 945 1954 gffigailnffffldmffi'pgmfflffmffldossffi
960 1875 983 1940 B
1000 1840 1028 1894 in
1045 1838 1201 1938 Evangeliq
1212 1855 1371 1937 munerum
1391 1838 1571 1912 largitorem.
1667 1929 1673 1940 ι

151 1951 533 2024 ditissipsoromintmam
551 1949 693 2014 chanaan,
728 1951 753 2003 et
781 1950 869 2017 parm
899 1945 947 2000 um·
1036 1929 1081 1982 78.
1098 1950 1111 1976 u
1127 1926 1243 1982 Dimisit
1258 1931 1357 1983 autern
1373 1927 1478 1984 tratres
1492 1944 1563 1985 suos
1582 1933 1612 1984 et
1627 1931 1773 1988 abierunt.
1791 1931 1825 1988 at

151 2024 264 2080 audiuit
278 2020 371 2092 filiano
385 2022 483 2088 ninere,
498 2020 647 2076 admiratio
666 2020 854 2090 consequitur.
1001 2016 1075 2072 dixit
1089 2015 1148 2071 illis
1161 2015 1269 2088 Joseph
1286 2033 1293 2072 ε
1317 2016 1412 2073 Nolite
1427 2016 1513 2074 irasci
1540 2017 1569 2073 in
1586 2017 1632 2075 via
1658 2021 1743 2090 (thid.
1767 2022 1825 2093 24).

151 2113 202 2167 74.
218 2111 253 2166 at
283 2107 401 2183 gavisus
415 2113 459 2164 cst
473 2108 597 2175 Pharao,
614 2107 692 2180 quod
720 2107 736 2162 J
740 2105 830 2176 oseph
858 2121 947 2176 agno·
1003 2106 1095 2170 Quam
1110 2105 1184 2160 hene
1198 2105 1283 2161 dccet
1296 2105 1333 2161 ab
1348 2105 1501 2162 iracundia
1511 2109 1826 2182 praecavendumquod

113 2202 213 2258 risset
228 2199 333 2254 fratres
350 2214 430 2253 suns.
448 2195 529 2253 Unde
542 2199 570 2252 et
584 2194 703 2270 vulgata
719 2200 763 2251 est
777 2210 831 2250 vox
846 2193 876 2249 in
897 2193 948 2248 do·
1003 2211 1037 2250 ea
1051 2194 1143 2266 possit
1157 2194 1245 2250 etism
1260 2199 1393 2252 amantes
1413 2196 1459 2250 sui
1488 2213 1624 2268 separare
1643 2213 1801 2271 germanos
1819 2216 1826 2257 z

114 2307 168 2346 mo
187 2287 311 2344 Pharao.
328 2287 362 2341 Et
377 2285 511 2342 hortatus
533 2289 578 2342 est
605 2288 739 2342 sanctum
766 2281 887 2355 loseph,
918 2285 950 2336 ut
1004 2287 1032 2338 et
1048 2283 1174 2339 maxime
1189 2281 1219 2338 in
1238 2282 1285 2339 via
1301 2282 1468 2353 fugiendam
1484 2301 1549 2342 esse
1571 2285 1760 2354 discordiam,
1776 2287 1828 2345 uhi

113 2379 232 2435 fratros
247 2392 316 2432 suos
331 2373 433 2430 invitet
449 2378 481 2430 ut
494 2373 612 2429 veniant
626 2388 693 2428 curn
710 2376 809 2445 patre:
826 2375 854 2427 et
870 2387 952 2426 man·
1004 2373 1069 2444 ipse
1083 2372 1179 2426 viandi
1195 2372 1352 2429 comitatus
1367 2373 1453 2429 dehet
1469 2374 1645 2432 inviolabilis
1660 2376 1760 2450 gratie
1775 2376 1829 2433 ha·

113 2468 177 2523 dat
199 2462 315 2537 impleri
330 2479 430 2519 eorum
447 2462 577 2518 sarcinas
591 2461 698 2528 tritico,
714 2466 743 2517 et
756 2459 889 2516 vehicula
899 2459 950 2514 da·
1004 2460 1074 2516 here
1088 2459 1279 2517 consortium.
1296 2461 1368 2527 Quid
1385 2466 1484 2518 antem
1512 2462 1603 2531 aliud,
1620 2463 1661 2521 ‘ait
1684 2465 1828 2522 Dominus

114 2557 141 2612 ri
162 2556 248 2626 (Gerr.
266 2569 330 2620 xcv,
349 2551 452 2623 16-20).
469 2551 551 2607 Unde
566 2550 627 2606 haec
647 2549 817 2605 humanitas
846 2548 950 2604 harha-
1006 2553 1105 2605 noster
1118 2549 1215 2614 lesus,
1231 2565 1265 2604 ex
1280 2549 1335 2605 hoc
1349 2566 1470 2623 corpore
1484 2568 1664 2620 recessurus,
1680 2571 1748 2610 cum
1766 2555 1830 2612 dis·

113 2663 165 2712 r0,
187 2642 246 2699 nisi
266 2640 338 2697 illud
363 2641 565 2695 ostenderetur
592 2655 734 2711 nnagnum
765 2637 949 2711 mysterium,
1006 2635 1120 2710 cipulos
1133 2637 1294 2694 dimitteret
1308 2655 1388 2707 suos,
1404 2639 1461 2694 nisi
1473 2656 1510 2694 ne
1525 2641 1720 2697 irascerentur
1728 2642 1758 2697 in
1771 2643 1828 2708 via,

114 2728 478 2806 quodjsmnoninvidet
500 2727 638 2796 Ecclesia,
669 2743 736 2783 cum
766 2725 952 2783 redimuntur
1006 2726 1131 2782 dicens:
1152 2749 1166 2776 «
1184 2726 1286 2782 Pacem
1302 2726 1660 2801 relinquornbis,pacem
1672 2745 1767 2786 meam
1791 2731 1829 2787 do

114 2821 233 2887 Judaei,
249 2823 278 2876 et
293 2817 418 2891 populns
433 2816 618 2874 Christianus
633 2817 688 2872 hac
703 2815 891 2888 adjunctione
907 2814 953 2871 lae-
1005 2814 1190 2886 vohispoan.
1203 2830 1260 2883 arv,
1276 2816 1377 2887 ant»
1393 2815 1447 2872 Ubi
1458 2816 1536 2872 enim
1560 2823 1680 2888 paxest,
1710 2817 1826 2875 iracun-

118 2915 217 2978 tatur,
234 2907 386 2980 atquibus
402 2911 497 2979 potest
513 2903 653 2962 subsidiis
680 2905 774 2977 juvat,
804 2909 832 2960 et
862 2904 953 2960 mittit
1007 2902 1680 2976 dialocumnonhabet,ablegatnrdiscordia
1700 2907 1831 2978 (sattiu-

125 2997 502 3071 erangelizantcsregnum
519 2995 579 3063 Dei,
596 2993 814 3066 quomaturius
836 3010 953 3049 esocen·
1007 2996 1094 3065 gatur
1112 2991 1574 3066 dissensio.Hocestergoquod
1591 2993 1655 3050 ait:
1683 3016 1697 3044 «
1727 2995 1830 3053 Pacem

124 3083 879 3154 tur?Quibusdantnrbtnastatement.maan).
1008 3096 1103 3137 meam
1117 3081 1153 3137 do
1168 3079 1306 3149 vobis;»
1319 3081 1346 3137 id
1362 3085 1416 3150 est,
1433 3105 1447 3132 n
1463 3081 1558 3161 Nolite
1572 3083 1660 3140 irasci
1683 3083 1713 3138 in
1742 3084 1799 3140 via.
1816 3108 1831 3135 υ
1912 3106 1926 3167 ,-

159 3175 246 3230 naht
260 3172 367 3246 allegat
380 3171 504 3228 Paulum
522 3172 661 3245 (54),cum
677 3171 741 3242 ejus
757 3170 834 3226 dicta
849 3170 951 3242 depro-
1007 3169 1042 3224 hit
1055 3169 1120 3226 vida
1133 3186 1169 3225 ne
1183 3170 1213 3225 in
1229 3169 1284 3226 hac
1299 3169 1347 3226 via
1361 3171 1449 3237 dicat,
1465 3170 1520 3228 hoc
1534 3175 1590 3238 est,
1608 3172 1638 3227 in
1661 3171 1716 3228 hoo
1742 3189 1830 3230 cursu

129 3262 196 3331 mit,
209 3261 254 3318 eui
270 3261 389 3318 trecenti
406 3260 497 3327 aurei,
514 3268 542 3315 et
554 3259 684 3332 quinque
695 3258 777 3315 stola
796 3259 874 3330 (ibid.
905 3259 950 3330 23)
967 3241 988 3306 C
1008 3258 1098 3315 totius
1112 3259 1177 3314 vite
1192 3259 1425 3332 indignationem
1440 3261 1610 3330 cavendam,
1627 3261 1706 3333 quod
1722 3260 1766 3318 ira
1780 3280 1831 3319 sea-

128 3351 237 3406 divsrsi
257 3348 362 3406 coloris
388 3348 574 3404 conterantur
602 3365 619 3404 a
643 3347 765 3404 Christo.
797 3349 952 3403 Trecentos
1007 3364 1043 3420 pe
1057 3346 1112 3419 (ll,
1129 3352 1229 3420 quaest.
1246 3349 1273 3402 3.
1288 3350 1335 3404 lta
1348 3350 1428 3421 saepe)
1445 3348 1534 3405 etiam
1549 3349 1759 3407 innocentesin
1774 3352 1830 3408 cri·

130 3455 234 3495 aureos
248 3438 346 3504 hahet,
362 3437 412 3509 qui
428 3453 544 3493 crucem
563 3436 701 3509 proedicat
723 3435 842 3492 Christi.
868 3436 952 3492 Ideo·
1007 3451 1074 3490 men
1090 3436 1216 3492 adducat
1230 3454 1236 3491 ε
1249 3437 1399 3508 quiadum
1420 3439 1498 3508 iusto
1521 3437 1650 3510 amplius
1664 3438 1830 3508 irascimur,

130 3543 189 3599 que
201 3529 274 3585 508
288 3527 330 3583 ait
346 3543 353 3580 ε
371 3549 384 3576 n
399 3525 498 3598 Neque
513 3525 591 3581 enim
603 3525 732 3597 judicavi
748 3541 794 3580 me
810 3525 883 3581 scire
900 3523 952 3580 ali·
1007 3530 1035 3580 et
1050 3523 1187 3580 volumus
1201 3523 1331 3579 alienum
1347 3541 1479 3581 coercere
1505 3533 1669 3597 peceatum,
1698 3528 1832 3601 graviora

129 3615 203 3686 quid
218 3616 292 3671 inter
307 3615 427 3678 vos,nisi
441 3612 590 3670 Christum
605 3613 621 3668 J
625 3629 718 3679 esum,
730 3618 758 3668 ct
772 3613 851 3669 hunc
864 3613 952 3669 cruci·
1007 3615 1126 3685 peccate
1138 3611 1361 3668 committimus.
1378 3613 1444 3669 ldeo
1460 3614 1619 3687 Apostolus
1635 3633 1642 3672 :
1660 3640 1674 3666 a
1691 3617 1754 3672 Non
1779 3633 1831 3672 ros

130 3703 251 3774 fixum(l
265 3703 325 3758 Cor.
343 3719 374 3770 u,
389 3703 426 3774 2).
446 3724 460 3751 1>
475 3703 510 3757 Et
525 3703 598 3757 bene
613 3717 717 3757 aureos
739 3701 855 3774 accipit,
884 3701 953 3774 quia
1007 3698 1222 3774 ipsos,inquit,
1246 3699 1438 3767 vindicantes,
1468 3701 1659 3761 charissimi:
1685 3706 1736 3760 sed
1765 3704 1831 3761 date

130 3808 191 3847 non
207 3793 234 3848 in
251 3791 392 3849 suasoriis
408 3791 542 3846 hnmana
553 3788 703 3864 sapientia
719 3788 824 3858 verbis,
855 3790 905 3846 scd
922 3790 952 3844 in
1007 3789 1104 3846 locum
1120 3789 1169 3844 ira
1185 3790 1272 3860 (Rom.
1286 3805 1337 3858 arr,
1360 3788 1410 3857 19),
1427 3789 1482 3845 hoc
1497 3790 1738 3856 est,declinemus
1754 3809 1830 3859 eam,

130 3881 296 3936 ostensione
320 3878 443 3952 spiritus
471 3877 656 3952 predicabat.
692 3876 826 3950 Quinque
854 3882 952 3934 autern
1008 3895 1044 3934 ne
1060 3894 1114 3934 nos
1125 3877 1176 3934 illa
1190 3877 1337 3952 corripiat.
1354 3877 1435 3934 Unde
1446 3878 1591 3936 Dominus
1618 3879 1708 3936 lesus
1733 3880 1832 3936 diruit-

132 3966 222 4030 stolas
237 3969 352 4041 accipit,
367 3965 412 4024 vel
429 3967 577 4042 sapientiae
593 3964 770 4038 multiplices
782 3965 952 4039 disciplinas
1006 3971 1083 4033 tens,
1100 3967 1135 4022 ed
1152 3967 1409 4040 evangelizandum
1425 3965 1596 4039 discipulos,
1614 3965 1693 4023 misit
1708 3985 1757 4024 eos
1768 3968 1832 4024 sine

132 4055 176 4111 vel
191 4057 264 4128 quod
276 4055 367 4112 nullis
382 4073 503 4113 sensum
518 4055 712 4127 corporalium
729 4059 830 4127 captus
854 4055 952 4112 illecc·
1007 4072 1088 4122 auro,
1105 4055 1168 4111 sine
1179 4058 1308 4129 argento,
1335 4056 1400 4112 sine
1415 4055 1548 4129 pecunia,
1565 4055 1629 4112 sine
1657 4073 1737 4129 pera,
1768 4055 1832 4112 sine

131 4143 204 4214 bris,
221 4146 269 4202 ubi
284 4144 350 4201 aliis
362 4144 537 4217 periculum,
554 4143 613 4199 illic
639 4147 750 4199 teneret
774 4143 926 4200 victoriam
943 4163 950 4213 ς
1006 4143 1097 4216 virga,
1109 4144 1137 4198 id
1152 4148 1206 4210 est,
1223 4149 1256 4199 ut
1269 4147 1298 4200 et
1312 4144 1457 4200 incentiva
1482 4143 1552 4214 litis,
1568 4149 1596 4200 et
1631 4145 1841 4202 instrumenta·

133 4234 184 4302 qui
201 4251 300 4291 omnes
315 4233 478 4306 voluptates
492 4234 589 4290 carnis
614 4231 757 4305 singulari
773 4233 952 4291 continentia
1005 4233 1129 4302 eriperet
1150 4231 1279 4288 ultionis.

133 4325 162 4376 et
173 4323 279 4380 virtute
294 4327 454 4396 superaret,
472 4323 556 4393 ouju's
580 4321 730 4394 ingenium
760 4321 951 4394 studiumque
1040 4322 1085 4376 79,
1105 4321 1383 4389 «htasccndnrunt,
1401 4321 1752 4395 inquit,deAEgypto,et
1781 4339 1830 4378 ve·

133 4409 215 4466 nulla
228 4411 356 4484 corporis
371 4412 521 4467 hebetaret
537 4409 704 4476 infirmitas,
722 4410 773 4480 qui
788 4427 857 4466 cum
872 4416 950 4467 esset
1006 4410 1372 4466 nerunt5tltlintcrram
1393 4410 1530 4466 Chanaan
1547 4411 1581 4466 ad
1598 4411 1689 4467 dacels
1718 4415 1831 4484 patrem

133 4494 163 4553 in
178 4515 305 4573 corpore,
318 4517 425 4572 corpus
440 4515 471 4554 se
486 4498 593 4554 habere
608 4497 876 4570 nesciret.Denique
888 4516 951 4573 rap·
1006 4515 1093 4554 suum
1110 4517 1117 4567 ;
1134 4502 1163 4554 et
1179 4498 1387 4554 nuntiaverunt
1402 4497 1444 4552 illi
1460 4499 1590 4556 dicentes
1607 4517 1614 4553 z
1633 4501 1707 4566 Quia
1721 4499 1830 4574 Joseph

134 4589 181 4643 tus
196 4589 224 4645 in
238 4589 420 4663 paradisum,
443 4588 547 4644 sivein
563 4602 692 4658 corpore,
709 4586 769 4642 sive
784 4591 865 4643 extra
888 4605 950 4644 cor·
967 4609 990 4672 D
1006 4585 1084 4642 filius
1099 4591 1169 4642 tuus
1183 4586 1252 4641 vivit
1268 4591 1297 4641 et
1313 4586 1375 4658 ipss
1389 4590 1434 4642 est
1449 4587 1585 4661 princeps
1618 4590 1710 4644 totius
1747 4594 1829 4645 terrm

135 4690 189 4745 pua
204 4679 334 4735 nesciens
349 4677 460 4733 audivit
476 4676 562 4731 verba
586 4673 753 4738 ineffabilia,
783 4691 846 4746 qum
871 4671 951 4746 loqui
1004 4675 1118 4748 AEgypti
1135 4678 1213 4746 (Cera.
1229 4692 1291 4741 xcv,
1304 4676 1349 4741 25,
1365 4676 1422 4747 26).
1439 4699 1454 4725 n
1472 4676 1539 4740 Oua
1555 4682 1600 4732 cst
1615 4683 1692 4734 terra
1714 4678 1831 4734 Chana-

136 4760 242 4822 homini
258 4783 315 4822 non
330 4765 431 4822 liceret
447 4783 453 4820 :
469 4764 520 4836 qui
541 4767 687 4836 postremo
703 4761 775 4816 nihil
805 4771 949 4818 terrenum
1005 4781 1041 4819 an
1053 4764 1067 4818 ‘l
1080 4763 1147 4828 Qum
1159 4764 1291 4819 nutabat.
1309 4763 1382 4831 Quid
1396 4764 1487 4836 igitur
1499 4769 1560 4821 tana
1587 4766 1717 4830 evidens,
1740 4781 1828 4837 quam

137 4850 222 4909 oleret
236 4854 373 4926 interris,
392 4855 468 4910 sicut
483 4854 546 4926 ipse
561 4853 644 4907 docet
668 4851 767 4908 dicens
798 4869 804 4906 :
835 4876 849 4902 α
879 4853 952 4918 Onia
1004 4852 1830 4927 apostolurumtemporadesignari‘louiingressiJndre·

139 4938 236 5000 Christi
252 4945 345 5000 honus
379 4944 451 4999 odor
478 4958 582 4998 sumus
607 4941 665 4996 Deo
687 4940 715 4994 in
749 4940 850 5014 iisqui
880 4942 951 4998 salvi
1005 4959 1089 4997 nrum
1106 4957 1269 5015 synagogas
1285 4946 1432 5008 nutantes,
1448 4943 1566 4999 Domini
1580 4943 1651 4998 lesu
1668 4941 1829 5013 potentiam

140 5027 207 5085 liunt
220 5033 256 5104 (ll
264 5033 325 5090 Cor.
342 5051 372 5102 rr,
391 5033 446 5104 15).
1004 5029 1291 5101 praedicabantsicut
1302 5031 1446 5088 habemns
1457 5031 1487 5086 in
1497 5029 1827 5102 Actibnsspnstolorum

172 5191 223 5263 (fri)
233 5192 339 5249 Omnes
354 5193 424 5249 edit.
439 5208 471 5247 ac
486 5207 558 5247 mss.
573 5189 693 5262 aliquot,
711 5191 743 5244 Et
762 5191 951 5258 attipnrl’na-
1042 5191 1099 5262 (55)
1115 5190 1169 5245 Per
1183 5190 1335 5262 mysticam
1352 5194 1382 5246 et
1397 5188 1536 5246 moralem
1567 5188 1673 5244 stolam
1700 5188 1831 5262 intellige

143 5259 200 5316 lam.
217 5263 270 5319 alii
287 5281 347 5320 non
362 5263 458 5336 pauci,
475 5279 527 5318 nec
542 5264 695 5334 postrema
711 5265 797 5325 notes,
811 5263 952 5332 arntteqnt
1006 5261 1161 5334 mysticam
1177 5269 1206 5316 et
1222 5261 1363 5316 moralem
1379 5262 1598 5333 scripturarum
1612 5260 1828 5332 interpretatio-

143 5332 258 5390 Ponlum.
272 5335 332 5392 Hoc
346 5343 444 5391 autem
458 5335 521 5390 ideo
537 5332 676 5388 duximus
693 5331 758 5387 aliis
774 5337 952 5403 anteponen·
1009 5351 1087 5389 nem.

144 5401 282 5478 d0s‚qu0d
299 5407 462 5478 Benjamin,
478 5405 528 5477 qui
540 5402 620 5460 Pauli
635 5404 809 5476 figuraerat,
825 5421 954 5461 nonme·
1044 5404 1099 5475 (56)
1116 5404 1186 5459 Mss.
1204 5402 1308 5527 maperi
1325 5405 1489 5457 numeroet
1517 5401 1700 5470 anctoritate,
1730 5403 1831 5471 altipa-

146 5483 264 5534 moretur
278 5483 345 5551 post
364 5477 440 5532 hunc
455 5475 634 5549 agnitionem
655 5473 951 5558 mutunmalligatus;
1008 5473 1203 5531 rnrdncnrdia
1220 5491 1230 5536 ,·
1270 5472 1367 5537 hooc..
1389 5473 1604 5535 misericordia:
1626 5473 1738 5547 Benig,
1767 5491 1831 5531 coa-

145 5547 280 5605 etPeulus
294 5550 429 5622 ipserum
449 5550 506 5621 ejas
529 5547 601 5602 dicto
630 5545 954 5672 depromuntur,mrnns
1006 5546 1112 5603 cordio.
1129 5543 1210 5611 Quod
1225 5541 1360 5598 ultimum
1384 5559 1569 5616 nequaquam
1598 5544 1744 5616 displicet.
1775 5545 1831 5602 Alii

146 5623 206 5675 recte
222 5622 368 5677 diceretur
381 5621 507 5689 alligari,
524 5634 613 5690 quam
630 5618 657 5673 nl
671 5619 757 5688 apori,
774 5615 894 5684 honest,
912 5619 952 5675 le·
1008 5622 1106 5674 tamen
1121 5615 1242 5687 aliquot,
1255 5619 1284 5669 ct
1298 5613 1366 5667 (εάἱ).
1386 5631 1498 5683 ornares,
1519 5617 1661 5688 obtegatur
1684 5615 1830 5673 discordia.

148 5694 216 5758 gatus
231 5692 317 5748 mitti.
1009 5689 1043 5745 lle
1053 5689 1109 5746 hoc
1124 5687 1367 5759 magisgcongruit
1381 5702 1448 5742 cum
1468 5688 1670 5760 sequentihus.
