4159 6184
153 324 220 400 aba
813 332 929 401 LIBER
950 332 1001 399 us
1023 330 1232 405 remorso.
1814 330 1874 403 306

153 468 265 525 Adam.
282 464 313 524 Si
328 482 386 524 aaa
399 460 553 541 parvulus,
570 462 733 529 ascribitur
747 466 850 542 utique
864 469 889 526 ci
906 468 990 542 qnasi
1005 470 1174 544 Aparadiso
1186 472 1259 528 dicit
1272 468 1361 529 Deus:
1377 468 1438 529 Nou
1451 469 1654 531 manducabitis
1677 486 1713 531 ca·
1736 484 1766 531 co
1793 472 1871 546 (Gau.

153 576 216 615 non
237 555 361 631 parvulo
388 562 552 631 peccatum,
578 560 606 616 si
636 564 793 635 peccatum
822 558 988 628 ascribitur,
1047 578 1090 625 111,
1106 564 1133 615 2.
1150 560 1187 633 3).
1205 563 1247 617 lta
1261 578 1330 635 ergo
1346 562 1456 618 sciebat
1479 562 1676 620 obediendum
1700 576 1765 620 esse
1788 576 1871 617 man·

154 647 576 720 sequiturpoanapeocatum,
606 650 677 721 quia
707 648 816 720 dignus
845 647 992 703 invonitur
1047 648 1125 715 dato,
1141 654 1174 705 ut
1188 650 1317 708 diceret:
1334 652 1373 706 Ex
1387 652 1468 706 omni
1493 652 1591 708 fructu
1615 650 1871 718 manducabimus,

152 753 256 811 poena,
273 734 324 808 qui
346 741 500 808 peccatum
527 736 622 793 vitare
649 754 708 793 non
742 735 907 809 procuravit
923 736 989 807 (36).

154 825 260 881 Potest
270 824 358 881 etiam
376 824 437 879 lieri
462 828 496 880 ut
518 825 607 882 etiam
623 826 672 899 qui
691 825 847 882 scientiam
863 842 920 881 non
936 824 991 880 ba-

153 914 206 969 bet
218 912 289 969 boni
306 916 336 968 et
350 911 431 980 mali,
448 913 586 986 parvulus
603 930 660 971 non
673 912 713 970 eit
726 931 733 969 :
747 915 886 987 quoniam
897 914 991 987 prius-

152 1018 247 1075 quam
264 999 348 1057 scivit
362 1016 435 1073 puer
460 1002 570 1058 bonum
587 1010 614 1059 et
643 1002 757 1059 malum
783 1004 848 1075 (lca.
865 1020 915 1071 vn,
935 1004 988 1073 lli),

152 1107 215 1147 aon
233 1088 359 1145 credidit
372 1088 502 1146 malitias.
518 1092 553 1146 st
569 1091 674 1147 iterum
691 1091 802 1147 habes:
819 1094 888 1161 Quia
896 1094 989 1163 prius-

1046 737 1124 811 quod
1140 738 1283 795 Dominus
1297 738 1510 811 imperaverat:
1528 741 1564 796 de
1577 740 1657 813 ligno
1673 743 1771 796 auum
1793 736 1872 811 quod

1045 826 1134 881 estin
1151 827 1247 883 medio
1261 828 1408 901 paradiso,
1424 827 1601 901 imperatum
1618 846 1634 884 a
1649 827 1708 886 Deo
1724 828 1795 883 dicit
1814 842 1872 882 aon

1045 931 1110 972 esse
1125 917 1315 989 gustandum,
1329 933 1366 972 ns
1380 920 1473 972 morte
1490 919 1682 973 morerentur.
1703 918 1777 989 Ergo
1803 914 1873 987 quia

1045 1004 1129 1059 scivit
1144 1005 1333 1061 deferendum
1349 1021 1415 1061 esse
1430 1006 1568 1061 mandato
1584 1006 1651 1077 (38),
1669 1005 1752 1061 scivit
1770 1004 1873 1075 utique

1044 1092 1157 1149 malum
1168 1110 1232 1149 esse
1247 1092 1440 1166 prevaricari,
1457 1096 1486 1149 et
1499 1092 1564 1149 ideo
1582 1094 1663 1165 juste
1683 1092 1873 1165 prevaricata

152 1180 326 1253 quamsciot
352 1194 424 1249 puer
452 1195 547 1235 vocare
573 1188 691 1251 patrem,
717 1182 832 1251 accipiet
856 1182 990 1236 virtutem
1044 1182 1215 1237 damnatur.

151 1268 299 1333 Damasci,
312 1270 338 1322 et
352 1268 441 1339 spotia
455 1268 593 1325 Samaria
606 1268 669 1340 (isa.
686 1286 749 1336 vm,
766 1269 803 1340 l).
836 1269 988 1325 Perfectus
1079 1270 1123 1326 33.
1140 1269 1269 1342 Accipite
1285 1270 1384 1326 aliud:
1400 1269 1430 1325 Si
1446 1268 1610 1341 assumptio
1626 1270 1662 1325 de
1681 1268 1763 1341 liguo
1779 1267 1873 1323 seien-

151 1356 293 1431 ergoqui
311 1358 451 1429 operatur
478 1356 600 1424 bonum,
617 1356 705 1413 etiam
723 1356 747 1412 si
777 1356 890 1413 boniet
917 1357 988 1413 mali
1043 1358 1174 1415 tiaboni
1208 1364 1236 1415 et
1269 1358 1337 1415 mali
1372 1358 1413 1413 ita
1444 1357 1609 1429 operatoria
1623 1360 1695 1422 erat,
1712 1359 1746 1413 ut
1759 1356 1871 1411 bonum

150 1444 387 1503 seientiamnoa
417 1443 539 1517 adeptus
569 1444 666 1513 sit‚ut
691 1443 777 1501 multi
810 1444 986 1518 priusquam
1043 1452 1073 1503 et
1092 1447 1203 1503 malum
1223 1450 1448 1520 agnosceretur3
1471 1446 1549 1519 quod
1573 1446 1689 1501 videtur
1717 1444 1869 1517 Scriptura

150 1531 815 1607 scieutlegem,ipsisibilexsunttllom.n,
834 1534 988 1606 ll).Quod
1043 1537 1207 1601 ostendere,
1227 1535 1297 1591 dum
1330 1534 1421 1590 dicit:
1455 1534 1529 1599 Quia
1557 1532 1609 1589 ubi
1636 1532 1872 1588 manducaverant

149 1621 317 1694 apostolus
346 1621 519 1694 priusquam
548 1621 686 1677 diceret:
718 1626 780 1680 Noa
816 1625 988 1696 concupisces
1042 1627 1132 1690 ambo,
1149 1627 1314 1696 apertiaaat
1331 1624 1527 1692 ocutieorum,
1547 1624 1574 1677 et
1595 1625 1780 1691 coposuerunt
1802 1621 1873 1692 quod

148 1712 314 1785 (liamvrv,
344 1712 386 1781 7),
417 1709 527 1766 malum
554 1726 619 1766 esse
645 1712 915 1783 concupiscentiam
936 1726 986 1766 ne·
1041 1712 1344 1784 nudieasmt(ltid.d
1377 1710 1464 1781 ct7t:
1499 1710 1555 1765 hac
1587 1714 1642 1777 est,
1676 1709 1770 1781 aperti
1803 1712 1873 1765 sunt

151 1800 278 1857 sciebat.
292 1798 427 1870 Denique
454 1798 517 1870 ipse
532 1798 594 1854 ait:
625 1800 770 1855 Peccatum
795 1816 849 1855 nea
875 1802 989 1871 capanei
1005 1836 1027 1901 B
1043 1801 1120 1857 oculi
1136 1802 1243 1867 cordis,
1259 1804 1287 1855 et
1308 1806 1505 1872 cognoverunt
1524 1802 1610 1870 turpe
1633 1813 1697 1853 esse
1721 1796 1818 1853 nudos
1841 1813 1872 1853 se

149 1891 213 1946 nisi
226 1905 277 1961 per
304 1888 401 1959 tepea.
418 1886 487 1943 Nam
500 1888 678 1958 concupiscere
690 1890 757 1944 tiam
770 1889 993 1956 nesciebammc‘ai
1045 1890 1169 1962 degere:
1186 1891 1249 1945 siae
1262 1888 1351 1945 dubio
1373 1885 1423 1942 ubi
1449 1886 1578 1959 gustavit
1603 1884 1710 1941 mulier
1733 1884 1769 1940 dc
1793 1884 1872 1957 ligno

150 1980 199 2035 aa
211 1978 336 2033 diceret:
354 1975 412 2031 Non
435 1978 608 2048 corrcupisces
625 1976 727 2049 (itia).
744 1978 786 2033 Ad
803 1993 895 2049 quam
920 1994 985 2051 par·

149 2072 214 2124 tem
229 2062 321 2121 etiam
338 2079 413 2137 puer
426 2068 522 2136 potest
537 2080 603 2120 essa
620 2064 766 2135 periectas
778 2066 847 2137 jure
867 2070 988 2133 natura,

148 2156 332 2229 priusquam
348 2150 420 2208 sciat
435 2152 704 2225 concupiscentiam
718 2153 828 2209 crimea
847 2170 922 2224 esse,
940 2154 984 2210 vel

151 2240 402 2316 concupiscentias
418 2241 530 2298 crimen
553 2240 699 2297 admittat.
720 2242 794 2313 lingo
823 2243 987 2299 secundum

151 2330 389 2407 perfunctoriam
406 2328 559 2385 scientiam
576 2328 671 2385 noluit
685 2330 762 2387 Dens
777 2332 823 2399 (37
837 2331 988 2387 hominem

155 2421 237 2479 scire
252 2420 327 2492 quod
346 2416 456 2474 malum
472 2422 527 2486 est,
544 2434 581 2475 ne
597 2416 681 2489 quasi
698 2418 886 2491 imperfectus
897 2420 988 2477 vitare

155 2525 219 2567 non
235 2511 344 2581 posset.
358 2505 593 2563 Nouobediendo
604 2510 702 2561 autem
714 2507 986 2563 mandatoincnrri-

154 2614 225 2653 mus
241 2598 271 2652 ia
287 2594 404 2667 culpam
416 2612 422 2649 :
435 2611 504 2669 ergo
521 2594 639 2667 culpam
655 2594 790 2651 latemur.
807 2596 920 2652 Rursus
936 2614 986 2652 au-

151 2690 214 2743 tem
231 2684 258 2741 si
273 2682 363 2740 almm
375 2688 404 2739 et
414 2683 592 2756 profundam
609 2681 685 2739 158
696 2682 847 2739 scientiam
860 2683 986 2740 dietmus

151 2774 224 2831 boni
235 2776 265 2830 et
280 2772 362 2843 mali,
379 2789 441 2845 qua
457 2771 578 2845 quidem
596 2770 742 2841 profunda
764 2772 887 2827 scientia
914 2790 983 2846 per·

153 2865 267 2920 lectum
279 2861 349 2918 lacit
361 2878 367 2915 :
380 2878 436 2917 non
452 2860 554 2917 statim
568 2862 667 2916 autem
684 2859 822 2933 parvulus
834 2862 884 2933 qui
900 2863 936 2917 ad
947 2861 986 2917 al-

152 2960 216 3009 tam
234 2950 448 3025 etprosuudam
465 2947 621 3005 scientiam
637 2948 786 3019 pervenire
801 2965 859 3004 aon
879 2950 984 3021 potuit,

1044 1977 1173 2034 scientia
1187 1977 1256 2033 boni
1272 1980 1300 2033 et
1315 1974 1396 2042 mali,
1412 1974 1542 2048 peccavit
1554 1977 1582 2029 et
1605 1988 1637 2029 se
1660 1988 1799 2043 peccasse
1824 1988 1873 2028 eo·

1044 2066 1153 2141 gnovit.
1169 2067 1238 2130 Qua
1270 2065 1360 2139 igitar
1392 2080 1424 2119 se
1454 2077 1590 2135 peccasse
1619 2064 1804 2134 cognoverat,
1826 2058 1872 2116 vel

1042 2154 1138 2211 virum
1153 2156 1190 2211 ad
1206 2154 1317 2227 peccati
1332 2150 1571 2209 communionem
1586 2150 1711 2205 invitare
1735 2164 1795 2205 noa
1819 2148 1872 2203 de-

1043 2244 1118 2300 buit.
1133 2242 1281 2299 llliciendo
1291 2245 1389 2298 summ
1403 2240 1510 2305 virum,
1521 2238 1658 2303 etdaado
1672 2238 1699 2294 ei
1715 2237 1793 2311 quod
1805 2236 1872 2308 ipsa

1042 2335 1219 2405 gustaverat,
1245 2348 1303 2388 aon
1330 2330 1442 2396 vitavit,
1475 2328 1527 2383 sed
1556 2324 1671 2383 iteravit
1703 2328 1870 2400 peccatum.

1040 2422 1115 2476 Nam
1131 2421 1233 2492 utique
1249 2421 1273 2475 si
1288 2434 1354 2475 vera
1373 2418 1518 2473 rationem
1535 2420 1660 2489 spectes,
1685 2432 1754 2471 eum
1782 2424 1872 2484 quem

1041 2509 1192 2583 diligebat,
1209 2525 1266 2563 noa
1281 2507 1397 2564 trabere
1420 2507 1456 2562 ad
1487 2503 1667 2561 consortium
1691 2518 1797 2577 piena,
1822 2495 1875 2552 sed

1041 2598 1138 2671 magis
1153 2598 1189 2654 ab
1203 2613 1236 2653 eo
1252 2596 1330 2669 quod
1346 2597 1521 2668 cognoverat
1535 2593 1599 2666 ipsa
1613 2608 1679 2648 esse
1703 2590 1874 2665 peccatum,

1040 2686 1084 2742 vol
1108 2686 1282 2742 inscientem
1312 2699 1447 2739 revocare
1480 2682 1637 2750 debuerat3
1668 2675 1811 2753 quamvis
1834 2670 1877 2727 vi·

1040 2776 1146 2832 deatur
1159 2775 1221 2829 brec
1236 2772 1342 2828 mulier
1357 2772 1453 2827 sciens
1469 2770 1546 2843 quod
1561 2773 1628 2842 past
1641 2768 1766 2840 eulpam
1783 2763 1815 2819 in
1830 2776 1879 2835 pa-

1041 2864 1139 2921 radiso
1155 2880 1291 2919 essenon
1308 2866 1418 2935 posset,
1434 2859 1576 2916 metuisse
1591 2874 1627 2914 ne
1642 2857 1706 2914 sota
1728 2856 1773 2911 de
1797 2870 1879 2930 para·

1042 2952 1106 3009 diso
1116 2954 1280 3024 ejiceretur.
1291 2949 1422 3021 Denique
1433 2949 1649 3005 absconderunt
1657 2963 1690 3003 se
1705 2946 1806 3006 ambo
1817 2951 1882 3024 post

153 3044 235 3099 recte
251 3040 328 3096 sicut
341 3055 398 3094 non
414 3036 557 3111 parvulus
572 3037 793 3094 condemnatur.

189 3131 237 3185 32.
254 3132 363 3185 Iterum
389 3126 569 3199 questiones
596 3128 716 3180 seruat:
733 3126 786 3190 Qui
816 3127 920 3195 nescit,
940 3127 984 3183 in·
1041 3130 1190 3187 consortia
1205 3127 1259 3183 viri
1275 3143 1362 3199 quem
1378 3125 1528 3200 diligabat,
1545 3125 1640 3183 noluit
1654 3124 1840 3192 defraudari,

152 3197 1020 3291 quianubonumecmalum,ncipsumquidemnovnsi
1074 3215 1455 3287 34.lterumaacipe:Non
1489 3213 1615 3286 cognitio
1648 3212 1719 3269 muli
1758 3222 1872 3282 malum

153 3322 222 3366 esse
238 3303 349 3363 malum
364 3318 550 3359 conservare
567 3300 806 3367 mandatum‚nec
819 3303 916 3375 ipsum
933 3304 982 3359 bo·
1040 3306 1115 3364 m
1125 3312 1170 3363 est
1182 3323 1189 3375 ;
1201 3305 1251 3360 sed
1263 3320 1330 3359 cum
1341 3307 1424 3359 actus
1435 3301 1537 3375 implet
1549 3300 1703 3358 malitiam.
1713 3300 1779 3362 Noa
1790 3312 1870 3370 enim

154 3412 231 3452 num
249 3393 336 3462 navit,
350 3392 427 3465 quod
444 3394 489 3448 est
504 3388 623 3446 obedire
634 3390 818 3446 mandarant
834 3390 897 3448 idco
913 3392 983 3465 quia
1037 3396 1139 3450 statim
1154 3394 1205 3467 qni
1222 3391 1301 3448 novit
1314 3390 1437 3459 malum,
1459 3392 1537 3463 quod
1562 3390 1674 3447 malum
1698 3393 1755 3458 est,
1781 3395 1866 3454 iacit:

155 3500 217 3541 non
234 3486 361 3549 noverat,
376 3480 471 3546 venia,
487 3478 637 3551 inquiunt,
652 3477 759 3549 dignus
775 3478 829 3534 luit
844 3479 895 3551 qui
924 3497 983 3537 non
1038 3483 1090 3538 sed
1106 3484 1155 3555 qui
1172 3481 1249 3553 quod
1262 3480 1374 3536 malum
1390 3496 1454 3535 esse
1478 3480 1568 3549 novit,
1591 3483 1744 3553 operatua
1765 3484 1866 3540 lacea-

155 3571 297 3639 obedivit,
313 3587 371 3626 noa
387 3565 712 3629 condemnationetlue
727 3566 845 3638 quidem
862 3568 983 3639 questio
1037 3571 1132 3626 tivum
1147 3574 1245 3625 autem
1260 3567 1489 3639 adoperandum
1504 3568 1582 3639 quod
1601 3567 1713 3623 malum
1735 3573 1793 3640 est,
1813 3575 1865 3627 aut

155 3656 651 3726 dobisabsolutioaembabstquae
665 3658 732 3710 aute
743 3656 982 3712 memoravimus.
1037 3655 1414 3726 iracundia‚autcupiditas
1429 3670 1494 3710 esse
1510 3657 1671 3711 cousuevit.
1687 3656 1746 3713 Nec
1763 3659 1865 3715 statim

155 3748 348 3805 considerare
363 3747 441 3802 enim
457 3743 556 3818 potuit
585 3742 673 3797 homo
697 3758 730 3797 ex
759 3742 796 3797 iis
823 3758 889 3814 quae
908 3748 985 3801 Deus
1039 3762 1168 3814 necessa,
1185 3743 1343 3799 athabeos
1358 3742 1511 3798 scientiam
1527 3743 1597 3798 mati
1614 3743 1865 3816 iaciatquadim-

158 3842 229 3896 ante
243 3836 268 3892 ei
283 3834 455 3903 contulerat,
473 3832 553 3907 quod
581 3830 811 3886 insulllstionem
839 3832 890 3888 Dei
907 3848 985 3888 acco·
1040 3836 1165 3908 probum
1182 3832 1272 3898 novit,
1298 3828 1354 3885 nisi
1379 3834 1430 3885 aut
1453 3829 1606 3886 iracundia
1630 3836 1682 3886 aut
1706 3831 1865 3905 cupiditate

158 3926 214 4001 pit,
230 3925 306 3997 quod
321 3926 383 3981 erat
396 3924 427 3979 ia
442 3920 580 3995 paradiso
595 3918 752 3991 voluptatis
768 3918 889 3989 locatus,
907 3936 986 3977 sum·
1039 3924 1184 3980 viaeatur.
1196 3920 1277 3977 Unde
1292 3919 1368 3991 quod
1380 3917 1699 3974 diximusiacentivum
1712 3917 1863 3990 peccandi,

159 4030 242 4070 mam
256 4012 363 4069 auctori
380 4010 580 4067 obedientiam
609 4006 805 4063 deferendum.
831 4008 865 4064 st
879 4010 944 4065 ideo
960 4010 985 4065 si
1039 4012 1083 4069 vel
1098 4014 1152 4079 ira,
1167 4009 1210 4066 vel
1226 4007 1372 4080 cupiditas
1387 4010 1442 4072 est,
1461 4004 1507 4061 vel
1531 4004 1706 4077 plerumque
1728 4003 1863 4074 formido,

159 4103 221 4157 vim
238 4100 384 4157 nesciebat
400 4098 513 4156 boniet
529 4094 620 4163 mali;
637 4098 735 4152 tamea
749 4096 818 4167 quis
837 4100 986 4154 tantorum
1041 4102 1109 4157 licet
1123 4118 1157 4155 cx
1172 4096 1326 4154 tormidine
1336 4095 1448 4151 oriatur
1459 4093 1616 4167 cupiditas,
1626 4092 1868 4163 damnansquis-

161 4183 680 4260 auctordixeratdelignosoieutiae
703 4183 814 4240 boniet
843 4185 986 4242 malinon
1043 4205 1099 4262 qne
1112 4187 1176 4243 vult
1189 4186 1281 4241 vitare
1314 4183 1391 4255 quod
1425 4181 1539 4239 metuit.
1556 4182 1592 4237 st
1623 4181 1688 4237 ideo
1713 4183 1789 4236 recte
1807 4179 1867 4237 ira·

161 4294 229 4335 esse
244 4276 433 4350 gustandum,
450 4274 540 4329 ssdem
556 4271 725 4344 preceptori
741 4288 856 4329 servare
879 4273 986 4329 debus·
1043 4276 1181 4333 cundiam
1197 4278 1226 4330 et
1240 4272 1430 4345 cupiditatem
1456 4272 1581 4325 duorum
1606 4268 1787 4341 reliquorum
1810 4268 1868 4340 (39)

162 4370 220 4422 rat.
236 4364 299 4421 Nau
314 4364 391 4421 enim
407 4363 444 4418 ab
456 4378 489 4418 eo
505 4358 619 4434 peritia,
635 4360 685 4415 sed
708 4360 780 4417 fides
809 4361 986 4434 exigebatur.
1044 4364 1198 4438 posuimus
1213 4361 1359 4417 incentiva
1372 4358 1521 4414 vitiorum.
1537 4358 1764 4415 Consideremus
1778 4356 1870 4429 igitur

160 4450 345 4526 Intelligebat
366 4451 467 4523 utique
495 4450 590 4505 Deum
620 4448 758 4504 omnibus
786 4450 987 4522 praeminere,
1043 4459 1143 4510 utrum
1157 4452 1215 4507 Eva
1230 4450 1278 4505 his
1290 4448 1327 4504 ad
1341 4447 1445 4501 vitium
1460 4445 1591 4501 stimulis
1606 4446 1728 4501 incitata
1745 4443 1794 4501 sit.
1811 4445 1868 4501 Sed

161 4543 289 4613 ideoque
303 4555 458 4612 personam
471 4538 606 4610 jubentis
621 4541 752 4609 spectare
767 4538 954 4594 debueratblt
964 4539 989 4594 si
1004 4558 1027 4624 ὓ
1043 4557 1137 4614 neque
1152 4539 1333 4594 irascebatur
1350 4535 1467 4599 marito,
1491 4550 1585 4606 aeque
1611 4534 1771 4606 cupiditate
1792 4533 1870 4589 ncta

162 4648 223 4688 non
252 4628 435 4701 intelligebat
462 4626 523 4683 vim
554 4624 787 4699 qualitatemque
815 4626 987 4698 jussorum;
1045 4633 1103 4686 est:
1120 4630 1150 4683 in
1165 4625 1294 4683 secundo
1309 4624 1451 4679 duntaxat
1471 4625 1558 4691 errat,
1583 4626 1616 4677 ut
1638 4622 1784 4679 edendum
1807 4621 1869 4676 viro

163 4719 276 4777 sciebat
290 4721 387 4772 tamen
410 4714 578 4788 preceptori
607 4713 793 4770 deserendam
821 4730 885 4771 esso
913 4730 990 4771 reve·
1045 4719 1136 4785 daret,
1156 4714 1235 4787 quod
1256 4714 1320 4785 jam
1353 4711 1418 4784 ipsa
1451 4715 1626 4784 gustaverat.
1654 4710 1750 4766 Prima
1776 4709 1871 4763 luerat

164 4806 303 4865 rentiam.
319 4802 451 4859 Habebat
463 4803 494 4858 in
513 4807 620 4859 natura
639 4802 715 4858 banc
731 4802 908 4876 opinionem,
924 4807 952 4858 et
967 4804 992 4859 si
1046 4804 1192 4877 cupiditas
1208 4807 1309 4857 auctor
1330 4800 1437 4855 erroris
1453 4804 1481 4856 st
1512 4800 1577 4871 ipsa
1610 4798 1716 4864 ederet,
1741 4810 1868 4866 sequen·

167 4912 226 4953 aon
243 4892 371 4950 babebat
395 4890 543 4963 judicium
572 4890 641 4947 boni
670 4897 699 4948 at
723 4892 803 4947 mali.
819 4892 949 4964 Denique
963 4896 992 4948 et
1046 4888 1453 4965 tisquesuitcausapeccati.
1471 4888 1552 4955 Quod
1588 4886 1666 4941 anim
1692 4886 1868 4954 jamgusta-

164 4982 274 5040 mulier
288 4979 414 5053 serpenti
432 4977 520 5035 dixit:
536 4981 579 5036 Ec
592 4982 669 5036 omui
683 4980 757 5052 lipuo
770 4979 896 5052 paradisi
909 4996 991 5035 amn·
1044 4985 1136 5046 verat,
1152 4980 1319 5035 desiderare
1333 4994 1391 5034 nou
1422 4980 1551 5049 poterat:
1571 4977 1600 5029 ct
1619 4970 1777 5045 gustando,
1799 4968 1870 5027 mali

164 5071 344 5129 docebimus:
365 5067 397 5123 dc
410 5070 502 5139 fruma
515 5077 608 5125 autem
623 5069 696 5137 tipai
709 5068 779 5140 quod
792 5072 832 5123 cat
847 5070 878 5123 iu
902 5068 991 5125 acedia
1046 5070 1140 5125 suerat
1154 5068 1307 5125 scientiam
1328 5070 1493 5123 consecuta.
1524 5059 1634 5120 Malum
1668 5057 1759 5131 igitur
1791 5057 1870 5131 qaod

1047 5280 1117 5336 Mas.
1135 5280 1229 5346 Gem.,
1246 5274 1391 5346 Th.,Div.
1408 5276 1436 5329 et
1465 5271 1568 5336 Laod,
1583 5271 1653 5341 Erpa
1686 5270 1765 5325 sucu
1794 5268 1870 5339 dssc-

200 5286 261 5429 (36)
278 5282 348 5338 Mas.
365 5281 394 5335 et
407 5281 476 5337 edit.
494 5286 562 5353 vet,
575 5285 663 5339 vitare
677 5299 733 5339 aon
746 5284 844 5354 potuit.

202 5357 249 5429 (37
266 5348 574 5421 'Mss.Michaae1inus,
600 5354 630 5409 Bi
656 5395 674 5421 .,
705 5354 800 5421 Gem.,
815 5351 880 5416 Tb,
907 5352 993 5408 iratast
1045 5351 1160 5407 rendum
1174 5366 1230 5407 csse
1245 5348 1385 5403 mandato.
1399 5343 1497 5425 llich„
1518 5340 1706 5423 descreruium¹
1724 5356 1789 5425 nou·
1812 5353 1871 5395 csse

165 5432 249 5487 Dua.
266 5424 304 5480 M.
323 5421 537 5491 Lauduaensia
554 5429 583 5481 et
611 5370 679 5481 aiii.
708 5428 777 5491 vet,
807 5424 881 5478 nouit
911 5423 990 5479 Deus.
1045 5421 1217 5479 mandatum.
1233 5419 1363 5489 Denique
1377 5414 1447 5469 edit.
1464 5414 1560 5482 Rom,
1574 5413 1644 5484 Erpa
1657 5429 1706 5485 qur
1719 5422 1801 5467 saura
1818 5408 1869 5465 dc-

1042 3041 1171 3115 culpam.
1187 3038 1405 3096 Excludendam
1420 3036 1514 3109 igitur
1532 3053 1563 3093 se
1588 3052 1654 3092 esse
1678 3050 1878 3116 cognoscens,
1987 3081 1992 3093 .

166 5500 223 5557 alii
242 5510 316 5555 mss.
330 5498 358 5550 et
373 5494 459 5553 Rom.
475 5495 546 5551 edit.
564 5494 773 5564 melias,aotuit
787 5494 866 5549 Deus.

202 5570 261 5643 (38)
291 5567 333 5623 lta
349 5586 421 5627 mss.
438 5566 468 5623 S.
486 5566 568 5623 Remi
591 5566 621 5637 ii,
639 5584 673 5623 aa
687 5572 715 5623 S.
732 5562 914 5624 Theudorici.
927 5564 982 5621 Vet

165 5646 271 5700 autem
286 5638 368 5711 edit,
383 5642 456 5709 arao
469 5638 549 5695 aaut
579 5638 736 5710 cinaedum
751 5652 808 5695 esse
831 5636 993 5693 marimum

1047 5494 1193 5569 serendum
1207 5506 1263 5545 noa
1277 5502 1332 5543 esec
1345 5485 1488 5540 mandato.
1832 5549 1838 5562 Ι

1083 5566 1138 5638 (39)
1154 5563 1288 5618 Libenter
1311 5557 1483 5627 legeremus,
1512 5555 1566 5612 dua
1593 5554 1787 5627 reliquorum
1810 5549 1871 5615 mal

1049 5653 1121 5694 mss.
1137 5638 1165 5691 et
1175 5632 1244 5701 edit,
1256 5627 1457 5686 reclamarent.
